3359 5250
1932 359 2021 428 92

836 556 990 622 bent
1021 555 1275 623 soluere
1305 554 1716 640 chybriones.
1769 555 1921 623 Tali
1951 563 2171 623 tamen
2202 563 2430 627 tenore
2477 559 2890 648 interposito,
2922 562 3102 645 quod

833 663 890 730 si
925 664 1133 732 dictus
1163 664 1245 729 H.
1285 662 1517 731 Comes
1564 683 1684 748 pro
1733 663 1912 731 dicta
1942 671 2120 733 terra
2158 666 2388 751 aliqua
2439 668 2941 754 superueniente
2993 689 3102 735 ca-

832 772 1129 858 lumpnia
1181 791 1298 858 per
1348 773 1636 856 aliquem
1685 773 2107 860 impeteretur
2129 826 2147 859 ,
2198 774 2477 861 predicti
2527 775 2822 844 homines
2879 776 3098 864 ipsum

829 880 1181 951 defendere
1213 890 1606 951 tenerentur.
1657 883 1768 950 Ad
1804 885 1992 953 cuius
2022 883 2432 952 vendicionis
2481 891 2548 951 et
2578 884 2939 970 empcionis
2972 904 3103 952 me·

828 990 1100 1056 moriam
1130 989 1486 1077 pleniorem
1533 997 1598 1056 et
1629 989 2079 1059 inuiolabilem
2118 990 2514 1072 firmitatem,
2563 998 2900 1075 presentes
2928 990 3097 1060 litte-

823 1118 938 1166 ras
968 1118 1089 1183 pro
1121 1098 1493 1166 testimonio
1544 1097 1983 1167 concessimus
2014 1098 2222 1184 sigilli
2249 1097 2460 1165 nostri
2511 1098 2869 1166 munimine
2907 1101 3095 1169 robo-

828 1211 1029 1273 ratas.
1094 1207 1338 1273 Datum
1396 1225 1514 1293 per
1578 1225 1812 1272 manus
1864 1207 1907 1273 J
1911 1205 2187 1273 ohannis
2238 1205 2534 1272 Lectoris
2555 1256 2574 1291 ,
2640 1226 2811 1273 anno
2870 1208 3097 1291 gracie

824 1315 915 1380 Μο
934 1313 1064 1381 CC⁰
1090 1313 1314 1380 XXX⁰
1335 1315 1564 1380 V11110.
1615 1314 1995 1382 Venerabili
2030 1314 2101 1381 in
2133 1313 2394 1381 Christo
2443 1318 2636 1401 patre
2680 1320 2906 1383 nostro
2938 1314 3097 1383 Bar·

829 1422 1154 1490 tholomeo
1205 1423 1561 1509 Episcopo,
1608 1421 1890 1489 Henrico
1947 1422 2311 1508 Preposito‚
2367 1422 2735 1489 Laurencio
2786 1421 3091 1510 Cantore,

823 1529 1100 1617 Mathya
1130 1529 1416 1598 Custode
1453 1530 1904 1599 existentibus.

822 1726 892 1792 (A
918 1727 1213 1795 veszpremi
1237 1726 1495 1795 kaptalan
1519 1729 1740 1780 1346-ki
1765 1726 2074 1790 atiratab6L
2095 1729 2240 1794 mely
2257 1744 2292 1780 a
2311 1724 2444 1780 baro
2462 1725 2874 1794 Mednyanszky
2898 1726 3090 1781 csalaid

1485 1815 1708 1868 beezkoi
1732 1814 2103 1869 leveltaraban
2129 1815 2419 1882 Briztetik.)

1890 2646 2003 2713 61.

824 2846 920 2911 ΑΖ
949 2846 1147 2932 cyresi
1176 2844 1563 2909 konrentnek
1594 2841 2118 2928 bizonysdylevelc
2150 2842 2389 2908 Miklde
2421 2863 2619 2908 comes
2649 2843 3083 2930 vdyrendelke-

1703 2951 1957 3017 zeum.
2010 2952 2206 3021 1239.

1037 3147 1376 3218 Vniuersis
1396 3146 1640 3216 Christi
1671 3146 1971 3214 fidelibus
1991 3155 2127 3214 tam
2164 3146 2583 3233 presentibus
2613 3168 2811 3234 quam
2843 3146 3081 3214 futuris

822 3261 1192 3344 presentem
1252 3255 1568 3340 paginam
1615 3253 2007 3338 inspecturis
2056 3252 2259 3320 frater
2308 3254 2388 3321 A.
2441 3254 2653 3322 dictus
2701 3255 2932 3323 Abbas
2997 3255 3081 3322 de

732 3388 739 3395 ·
816 3365 1024 3449 Egres
1054 3370 1122 3429 et
1150 3360 1441 3429 eiusdem
1473 3361 1601 3444 locj
1638 3358 2014 3428 Conuentus
2043 3361 2325 3428 salutem
2369 3361 2439 3428 in
2471 3361 2733 3431 domino
2766 3361 2902 3430 uite
2931 3382 3076 3449 pre-

820 3470 1027 3539 sentis
1079 3478 1146 3539 et
1173 3468 1413 3537 future.
1466 3468 1746 3535 Nouerit
1774 3468 2174 3538 vniuersitas
2203 3475 2445 3556 uestra,
2504 3469 2683 3556 quod
2727 3489 2877 3537 cum
2906 3472 3079 3538 bone

818 3578 1129 3648 memorie
1178 3577 1259 3645 N.
1295 3575 1529 3644 Comes
1581 3575 1663 3642 de
1714 3574 2044 3663 Guedech,
2098 3578 2304 3646 frater
2333 3579 2410 3645 V.
2462 3576 2933 3664 Strigoniensis
2964 3579 3081 3644 Ar-

820 3685 1243 3773 chiepiscopi,
1283 3684 1612 3752 laboraret
1657 3683 1726 3750 in
1757 3685 2083 3769 extremis,
2116 3686 2195 3752 A.
2226 3693 2380 3753 tunc
2410 3687 2728 3771 temporis
2759 3686 3074 3768 Priorem,

816 3798 884 3864 S.
906 3794 1345 3881 Subpriorem,
1378 3794 1459 3860 Η.
1485 3792 1841 3861 Custodem
1872 3801 2163 3862 nostrum
2193 3794 2285 3861 ad
2320 3814 2395 3862 se
2423 3793 2581 3863 fecit
2598 3793 2912 3862 accersiri
2932 3813 3080 3861 con-

816 3901 1123 3985 fessione,
1156 3899 1333 3984 quod
1363 3899 1706 3967 salutifera
1736 3907 2158 3986 peccatorum
2176 3901 2502 3986 permissa
2533 3902 2788 3970 litteras
2826 3900 3079 3969 domini

815 4013 896 4077 A.
930 4014 996 4076 et
1025 4007 1098 4073 B.
1129 4008 1404 4092 Regum,
1454 4015 1520 4074 et
1551 4005 1839 4094 Capituli
1870 4007 2181 4076 Albensis
2232 4006 2478 4076 eisdem
2524 4008 2761 4079 obtulit
2788 4006 3080 4075 testimo·

813 4117 1046 4200 uiales,
1082 4114 1255 4200 quod
1272 4115 1428 4182 dum
1449 4116 1595 4202 ipse
1614 4116 1943 4202 prosperis
1975 4116 2191 4184 adhuc
2210 4115 2623 4184 habundaret
2640 4115 3076 4200 successibus,

811 4224 1393 4315 possessionesque
1445 4243 1599 4292 suas
1631 4231 1699 4289 et
1746 4223 1980 4310 predia
2022 4225 2093 4290 in
2135 4230 2414 4309 quatuor
2466 4231 2686 4309 partes
2736 4222 3077 4291 diuisisset

808 4333 1022 4400 tribus
1066 4332 1236 4415 filiis,
1271 4334 1462 4399 Isaac
1494 4331 1763 4414 scilicet,
1798 4332 2165 4401 Laurencio
2197 4338 2264 4399 et
2294 4331 2599 4415 Johanni,
2642 4337 2895 4419 partem
2924 4352 3075 4417 pro·

815 4440 1026 4527 priam
1059 4440 1325 4506 cuilibet
1356 4439 1800 4526 assignand03
1854 4462 1936 4507 ne
1968 4460 2082 4526 per
2114 4441 2254 4525 ejus
2285 4439 2530 4507 obitum
2569 4437 2902 4507 discordia
2930 4443 3076 4525 pul-

813 4550 1051 4616 lularet
1099 4551 1269 4616 inter
1292 4548 1550 4637 fratres,
1601 4557 1879 4635 excepta
1932 4557 2110 4617 terra
2139 4548 2354 4635 Houd,
2405 4568 2601 4633 quam
2631 4548 2776 4634 ipse
2824 4546 3079 4617 dimisit

807 4657 878 4724 in
909 4676 1283 4741 eommune;
1335 4666 1635 4740 quartam
1666 4665 1922 4743 partem
1970 4666 2188 4725 tamen
2217 4657 2425 4724 libere
2478 4656 2607 4724 sibi
2636 4663 3068 4742 rosei-nasset,
