3359 5250
1827 380 1913 446 '24

738 601 880 648 mus
932 582 1184 649 litteras
1215 581 1541 669 dupplicis
1571 583 1774 669 sigilli
1805 584 2015 655 nostri
2067 582 2419 651 munimine
2449 581 2813 651 roboratas.
2863 584 2991 650 Da-

736 700 871 759 tum
903 691 1216 776 Zegedini
1268 691 1335 759 in
1384 692 1617 777 vigilia
1647 693 1954 782 Symonis
2005 700 2071 760 et
2101 691 2142 759 J
2146 691 2273 760 ude
2310 691 2770 779 Apostolorum
2816 710 2990 760 anno

742 800 1003 868 Domini
1033 799 1376 870 millesimo
1406 801 1849 874 ducentesimo
1882 801 2208 870 tricesimo
2240 821 2432 870 nono,

737 994 1123 1066 (Borhartyara
1146 995 1222 1052 irt
1244 997 1564 1068 poldanyrol
1590 1017 1625 1054 a
1647 1018 1818 1055 nemz.
1858 1017 2103 1053 muzeum
2130 997 2231 1052 kez
2233 993 2593 1062 irattarabau,
2629 998 2875 1067 melyhez
2897 1004 2991 1052 vo·

734 1093 821 1140 ros
845 1087 1270 1154 selyemfonalon
1312 1107 1414 1157 pec
1384 1090 1582 1145 crestto
1584 1089 1723 1143 edelr
1750 1107 1856 1143 van
1884 1092 2173 1158 fflggeszv
2115 1096 2173 1144 tv
2176 1106 2222 1150 e,
2267 1090 2334 1141 de
2359 1106 2444 1140 me
2446 1089 2501 1157 ly
2530 1105 2653 1142 nem
2678 1103 2744 1141 aa
2769 1088 2992 1152 eredeti,

732 1177 944 1240 hanem,
982 1173 1278 1230 mintlatsz
1281 1179 1357 1242 ik,
1395 1180 1574 1233 xv.v
1540 1182 1926 1248 vagyXV1.s
1901 1175 2023 1232 azaz
2028 1179 2118 1231 adi
2157 1181 2324 1231 kiadv
2326 1176 2399 1231 an
2366 1195 2453 1246 n.y
2490 1180 2557 1233 V.
2582 1184 2633 1231 δ.
2670 1175 2937 1245 FejerCo
2939 1179 2991 1232 d.

1471 1269 1616 1336 D'·1›¹
1643 1270 1738 1322 1v.
1765 1271 1877 1324 ket.
1902 1271 1948 1322 1.
1976 1285 2017 1322 r
2048 1269 2255 1335 168.1.)

1794 2050 1907 2116 49.

723 2230 764 2294 1
773 2230 840 2294 V.
874 2229 1036 2294 Bata
1067 2230 1285 2317 kirdly
1333 2252 1446 2317 aqy
1476 2229 1877 2297 bircokosera
1908 2231 2072 2318 qu
2104 2230 2357 2319 helyben
2406 2235 2657 2299 testesve
2703 2231 2981 2297 Kdlmdn

722 2336 1025 2424 galiczt’ai
1053 2337 1269 2425 loir-<ily
1299 2341 1364 2404 ὡ
1391 2337 1749 2405 szlavoniai
1778 2339 2034 2427 herczeq
2063 2363 2094 2405 a
2112 2340 2388 2429 Druydn
2414 2338 2864 2427 Baylethdnak
2876 2339 2983 2425 fia

1657 2446 1816 2513 levat.
1855 2448 2046 2512 1239.

938 2645 1076 2715 Nos
1107 2645 1481 2733 Stephanus
1512 2644 1762 2712 Diuina
1811 2643 2235 2729 prouidencia
2272 2646 2642 2735 Episcopus
2672 2644 2982 2732 Zagrahi·

727 2753 902 2820 ensis
953 2759 1018 2818 et
1048 2753 1257 2839 Regni
1313 2753 1662 2821 Sclauonie
1711 2751 2014 2820 Vicarius
2063 2751 2407 2820 Generalis
2457 2754 2763 2822 memorie
2812 2774 2981 2822 com·

719 2859 1103 2927 mendantes
1151 2866 1375 2928 tenore
1423 2861 1831 2947 presencium
1884 2860 2332 2949 significamus
2353 2912 2371 2945 ,
2425 2862 2661 2948 quibus
2710 2860 2983 2950 expedit

719 2968 1063 3054 minensis,
1112 2966 1288 3054 quod
1320 2988 1463 3038 cum
1496 2967 1839 3053 Georgius,
1873 2970 2107 3038 Petrus
2140 2970 2448 3038 sacerdos
2479 2976 2545 3037 et
2573 2970 2825 3055 Boleta,
2857 2969 2978 3057 filij

721 3076 1074 3162 Valentini,
1125 3077 1242 3163 filij
1275 3078 1610 3147 Samsonis
1662 3077 1747 3144 de
1778 3076 2254 3163 Kyristalfelde
2302 3077 2595 3164 legitime
2635 3077 2981 3147 citacionis

722 3185 982 3254 modum
1016 3186 1449 3274 obseruando,
1484 3185 1827 3254 Nicolaum
1858 3184 2062 3252 filium
2095 3183 2432 3273 Stephani,
2464 3185 2582 3272 filij
2627 3184 2979 3272 Laureneij

722 3292 808 3359 de
836 3294 1064 3360 eadem
1096 3299 1326 3362 contra
1346 3313 1418 3361 se
1451 3294 1517 3361 in
1541 3292 1951 3381 presenciam
1984 3293 2163 3378 olym
2185 3290 2559 3377 Leustachii
2591 3291 2750 3359 dieti
2768 3293 2979 3378 Regni

720 3399 1071 3469 Sclauonie
1100 3399 1267 3467 Bani
1317 3399 1804 3486 predecessoris
1854 3399 2057 3469 nostri
2091 3400 2519 3469 attraxissent
2563 3400 2633 3466 in
2685 3418 2979 3485 causam,

718 3509 997 3597 ipsaque
1049 3528 1251 3576 causa
1305 3508 1584 3577 diuersis
1633 3510 2183 3595 prorogacionum
2233 3509 2507 3577 cautelis
2558 3516 2625 3577 et
2680 3509 2979 3577 terminis

717 3616 1317 3703 interuenientibus,
1348 3617 1565 3686 medio
1593 3627 1889 3705 tempore
1937 3619 2183 3687 honore
2212 3617 2369 3685 dicti
2405 3618 2696 3685 Banatus
2737 3636 2819 3684 ex
2849 3619 2981 3687 Dei

720 3727 949 3814 gracia
977 3734 1045 3795 et
1077 3724 1320 3795 domini
1349 3726 1553 3796 nostri
1578 3726 1781 3812 Regis
1804 3727 2178 3796 deleccione
2208 3727 2278 3794 in
2309 3734 2600 3796 nostram
2628 3746 2981 3813 personam

717 3834 1299 3921 transscendendo,
1332 3835 1418 3904 ad
1448 3842 1790 3923 presentes
1823 3844 2097 3905 octauas
2122 3835 2277 3903 festi
2306 3835 2497 3903 Beati
2526 3833 2791 3902 Martini
2828 3854 2979 3903 con·

717 3945 985 4016 sessoris
1017 3943 1286 4013 dilatiue
1306 3946 1588 4014 deuenta
1620 3945 1960 4031 extitisset,
2000 3944 2267 4013 tandem
2286 3944 2431 4031 ipso
2461 3945 2736 4012 termino
2753 3962 2977 4013 occur·

718 4059 905 4122 rente
935 4053 1214 4142 predicti
1247 4051 1572 4138 Georgius
1625 4062 1691 4121 et
1721 4056 1951 4120 Petrus
1983 4051 2292 4120 sacerdos
2343 4050 2457 4138 filij
2492 4051 2821 4120 Valentini
2854 4072 2977 4138 pro

718 4183 792 4230 se
838 4162 1292 4251 personaliter,
1348 4168 1414 4229 et
1445 4182 1562 4249 pro
1613 4161 1908 4249 predicto
1957 4161 2190 4230 Boleta
2240 4161 2440 4228 fratre
2487 4161 2775 4249 ipsorum
2829 4179 2978 4227 cum

719 4271 953 4339 litteris
999 4271 1467 4358 procuratorijs
1499 4270 1788 4358 Capituli
1821 4268 2246 4339 Chasmensis
2277 4270 2574 4337 Ecclesie
2610 4269 2796 4336 iuxta
2826 4288 2976 4337 con·

718 4379 1068 4446 tinenciam
1103 4380 1390 4467 priorum
1443 4379 1806 4447 litterarum
1839 4387 2204 4448 nostrarum
2251 4377 2855 4466 prorogatoriarum
2887 4377 2979 4445 ad

714 4495 1009 4556 nostram
1018 4488 1443 4574 judiciariam
1462 4488 1848 4557 accedentes
1868 4488 2295 4574 presenciam,
2316 4493 2547 4555 contra
2566 4486 2847 4554 eundem
2866 4483 2979 4551 Ni-

718 4595 974 4663 colaum
1023 4595 1229 4662 filium
1257 4597 1574 4684 Stephani
1624 4596 1693 4665 in
1724 4598 1935 4684 figura
1963 4597 2169 4664 nostri
2207 4594 2445 4682 Judicii
2495 4594 2803 4662 dixerunt
2832 4612 2980 4680 pro·

717 4701 1019 4790 ponendo
1050 4700 1174 4771 isto
1209 4702 1439 4772 modo:
1474 4703 1649 4790 quod
1679 4705 1856 4772 idem
1875 4704 2188 4773 Nicolaus
2219 4703 2397 4772 filius
2423 4701 2739 4790 Stephani
2770 4718 2974 4785 quan·
