3359 5250
1744 321 2055 421 --.391²-

766 519 980 587 iudice
1014 518 1354 606 superiori,
1412 527 1478 586 et
1509 541 1636 588 non
1678 519 1991 605 hospites,
2044 518 2283 586 debeat
2313 519 2667 588 conueniri.
2718 514 3027 585 Concedi-

767 649 911 695 mus
942 628 1172 710 eciam,
1226 629 1396 711 quod
1434 629 1501 694 in
1535 628 1801 694 minutis
1831 627 2291 714 mercimoniis,
2344 647 2470 712 que
2501 627 2746 694 ibidem
2785 626 2852 693 in
2883 626 3024 693 foro

767 737 849 803 de
885 736 1049 804 Bors
1101 736 1484 803 contrahere
1517 736 1885 818 debuerint,
1938 736 2248 803 tributum
2300 733 2565 820 aliquod
2596 757 2731 804 non
2781 734 3024 822 persol-

764 849 975 911 uatur.
1034 842 1285 921 Quibus
1337 845 1546 910 eciam
1599 843 1686 910 ad
1736 841 2232 910 inhabitandum
2254 897 2271 931 ,
2326 850 2395 912 ut
2447 842 2746 911 seruieiis
2796 842 3023 927 augeri

764 958 1033 1040 possent
1065 959 1131 1018 et
1163 971 1452 1037 numero,
1484 951 1605 1018 has
1638 957 1849 1018 terras
1881 950 2184 1018 duximus
2216 950 2668 1019 conserendas.
2717 952 2819 1018 De
2850 958 3021 1018 terra

765 1060 1196 1128 castrensium
1248 1058 1332 1127 de
1361 1060 1627 1145 Zengev
1674 1068 1916 1127 terram
1949 1059 2252 1127 fruticum
2305 1065 2565 1127 aratvre
2593 1059 2881 1128 nonduin
2914 1078 3024 1146 ap-

766 1177 899 1236 tam
932 1168 1018 1235 ad
1050 1175 1327 1253 quatuor
1361 1174 1617 1253 aratra3
1672 1169 1827 1235 item
1877 1174 2118 1235 terram
2166 1169 2357 1235 vuius
2392 1168 2615 1252 aratri,
2667 1188 2794 1254 que
2825 1187 3022 1253 quon·

770 1278 919 1344 dam
952 1277 1038 1343 ad
1068 1276 1416 1344 vdornicos
1448 1284 1709 1345 nostros
1741 1275 2131 1362 pertinebat,
2177 1276 2293 1344 sed
2326 1298 2496 1344 nunc
2527 1296 2740 1344 vacua
2771 1296 3023 1343 reman-

767 1391 960 1471 serat,
995 1385 1179 1451 iuxta
1200 1382 1422 1451 Goron
1456 1383 1727 1451 fluuium
1760 1384 2177 1469 existentem3
2213 1383 2368 1451 item
2401 1384 2487 1452 de
2514 1391 2694 1452 terra
2726 1383 3021 1451 eiusdem

770 1492 984 1559 Castri
1015 1491 1102 1559 ad
1130 1491 1260 1559 tria
1290 1497 1529 1577 aratra,
1567 1511 1765 1575 quam
1798 1491 2063 1578 quidam
2097 1493 2308 1560 oticus
2339 1493 2600 1561 nomine
2638 1490 2836 1561 Guda
2868 1492 3024 1559 deti-

766 1602 981 1685 nebat,
1019 1621 1211 1685 quem
1242 1602 1452 1669 eciam
1482 1621 1617 1667 vna
1647 1622 1795 1668 cum
1829 1621 1946 1669 suo
1977 1601 2178 1668 fratre
2210 1602 2274 1668 in
2308 1622 2576 1671 numero
2618 1609 2687 1669 et
2715 1602 3023 1670 libertate

764 1709 1089 1794 hospitum
1142 1707 1495 1774 eorundem
1527 1706 1909 1793 reliquimus
1951 1727 2483 1795 permansurum3
2534 1709 2691 1776 item
2722 1709 2790 1777 in
2821 1710 3023 1799 Scyla

766 1824 1002 1883 terram
1036 1815 1306 1883 duorum
1338 1820 1705 1881 aratrorum
1740 1835 2013 1882 vacuam
2046 1816 2398 1901 quondam,
2445 1837 2571 1903 que
2602 1817 2905 1886 similiter
2935 1819 3022 1886 ad

764 1922 1114 1991 vdornicos
1145 1922 1531 2009 pertinebat.
1573 1923 1758 2002 Quas
1787 1943 1905 2010 per
1939 1930 2231 1992 nostrum
2263 1925 2655 2011 pristaldum
2684 1926 2880 1995 Belez
2910 1947 3022 1995 no·

764 2030 938 2099 mine
970 2031 1157 2098 metis
1190 2030 1561 2098 distinctam
1594 2030 1770 2120 (igy)
1803 2031 1967 2118 ipsis
1997 2032 2270 2101 fecimus
2302 2033 2651 2120 assignari.
2682 2035 2769 2102 Vt
2798 2043 3019 2104 autem

765 2141 888 2207 hec
919 2159 961 2205 a
989 2146 1211 2207 nostro
1244 2138 1548 2206 ordinata
1593 2140 2002 2227 beneplacito
2034 2140 2420 2211 inconcusse
2462 2143 2661 2210 robur
2691 2143 3018 2211 firmitatis

761 2247 1097 2314 obtineant
1128 2249 1194 2313 in
1224 2253 1556 2333 posterum
1576 2255 1919 2334 presentes
1937 2248 2193 2318 litteras
2212 2253 2654 2321 concessimus
2688 2253 3016 2342 dupplicis

759 2354 963 2439 sigilli
995 2355 1198 2422 nostri
1232 2355 1581 2423 munimine
1612 2356 1974 2426 roboratas.
2035 2359 2278 2426 Datum
2311 2358 2377 2425 in
2406 2360 2632 2428 Insula
2665 2380 2843 2428 anno
2873 2381 3019 2446 gra-

760 2460 859 2526 cie
889 2462 981 2527 Μθ
1002 2460 1135 2527 00⁰
1153 2461 1316 2544 XL⁰‚
1350 2471 1581 2547 quarto
1613 2464 1770 2531 Idus
1803 2464 2227 2551 SeptembriS,
2275 2466 2486 2551 Regni
2518 2486 2779 2552 quoque
2808 2467 3019 2536 nostri

757 2586 931 2634 anno
963 2565 1206 2653 quinto.

755 2745 874 2814 (1v.
900 2748 1035 2801 Bela
1058 2747 1349 2816 kiralynak
1379 2750 1604 2804 1253—111
1631 2750 1959 2820 mogon-&sito
1978 2752 2475 2822 privilegiumibol,
2500 2757 2640 2808 mint
2664 2751 2848 2810 alabb.
2876 2757 2942 2810 V.
2966 2762 3017 2808 δ.

1312 2839 1475 2906 Fejer
1501 2842 1633 2894 eod.
1659 2841 1810 2911 Dipl.
1838 2844 1929 2897 1v.
1957 2845 2072 2898 kot-
2102 2848 2150 2896 1.
2179 2862 2219 2900 r.
2249 2846 2372 2896 322.
2400 2841 2462 2914 1.)

1627 3137 2145 3151 m

1821 3595 1934 3664 66.

755 3770 795 3833 Ι
804 3770 869 3836 V.
907 3767 1066 3835 Bc‘la
1098 3770 1447 3858 kircilynak
1479 3775 1698 3840 Ratun
1728 3773 2010 3842 birtokdt
2042 3781 2349 3866 tciryyazd
2375 3780 2737 3870 adomcinya
2767 3785 3011 3854 M'tklda

1255 3882 1319 3945 6⁸
1358 3881 1582 3968 Tump,
1611 3884 1804 3952 Zeres
1817 3886 1949 3971 fiai
1975 3891 2288 3957 namara.
2321 3891 2518 3955 1240.

962 4075 1126 4143 Bela
1162 4076 1289 4142 Dei
1339 4077 1570 4163 gracia
1614 4077 1968 4166 Hungarie,
2018 4084 2381 4173 Dalmacie,
2430 4085 2726 4176 Groacie,
2776 4092 3008 4179 Bame,

749 4183 999 4269 Seruie,
1031 4184 1332 4272 Gallicie,
1366 4186 1756 4257 Lodomerie
1776 4191 2221 4280 Cumanieque
2250 4197 2392 4264 Rex
2423 4197 2728 4267 omnibus
2763 4199 3010 4271 Christi

747 4290 1047 4361 fidelibus
1077 4295 1390 4382 paginam
1421 4304 1787 4382 presentem
1821 4300 2215 4388 inspecturis
2261 4306 2546 4375 salutem
2577 4313 2644 4376 et
2674 4331 2868 4379 omne
2900 4314 3012 4383 bo-

748 4419 923 4467 num.
975 4401 1079 4468 Ad
1110 4403 1559 4472 uniuersorum
1610 4405 1922 4474 noticiam
1951 4410 2181 4479 harum
2213 4414 2384 4482 serie
2439 4415 2737 4486 uolumus
2784 4438 3009 4509 perue-

747 4507 909 4593 nire,
954 4507 1130 4594 quod
1163 4531 1308 4578 cum
1339 4513 1483 4579 Deo
1532 4513 1823 4600 propicio
1854 4517 2065 4603 Regni
2112 4519 2436 4605 regimine
2484 4545 2603 4613 per
2650 4530 3009 4600 successio-

749 4636 897 4684 nem
930 4615 1016 4684 ad
1050 4637 1171 4685 nos
1203 4617 1512 4690 deuoluto
1541 4621 1690 4689 iura
1720 4628 2077 4694 castrorum
2108 4636 2401 4717 tempore
2432 4632 2646 4702 felicis
2693 4640 3009 4710 memorie
