3359 5250
1744 348 1974 448 &172

777 543 1283 630 suecessoribus,
1316 545 1730 631 present-ibus
1749 544 1958 629 Regie
1988 545 2406 613 authoritatis
2447 545 2683 614 litteris
2708 547 3044 612 confirma·

778 654 991 720 nimus
1032 673 1201 732 eam,
1251 653 1316 719 in
1349 659 1735 740 perpetuam
1785 652 1975 720 huius
2009 655 2104 720 rei
2157 654 2573 737 memoriam3
2626 673 2709 719 ne
2740 652 3047 720 videlieet

775 761 951 829 idem
1000 763 1278 849 Stephoo
1328 763 1432 829 vel
1481 784 1605 829 sua
1654 764 2002 850 posteritas
2053 770 2414 851 temporum
2477 763 2798 832 curriculo
2846 784 3045 849 super

780 868 1013 937 eadem
1062 876 1238 936 terra
1286 890 1405 957 per
1443 871 1819 958 quempiam
1865 871 2087 938 valeat
2135 870 2425 961 indebite
2476 871 2833 955 molestari,
2885 871 3046 958 dup-

781 978 972 1066 plieis
1003 979 1207 1064 sigilli
1240 980 1445 1048 nostri
1471 981 1825 1049 munimine
1843 982 1996 1067 jure
2025 986 2339 1067 perpetuo
2367 980 2756 1049 roborando.
2797 981 3044 1047 Datum

782 1088 962 1176 apud
993 1088 1196 1157 Sabia
1226 1108 1400 1157 anno
1431 1090 1773 1157 Dominiee
1804 1089 2293 1158 Inearnaeionis
2325 1088 2705 1158 millessimo
2742 1087 3045 1156 dueente-

779 1197 944 1265 simo
963 1196 1466 1282 quadragesimo
1498 1204 1752 1285 quarto,
1783 1196 1926 1268 VII.
1960 1199 2114 1267 Idus
2133 1198 2550 1285 Nouembris,
2588 1196 2803 1284 Regni
2825 1205 3046 1266 autem

782 1304 990 1374 nostri
1023 1325 1194 1374 anno
1224 1305 1499 1376 decimo.

789 1505 969 1574 (Nagy
994 1508 1163 1574 Lajos
1200 1507 1493 1576 kiralynak
1535 1510 1759 1561 1359-ki
1786 1510 1969 1578 „x1v.
1996 1510 2261 1563 kalendas
2298 1509 2534 1577 Aprilis“
2563 1509 2684 1561 kelt
2719 1503 3049 1575 megerfisitss

787 1593 1168 1663 okmanyfiboh
1196 1600 1396 1666 molyet
1419 1602 1466 1650 Ι.
1492 1599 1657 1666 Lipot
1687 1601 1841 1651 1699.
1871 1600 2118 1654 Beesben
2143 1596 2411 1652 marezius
2441 1597 2598 1651 14·en
2627 1596 2778 1663 ujbol
2803 1600 3050 1665 mogon-6·

786 1685 971 1752 sitett3
1017 1705 1052 1741 a
1076 1690 1245 1743 Liber
1282 1691 1485 1758 Regius
1511 1692 1712 1744 XXVI.
1739 1694 1851 1744 ket.
1895 1694 2044 1743 Ezon
2065 1689 2304 1757 okmany
2342 1688 2516 1742 reszet
2543 1686 2660 1741 mar
2685 1704 2720 1740 a
2755 1689 2909 1755 jelen
2935 1688 3050 1741 ok-

979 1776 1493 1850 manygyiijtemeny
1518 1782 1629 1834 els6
1655 1777 2006 1848 folyamaban
2032 1783 2300 1834 kozoltem
2324 1782 2397 1835 ΙΙ.
2427 1781 2540 1833 kot-
2568 1780 2653 1831 92.
2680 1795 2754 1831 ss.
2783 1774 2860 1848 a.)

1832 2552 1988 2621 111.

788 2736 909 2802 IV.
941 2737 1100 2804 Be'la
1130 2737 1462 2824 kirdlynak
1494 2736 1690 2803 Bada
1724 2738 1904 2803 υάνοε
1920 2738 2414 2824 joqositvdnyait
2445 2743 2751 2825 tdryyazd
2783 2737 3056 2803 1244-112·

1313 2845 1842 2932 privileyiumcira
1871 2846 2113 2911 e'rdekes
2147 2845 2521 2913 brivatkozcis.

1004 3043 1142 3112 Nos
1192 3041 1476 3111 Mathias
1528 3041 1653 3110 Dei
1692 3042 1919 3128 gracia
1966 3043 2108 3111 Rex
2157 3042 2515 3129 Hungarie‚
2568 3043 2877 3112 Bohemie
2925 3050 3054 3112 ete.

790 3151 1101 3221 memorie
1149 3150 1678 3221 commendamus
1730 3170 1850 3238 per
1897 3156 2251 3237 presentes,
2306 3150 2479 3236 quod
2525 3170 2674 3219 eum
2703 3151 2772 3218 in
2821 3172 3048 3238 eausa,

787 3281 914 3346 que
943 3261 1111 3329 inter
1141 3259 1527 3329 honorabile
1558 3259 1933 3348 Capitulum
1964 3259 2259 3326 Eeelesie
2279 3257 2733 3329 Waradiensis
2773 3280 2857 3328 ex
2886 3280 3054 3345 vna,

791 3391 871 3438 ae
898 3368 1069 3437 inter
1100 3369 1328 3436 fideles
1359 3375 1616 3437 nostros
1649 3367 2156 3452 circumspectos
2188 3364 2364 3434 viros
2384 3366 2426 3434 J
2431 3365 2653 3435 udices
2686 3373 2753 3434 et
2783 3367 3055 3437 Juratos

788 3483 1168 3562 ceterosque
1198 3475 1536 3543 vniuersos
1570 3475 1826 3543 ineolas
1866 3480 1931 3541 et
1960 3480 2355 3543 mercatores
2387 3473 2772 3543 Liberarum
2810 3474 3055 3544 Ciuita-

787 3591 924 3652 tum
954 3591 1325 3652 nostrarum
1354 3583 1701 3669 Regalium
1739 3583 2042 3651 Pareium
2072 3581 2692 3650 Transsiluanarum
2722 3603 2807 3650 ex
2838 3583 3056 3654 altera

788 3691 1108 3781 partibus,
1119 3692 1316 3777 juxta
1334 3692 1808 3762 continenciam
1834 3691 2115 3759 aliarum
2133 3691 2495 3759 litterarum
2516 3698 2885 3760 nostrarum
2905 3713 3058 3779 pro·

788 3800 1271 3886 rogatoriarum
1301 3800 1369 3868 in
1398 3799 1573 3870 facto
1604 3798 1957 3869 solucionis
1988 3799 2214 3866 tributi
2245 3818 2383 3867 sew
2417 3798 2544 3868 fori
2573 3798 2949 3869 nundinalis
2981 3800 3058 3869 in

789 3910 937 3979 vieo
968 3910 1328 3997 episcopali
1359 3908 1724 3978 Wadkerth
1754 3910 1821 3976 in
1854 3909 2121 3977 ciuitate
2149 3907 2570 3976 Waradiensi
2602 3909 2673 3976 in
2702 3909 3052 3997 carnispri-

790 4021 900 4090 uio
931 4019 1307 4087 celebrandi
1366 4019 1543 4105 exigi
1574 4019 1769 4088 solito
1802 4039 2021 4086 coram
2062 4023 2288 4087 nostra
2319 4020 2659 4086 Personali
2690 4020 3050 4088 Preseneia

787 4128 1180 4213 vertebatur,
1212 4127 1382 4196 feria
1412 4130 1616 4196 tercia
1646 4127 1951 4216 proxima
1981 4135 2133 4215 post
2164 4127 2399 4195 festum
2419 4125 2803 4197 Natiuitatis
2839 4128 3049 4195 Beate

789 4237 1001 4307 Marie
1028 4236 1342 4321 Virginis,
1389 4236 1479 4304 ad
1509 4235 1685 4323 quod
1719 4235 1972 4304 seilicet
2000 4234 2239 4302 festum
2272 4254 2475 4302 eausa
2505 4241 2803 4321 pretaeta
2830 4256 3053 4322 proro-

790 4352 951 4434 gata
980 4346 1307 4432 extiterat,
1352 4364 1469 4434 per
1519 4344 1745 4415 fideles
1788 4352 2047 4414 nostros
2096 4345 2601 4432 circumspectos
2651 4343 2694 4411 J
2699 4342 2953 4412 udieem
2986 4351 3060 4412 et

789 4460 1055 4527 Juratos
1086 4457 1270 4524 ciues
1300 4455 1604 4524 Ciuitatis
1638 4461 1859 4523 nostre
1890 4453 2234 4539 Budensis,
2267 4453 2380 4541 qui
2411 4453 2686 4540 seipsos,
2728 4452 2797 4519 in
2828 4473 3058 4524 eorum

794 4585 875 4634 ae
903 4567 1359 4635 vniuersorum
1379 4565 1744 4634 concinium
1775 4566 2068 4649 ipsorum
2102 4563 2419 4649 personis,
2459 4580 2660 4629 cause
2677 4560 3058 4631 huiusmodi

791 4675 1296 4762 intromittendo,
1349 4673 1632 4760 quedam
1683 4673 1897 4743 littere
1924 4671 2376 4760 priuilegiales
2423 4670 2581 4741 olim
2612 4667 2865 4740 domini
2890 4669 3058 4739 Bele
