3359 5250
1365 391 1452 459 91

1365 966 1478 1036 60.

283 1150 340 1212 Α
380 1149 734 1235 υοεερνένηὶ
781 1146 1225 1236 kdptalannak
1256 1145 1798 1235 bizonysdqlevcle,
1846 1148 2007 1234 hoyy
2037 1148 2279 1234 Empsa
2322 1148 2384 1210 4⁸
2417 1157 2551 1210 test-

283 1255 458 1320 υέτοί
487 1254 876 1342 zalameyyci
925 1254 1392 1342 vdv‘obbciqyok
1432 1254 1688 1319 Gestulc
1734 1258 1897 1319 nevil
1923 1254 2146 1319 ὄνὸΙιὸε
2194 1253 2560 1319 birtokukat

852 1362 1104 1427 Hohold
1135 1363 1451 1428 comesnek
1486 1362 1767 1429 eladtak.
1819 1364 2016 1428 1239.

511 1556 882 1643 Capitulum
932 1557 1471 1643 Wesprimiensis
1521 1559 1819 1625 Ecclesie
1870 1558 2169 1626 omnibns
2214 1566 2558 1647 presentes

288 1664 552 1731 litteras
603 1664 999 1750 inspecturis
1031 1667 1314 1732 salutem
1361 1665 1426 1731 in
1458 1665 1739 1732 Domino
1771 1667 1933 1733 Jesu
1965 1665 2241 1734 Christo.
2288 1665 2396 1733 Ad
2425 1665 2562 1733 vni·

291 1791 635 1839 uersomm
686 1772 1000 1840 noticiam
1051 1774 1349 1840 volumus
1396 1775 1765 1861 peruenire,
1817 1772 1994 1856 quod
2042 1773 2236 1842 homo
2290 1773 2563 1842 Comitis

293 1877 610 1964 Hoholdy
642 1881 905 1947 nomine
935 1881 1181 1947 Paulus
1211 1880 1387 1948 filius
1427 1882 1641 1949 Pouse
1676 1880 1760 1948 de
1789 1880 1953 1947 villa
1981 1881 2302 1950 Kuhunus
2347 1881 2418 1948 in
2448 1902 2562 1949 no·

299 1995 444 2054 stra
460 1987 811 2072 presencia
831 1986 1222 2055 constitutus
1256 2007 1337 2053 ex
1368 2008 1502 2054 vna
1531 1997 1758 2075 parte;
1794 1988 2062 2076 Empsa,
2083 1989 2293 2075 Dyca,
2316 1992 2564 2074 Itemyr

295 2105 362 2161 et
393 2094 613 2178 Heym
665 2092 785 2178 filij
818 2094 1013 2176 Dece,
1047 2094 1278 2161 Petrus
1327 2096 1500 2162 filius
1554 2096 1761 2182 Chug,
1812 2096 2014 2162 Turul
2066 2101 2133 2162 et
2159 2097 2397 2181 Mycou
2444 2095 2562 2183 filij

299 2201 584 2270 Chunad
614 2199 696 2265 de
729 2201 892 2267 villa
923 2201 1076 2284 Boc,
1103 2202 1500 2287 j0bagiones
1534 2204 1735 2271 castri
1768 2202 2180 2271 Zaladiensis
2212 2202 2297 2270 de
2326 2223 2565 2289 genere

302 2309 636 2379 Johannis
669 2311 938 2379 Maioris
958 2311 1302 2378 Exercitus
1334 2332 1416 2379 ex
1451 2314 1661 2380 altera
1679 2319 2117 2399 asseruerunt,
2158 2310 2335 2397 quod
2365 2332 2566 2396 quan-

304 2420 461 2486 dam
518 2426 762 2485 terram
812 2433 1034 2485 eorum
1099 2418 1561 2487 hereditariam
1610 2419 2018 2488 adiacentem
2072 2431 2247 2488 terre
2296 2421 2568 2490 Gostule

306 2547 453 2594 cum
503 2527 705 2595 vinea
755 2534 899 2594 octo
934 2527 1165 2611 iugera
1212 2535 1534 2596 terrarum
1584 2530 1976 2615 continente,
2030 2550 2157 2614 que
2190 2537 2291 2597 est
2340 2529 2469 2595 sita
2500 2529 2570 2595 in

307 2636 544 2702 eadem
578 2643 770 2721 terra,
830 2635 976 2720 ipso
1011 2635 1261 2704 Gemite
1294 2658 1421 2703 non
1452 2643 1748 2723 cogente,
1801 2635 1920 2705 sed
1953 2645 2317 2724 spontanea
2346 2637 2571 2703 volun-

307 2753 471 2829 tate,
521 2742 651 2810 sibi
682 2762 798 2827 pro
831 2744 1275 2829 quadraginta
1306 2747 1542 2812 marcis
1573 2746 1835 2830 argenti
1862 2745 2312 2814 vendidissent
2341 2764 2572 2833 perpe-

307 2858 420 2918 tuo
455 2848 945 2935 possidendam.
998 2849 1199 2919 Cuius
1230 2852 1443 2919 eciam
1481 2860 1652 2920 terre
1702 2853 1971 2921 terciam
2021 2861 2279 2939 partem
2328 2852 2587 2937 hiidem-

310 2958 614 3025 homines
644 2978 763 3044 pro
798 2958 1031 3044 viginti
1083 2961 1321 3028 marcis
1352 2961 1609 3046 argenti
1659 2961 1869 3047 primo
1905 2959 2356 3047 vendiderant,
2408 2961 2577 3027 sicut

315 3065 506 3133 nobis
558 3066 940 3133 retulerunt.
991 3066 1205 3134 Huius
1256 3077 1475 3135 autem
1523 3077 1697 3136 terre
1745 3076 1936 3153 mete,
1990 3077 2183 3154 prout
2229 3068 2297 3134 in
2340 3067 2577 3134 litteris

318 3173 476 3241 dicti
510 3172 790 3239 Comitis
841 3174 1268 3261 inspeximus,
1320 3181 1386 3241 et
1422 3173 1669 3262 hijdem
1723 3175 2016 3242 homines
2067 3174 2575 3259 affirmauernnt,

320 3282 413 3348 sic
465 3279 954 3365 distinguuntur
988 3304 1005 3345 ε
1039 3281 1261 3348 Prima
1305 3291 1481 3350 meta
1512 3282 1744 3369 incipit
1773 3304 1817 3349 a
1845 3290 2025 3349 meta
2074 3292 2247 3351 terre
2283 3280 2580 3349 eiusdem

321 3388 616 3473 Comitis,
667 3408 864 3474 qnam
914 3388 1070 3457 dicti
1123 3391 1415 3459 homines
1469 3392 1680 3480 primo
1734 3391 1861 3459 sibi
1909 3388 2342 3460 vendiderunt
2397 3390 2582 3458 iuxta

321 3496 594 3563 fluuium
630 3496 984 3564 Dobronuc
1033 3499 1118 3564 ab
1151 3498 1482 3584 aquilone,
1534 3507 1599 3567 et
1629 3499 1812 3566 venit
1856 3520 2085 3566 versus
2133 3499 2447 3568 orientem
2493 3497 2582 3565 ad

322 3603 701 3671 inferiorem
749 3613 1002 3690 partem
1054 3607 1214 3674 ville
1264 3606 1685 3694 Scenmiclos,
1736 3608 1849 3676 vbi
1901 3614 2051 3675 sunt
2105 3605 2232 3675 due
2282 3612 2452 3673 mete
2501 3626 2584 3672 ex

325 3720 601 3799 vtraqne
621 3721 808 3798 parte
837 3714 1023 3781 fluuii
1055 3714 1349 3783 eiusdem
1380 3716 1569 3783 iuxta
1598 3716 1779 3783 viam
1808 3736 2155 3801 magnam3
2190 3721 2258 3782 et
2285 3713 2440 3781 inde
2468 3734 2588 3802 per

328 3821 598 3889 fluuium
629 3823 909 3889 eundem
956 3822 1168 3890 tendit
1194 3843 1316 3909 per
1347 3823 1625 3891 eandem
1657 3825 1834 3891 viam
1864 3843 2192 3908 magnam,
2240 3842 2359 3908 per
2389 3842 2588 3907 quam

327 3930 586 3995 venitur
618 3926 708 3994 ad
736 3929 949 3996 locum
972 3930 1439 4017 deorcurka,
1476 3938 1542 3997 et
1571 3929 1754 3998 cadit
1773 3933 1840 3997 in
1873 3931 2188 3998 minorem
2208 3930 2585 4017 Lynduam;

329 4038 538 4104 minor
590 4042 808 4104 antem
837 4036 1115 4123 Lyndua
1146 4039 1354 4105 fluens
1382 4060 1498 4125 per
1530 4059 1802 4126 paruam
1853 4046 2092 4107 terram
2136 4036 2316 4105 cadit
2361 4039 2429 4103 in
2461 4055 2591 4102 ma·

329 4144 537 4210 iorem
557 4142 934 4228 Lynduam3
968 4152 1036 4211 et
1054 4145 1165 4211 vbi
1197 4147 1404 4213 minor
1424 4145 1709 4231 Lyndua
1738 4146 1919 4213 cadit
1948 4147 2017 4212 in
2044 4145 2357 4211 maiorem
2377 4143 2591 4228 Lynd-

333 4272 507 4337 uam,
560 4250 811 4318 ibidem
857 4254 1067 4320 maior
1092 4252 1378 4340 Lyndua
1423 4254 1704 4321 flectitur
1752 4254 1839 4321 ad
1888 4262 2142 4341 partem
2192 4252 2593 4337 superiorem

335 4379 566 4426 versus
618 4358 1038 4445 occidentem,
1091 4367 1158 4427 et
1187 4361 1323 4426 exit
1374 4361 1460 4427 ab
1509 4361 1763 4431 eodem,
1788 4361 2053 4427 flumine
2083 4358 2171 4425 ad
2217 4359 2414 4441 viam,
2465 4379 2594 4442 que

342 4465 524 4533 ducit
550 4465 642 4533 ad
672 4466 897 4534 villam
920 4466 1370 4555 Scenmiklos3
1407 4467 1645 4536 deinde
1678 4469 1975 4536 ascendit
1994 4476 2295 4552 montem,
2333 4473 2400 4534 et
2427 4469 2595 4534 inter

336 4575 566 4641 vineas
616 4571 1031 4659 procedendo
1062 4576 1405 4643 reuertitur
1435 4574 1523 4640 ad
1555 4577 1834 4661 primam
1876 4580 2136 4659 metam,
2169 4574 2476 4642 videlicet
2507 4571 2595 4642 ad

341 4682 610 4749 fluuium
630 4682 1000 4751 Dobronuc.
1038 4682 1269 4751 Cetei-e
1301 4693 1516 4751 autem
1544 4683 1737 4753 vinee
1767 4684 1833 4750 in
1866 4684 2094 4752 eadem
2126 4692 2307 4750 terra
2333 4683 2457 4750 site
2487 4679 2592 4746 de-
