3359 5250
1843 389 1979 455 242

1829 963 1984 1033 169.

771 1148 837 1214 A
869 1147 1134 1215 osanddi
1181 1152 1242 1212 εἰς
1277 1146 1460 1212 orodi
1505 1145 2008 1232 kdptalanoknak
2042 1145 2344 1229 jacentem,
2394 1146 2554 1233 hoyy
2586 1169 2627 1211 a
2662 1141 2813 1209 147.
2863 1168 2951 1210 az.
2988 1148 3047 1210 α’

770 1257 1006 1343 kirdlyi
1027 1276 1310 1344 param
1356 1254 1515 1321 altat
1553 1253 1730 1319 nekik
1774 1255 2172 1341 meqhaqyott
2215 1254 2708 1339 hatdrjdrdsban
2756 1253 3039 1339 eljdrtak.

1802 1358 1997 1426 1247.

996 1561 1569 1630 Excellentissimo
1603 1559 1869 1627 domino
1890 1578 2007 1627 suo
2027 1557 2192 1627 Bela
2210 1557 2337 1625 Dei
2356 1557 2587 1644 gracia
2602 1558 2849 1626 Illustri
2871 1559 3040 1646 Regi

778 1671 1114 1759 Hungarie
1147 1670 1515 1759 Capitulum
1547 1668 2029 1737 chanadiensis
2061 1675 2125 1735 et
2165 1667 2546 1736 Orodiensis
2576 1668 2872 1736 Ecclesie
2903 1688 3042 1736 ora-

780 1782 997 1849 ciones
1047 1780 1117 1846 in
1147 1778 1426 1849 Domino
1475 1778 1609 1847 filio
1640 1775 1937 1862 Virginis
1966 1775 2271 1844 Gloriose
2319 1774 2581 1843 debitas
2626 1795 2707 1844 ae
2738 1774 3038 1846 denotas,

778 1889 1062 1957 Litteras
1094 1888 1329 1956 Vestre
1381 1885 1770 1956 Serenitatis
1818 1885 2073 1955 nouerit
2120 1883 2453 1954 celsitudo
2485 1885 2722 1953 Vestra
2769 1905 2893 1954 nos
2945 1905 3042 1952 re·

778 1997 1034 2085 cepisse
1063 1996 1131 2063 in
1162 1997 1286 2065 hec
1322 1996 1548 2065 verba.

993 2105 1156 2174 Bela
1184 2105 1312 2174 Dei
1363 2104 1590 2192 gracia
1620 2104 1964 2191 Hungarie
1993 2104 2134 2170 Rex
2177 2103 2302 2170 stb.
2339 2101 2532 2190 (mint
2578 2101 2844 2171 sentobb
2895 2101 3041 2168 147.

779 2217 959 2283 szam
990 2211 1205 2301 alatt.)

993 2322 1134 2391 Nos
1164 2322 1367 2408 igitur
1385 2322 1715 2408 preceptis
1748 2341 1828 2388 ac
1861 2318 2190 2387 mandatis
2210 2318 2597 2387 Serenitatis
2622 2319 2855 2387 Vestre
2887 2318 3040 2387 fide·

779 2434 932 2500 liter
982 2431 1505 2518 obtemperantes
1528 2482 1545 2515 ‚
1597 2437 1669 2498 vt
1705 2437 2021 2514 tenemur,
2074 2430 2286 2497 socios
2338 2433 2597 2496 nostros
2646 2425 3038 2512 fidedignOS‚

781 2540 1103 2608 Joannem
1136 2536 1489 2606 Custodem
1533 2538 1620 2606 de
1656 2536 1960 2625 Capitulo
2010 2536 2473 2621 Chanadiensi‚
2519 2541 2588 2604 et
2632 2535 3040 2625 Stephanum

783 2651 1120 2716 Lectorem
1169 2643 1599 2715 Orodiensem
1649 2665 1795 2713 cum
1828 2645 2122 2733 predicto
2158 2646 2422 2715 homine
2469 2653 2688 2713 vestro
2727 2645 3043 2730 Magistro

784 2757 975 2823 Petro
1024 2754 1170 2822 vice
1219 2761 1447 2821 nostra
1478 2753 1775 2821 misimus
1824 2774 1944 2840 pro
1976 2753 2346 2821 testimonio
2397 2751 2488 2820 ad
2516 2752 2843 2839 premissa
2895 2772 3039 2820 exe·

783 2861 1083 2950 quenda;
1135 2862 1246 2950 qui
1294 2863 1556 2948 quidem
1605 2863 1798 2931 homo
1839 2870 2058 2930 vester
2106 2882 2252 2930 cum
2289 2861 2602 2949 predictis
2651 2860 3045 2947 testimonijs

784 2971 1021 3039 nostris
1073 2969 1161 3038 ad
1204 2988 1323 3036 nos
1372 2969 1719 3038 redeuntes
1770 2970 1958 3037 nobis
2011 2970 2177 3037 dixit
2227 2969 2583 3053 requisitus
2633 2969 3045 3056 presentibus

786 3078 983 3166 socijs
1013 3078 1277 3164 nostris,
1332 3075 1507 3164 quod
1541 3078 1922 3146 conuocatis
1954 3077 2254 3145 omnibus
2287 3077 2752 3147 commetaneis
2788 3084 2855 3144 et
2887 3076 3043 3144 vici·

784 3190 886 3256 nis
914 3186 1245 3255 nobilibus
1278 3186 1360 3254 de
1392 3206 1636 3273 genere
1667 3207 1808 3273 suc,
1860 3191 2373 3275 prememoratas
2406 3194 2636 3273 terras,
2688 3186 2888 3255 villas
2929 3205 3045 3254 seu

787 3296 1265 3383 possessiones,
1317 3295 1567 3362 scilicet
1617 3297 2127 3385 Pangrachfaya
2177 3303 2244 3364 et
2293 3296 2845 3383 Pangrachteluk‚
2899 3315 3046 3362 cum

781 3404 1038 3492 piscina
1066 3403 1700 3489 Pangrachewreme
1731 3414 1988 3492 vocata,
2024 3412 2090 3473 et
2121 3406 2331 3492 syluis
2349 3404 2689 3493 glandium
2720 3422 2926 3486 vsque
2960 3403 3047 3469 ad

786 3521 1041 3600 portum
1063 3512 1361 3599 Murusij,
1396 3532 1541 3580 cum
1573 3514 1950 3581 nemoribus
1984 3514 2065 3582 de
2098 3513 2356 3583 duabus
2379 3515 2675 3603 partibus
2709 3513 3048 3581 collatera-

786 3622 960 3690 libus
992 3619 1344 3689 earundem
1377 3620 1701 3706 villarum,
1736 3621 1951 3691 eundo
1982 3622 2221 3689 deinde
2251 3642 2482 3691 versus
2520 3625 2856 3707 Zarrazer‚
2900 3640 3046 3687 eum

785 3727 1058 3817 campis,
1079 3727 1335 3812 fenetis,
1354 3729 1545 3796 terris
1567 3728 1951 3815 arabilibus,
1975 3735 2040 3798 et
2058 3730 2209 3821 alijs
2229 3730 2619 3799 vtilitatibus
2643 3749 2759 3817 per
2778 3735 3038 3795 veteres

789 3846 999 3905 metas
1022 3836 1448 3923 circueund0;
1484 3838 1638 3905 item
1665 3837 1968 3923 Kysfalw
2003 3844 2068 3904 et
2084 3838 2251 3906 Zent
2278 3838 2608 3906 Leurencz
2629 3858 2775 3904 cum
2793 3843 3048 3920 stanno,

788 3942 964 4030 quod
999 3949 1271 4032 separat
1302 3945 1387 4014 de
1404 3946 1694 4014 Marusio
1726 3947 2045 4035 incipiens
2085 3967 2127 4014 a
2157 3947 2317 4015 villa
2348 3946 2617 4015 Comitis
2647 3949 2796 4014 Isae
2824 3944 3050 4014 fratris

788 4052 890 4121 sui
923 4053 1146 4121 Vlunk
1177 4060 1433 4141 vocata,
1467 4055 1768 4124 exeundo
1801 4056 1869 4120 in
1903 4075 2204 4143 campum
2233 4076 2460 4125 versus
2492 4055 2813 4124 Zarrazer
2844 4077 3050 4140 vsque

786 4161 873 4230 ad
904 4160 1237 4248 quandam
1269 4163 1518 4250 villam,
1572 4183 1701 4250 que
1732 4165 2156 4232 communiter
2203 4164 2583 4251 possidetur
2622 4183 2767 4232 cum
2799 4163 3051 4234 Gemite

786 4270 1103 4371 Gregorio
1133 4278 1199 4340 et
1219 4271 1520 4341 Dionisio
1549 4271 1752 4340 fratre
1784 4271 2097 4356 eiusdem,
2129 4273 2344 4358 Isaac,
2383 4272 2711 4360 Barnaba,
2746 4273 3049 4362 Philippo

790 4388 857 4449 et
884 4379 1296 4467 Pangraci03
1326 4380 1480 4449 item
1514 4388 1815 4467 quartam
1847 4386 2101 4467 partem
2119 4381 2447 4449 Thembes
2481 4401 2523 4447 a
2558 4386 2749 4467 parte
2782 4381 3050 4450 orientis

783 4510 933 4557 cum
989 4487 1245 4556 duabus
1295 4487 1818 4556 extremitatibus
1867 4488 2089 4575 platee
2113 4542 2130 4575 ,
2194 4496 2258 4556 et
2309 4489 2609 4557 omnibus
2654 4488 3049 4557 Vtilitatibus

784 4602 1015 4681 quarte
1060 4595 1272 4681 partis
1303 4595 1597 4661 eiusdem
1628 4595 1802 4680 ville,
1853 4594 2127 4680 piscinis
2159 4594 2485 4679 videlicet,
2539 4597 2770 4681 syluis,
2821 4600 3047 4685 pratiS,

781 4701 1019 4770 fenetis
1054 4707 1118 4769 et
1147 4700 1340 4768 terris
1372 4701 1774 4788 arabilibus;
1830 4700 1985 4768 item
2018 4702 2248 4770 Ladan
2282 4724 2426 4770 cum
2461 4708 2601 4769 tota
2634 4705 2831 4789 sylua
2862 4707 3046 4790 glan·
