3359 5250
1861 392 1942 457 12

752 635 885 684 rus.
940 614 1102 681 Cum
1135 608 1355 675 autem
1390 590 1565 659 dicto
1599 590 1860 657 Abbate
1909 608 2030 676 pro
2062 605 2138 653 se
2171 604 2249 652 ac
2279 581 2677 652 Monasterio
2717 600 2837 649 suo
2867 587 3027 647 tunc

752 730 823 797 in
851 730 1080 794 nostra
1110 710 1446 805 presentia
1493 704 1933 786 comparente,
1965 696 2141 763 idem
2172 694 2545 780 Episcopus
2587 709 2712 756 nec
2741 688 3035 756 venisset

755 839 826 907 in
858 829 1160 911 termino,
1211 841 1336 889 nec
1366 819 1521 904 post
1549 809 1898 879 terminum
1934 805 2133 872 etiam
2167 802 2412 869 diutius
2450 807 2873 886 expectatus3
2908 817 3032 865 nos

756 946 1057 1015 nolentes
1106 923 1481 1003 huiusmodi
1532 937 1845 988 excessus
1876 913 2192 1001 Episcopi
2244 918 2381 977 tam
2435 926 2734 975 enormes
2790 925 3033 993 penam

760 1053 1050 1137 effugere
1100 1040 1319 1111 debite
1366 1029 1665 1108 ulcionis,
1715 1023 1976 1091 dilectis
2025 1020 2178 1088 filiis
2214 1068 2229 1083 .
2254 1067 2271 1083 .
2297 1068 2313 1086 .
2347 1015 2574 1085 Sancti
2627 1011 2896 1081 Martini
2945 1011 3032 1079 de

758 1153 1104 1230 Pannonia
1135 1154 1199 1218 ct
1233 1195 1288 1216 ..
1314 1193 1330 1209 .
1365 1136 1589 1209 Sancti
1622 1129 1988 1200 Salvatoris
2027 1127 2109 1193 de
2142 1123 2400 1193 Saxard
2433 1122 2805 1190 Abbatibus
2838 1117 3025 1187 Ordi-

764 1268 867 1336 nis
900 1260 1125 1331 Sancti
1157 1248 1495 1321 Benedicti
1545 1242 1904 1311 direximus
1936 1238 2186 1325 scripta
2219 1240 2466 1318 nostra,
2515 1238 2589 1299 ut
2619 1230 3029 1317 sepedictum

764 1375 1163 1463 Episcopum
1215 1361 1301 1429 ad
1333 1352 1688 1426 solvendas
1736 1346 1867 1436 ipsi
1897 1342 2140 1412 Abbati
2189 1360 2414 1411 omnes
2459 1358 2810 1427 expensas,
2865 1356 3032 1422 quas

768 1484 1018 1552 fecerat
1048 1495 1091 1542 a
1118 1481 1435 1556 tempore,
1468 1482 1596 1550 quo
1627 1454 1941 1525 veniendi
1964 1453 2053 1520 ad
2077 1451 2315 1519 Sedem
2336 1447 2782 1535 Apostolicam
2813 1445 2939 1513 fuit
2967 1445 3033 1513 ei

768 1588 1084 1660 terminus
1114 1570 1591 1669 peremptorius
1625 1564 2026 1650 assignatus,
2073 1557 2427 1626 monitione
2463 1554 2788 1641 premissa
2819 1558 3036 1619 aucto-

769 1699 967 1767 ritate
1015 1695 1243 1759 nostra
1291 1684 1651 1765 cogentes‚·
1674 1673 1969 1740 facerent
2022 1665 2237 1735 eidem
2287 1663 2528 1730 Abbati
2559 1679 2890 1751 expensas
2913 1639 2920 1643 ’
2942 1657 3034 1726 ad

769 1800 1302 1898 prosecutionem
1331 1785 1581 1874 negotii
1613 1778 2025 1851 necessarias
2076 1774 2161 1842 de
2193 1773 2383 1841 bonis
2413 1768 2792 1839 Monasterii
2822 1767 3037 1855 provi·

773 1913 957 1998 deri;
997 1900 1510 1977 contradictores
1529 1912 1648 1980 per
1679 1907 2020 1958 censuram
2038 1880 2555 1950 ecclesiasticam
2585 1874 3034 1964 appellatione

774 2018 1146 2112 postposita
1199 1999 1673 2094 compescendo
1698 2048 1716 2082 ‚
1780 1994 2174 2082 prefigentes
2222 1989 2548 2075 Episcopo
2611 1991 2677 2052 et
2725 1982 3031 2052 Cornelio

775 2122 1191 2217 supradictis,
1223 2127 1290 2185 et
1320 2114 1574 2182 duobus
1605 2107 1712 2175 vel
1743 2104 1952 2172 tribus
1985 2099 2343 2184 monachis,
2388 2093 2864 2184 principalibus
2895 2089 3038 2157 fau-

774 2239 1027 2309 toribus
1060 2226 1429 2309 eorundem‚
1478 2219 1824 2287 terminum
1861 2208 2373 2300 peremptorium
2395 2256 2413 2290 ,
2461 2204 2701 2271 festum
2731 2200 3038 2268 Purifica-

775 2344 976 2417 tionis
1006 2343 1211 2407 Beate
1242 2328 1534 2415 Virginis
1581 2324 1878 2412 proximo
1911 2328 2062 2386 tunc
2093 2316 2396 2399 futurum,
2444 2332 2572 2398 quo
2605 2305 3039 2398 personaliter

777 2459 1000 2521 nostro
1033 2465 1107 2514 se
1137 2435 1516 2526 conspectui
1546 2432 2021 2520 presentarent,
2070 2418 2471 2490 satisfacturi
2508 2419 2592 2485 de
2621 2422 2720 2485 tot
2748 2412 3036 2482 excessi·

780 2565 924 2647 bus,
977 2562 1043 2625 et
1071 2548 1308 2621 facturi
1341 2551 1407 2612 et
1456 2537 1778 2629 recepturi
1827 2553 2024 2622 super
2058 2528 2417 2619 premissis,
2469 2524 2645 2611 quod
2679 2522 3040 2609 requireret

785 2667 946 2741 ordo
978 2662 1159 2747 iuris,
1206 2659 1386 2746 ipsos
1419 2652 1505 2720 ad
1535 2649 1607 2716 id
1638 2663 1916 2715 censura
1945 2640 2146 2710 simili
2192 2636 2635 2725 appellatione
2665 2629 3043 2719 postposita

783 2769 1254 2862 compellendo.
1305 2762 1608 2830 Ceterum
1657 2775 1805 2822 cum
1854 2751 2010 2819 dicti
2054 2748 2349 2814 Abbates
2392 2746 2464 2811 in
2513 2740 2857 2811 commisso
2908 2738 3042 2807 sibi

786 2882 1052 2969 negotio
1084 2871 1511 2965 procedentes
1540 2865 1829 2932 iniuncto
1862 2858 1990 2946 ipsi
2009 2856 2339 2944 Episcopo
2372 2854 2495 2920 sub
2516 2847 3045 2918 interminatione

788 2984 1225 3064 anathematis
1239 3034 1257 3068 ‚
1308 2986 1382 3047 ut
1430 2990 1760 3063 expensas
1810 2968 1996 3035 iuxta
2025 2963 2406 3031 mandatum
2453 2966 2746 3029 nostrum
2797 2955 3046 3023 Abbati

785 3106 1067 3173 solveret
1099 3090 1496 3181 supradicto,
1531 3105 1609 3151 ac
1632 3082 1883 3169 prefixo
1914 3073 2245 3142 iamdictis
2275 3071 2605 3159 Episcopo
2639 3072 2704 3135 et
2734 3064 3042 3135 Cornelio

786 3235 866 3281 ac
897 3209 1153 3278 duobus
1183 3196 1522 3270 monachis
1553 3190 1833 3260 termino
1871 3181 2330 3274 peremptorio,
2351 3178 2530 3246 festo
2560 3170 3045 3243 Purificationis

786 3322 992 3389 Beate
1041 3308 1334 3396 Virginis
1383 3302 1680 3391 proximo
1730 3315 1902 3363 nunc
1950 3296 2303 3372 transacto,
2353 3306 2484 3371 quo
2520 3284 2705 3351 iuxta
2749 3287 3049 3348 tenorem

791 3422 1087 3497 mandati
1116 3411 1481 3505 Apostolici
1511 3410 1581 3476 in
1630 3412 1860 3475 nostra
1905 3398 2239 3489 presentia
2288 3399 2761 3482 comparerent,
2809 3389 2878 3456 in
2909 3406 3047 3473 eos,

791 3538 850 3606 si
880 3550 1072 3602 secus
1123 3529 1412 3611 agerent,
1466 3506 2155 3585 excommunicationis
2205 3499 2596 3572 sententiam
2642 3496 3050 3586 promulgas-

792 3648 973 3725 sent3
1026 3634 1291 3705 tandem
1344 3630 1429 3696 ad
1476 3626 1832 3692 instantem
1877 3613 2424 3704 supplicationem
2472 3605 2683 3695 ipsius
2730 3602 3048 3691 Episcopi

793 3773 926 3842 pax
954 3748 1078 3816 fuit
1105 3746 1278 3812 inter
1308 3759 1420 3806 eos
1451 3734 1667 3803 taliter
1701 3727 2074 3808 reformata,
2132 3729 2199 3789 et
2226 3721 2488 3787 firmata
2518 3715 2718 3783 etiam
2750 3709 3049 3781 eiusdem

793 3854 1107 3949 Episcopi
1154 3851 1540 3930 iuramento,
1593 3838 1883 3907 scilieet:
1919 3830 2111 3911 Quod
2156 3828 2388 3895 eodem
2417 3824 2678 3890 Abbate
2708 3818 2797 3888 ad
2825 3837 3051 3885 mona·

793 3967 1063 4039 sterium
1111 3980 1299 4029 suum
1352 3947 1650 4042 plenarie
1680 3944 2007 4026 restituto,
2056 3946 2125 4005 et
2153 3934 2499 4022 pacificam
2543 3927 2754 4017 ipsius
2794 3944 3054 4014 posses·

795 4081 1043 4148 sionem
1076 4069 1340 4154 adepto,
1391 4075 1720 4148 expensas
1753 4052 1882 4120 sibi
1932 4049 2127 4136 plene
2159 4042 2590 4133 persolveret,
2641 4043 2708 4104 et
2755 4034 3054 4120 dampna

798 4182 1040 4267 omnia,
1091 4194 1219 4263 que
1249 4183 1544 4257 tempore
1573 4159 1904 4231 discordie
1934 4150 2402 4223 monasterium
2435 4145 2720 4236 pertulit,
2769 4143 3054 4227 integra·

792 4298 946 4365 liter
978 4286 1374 4357 emendaret.
1408 4277 1657 4346 Eodem
1687 4272 1889 4358 igitur
1917 4266 2179 4333 Abbate
2218 4260 2407 4328 iuxta
2437 4256 2714 4325 formam
2745 4250 2931 4340 pacis
2963 4248 3057 4316 ad

797 4396 1267 4472 monasterium
1313 4388 1635 4471 restituto,
1685 4387 1753 4449 et
1780 4380 1894 4446 vix
1924 4375 2169 4444 ibidem
2217 4391 2336 4460 per
2368 4368 2562 4437 unius
2609 4361 2855 4433 mensis
2903 4378 3056 4447 spa-

797 4513 959 4583 tium
991 4507 1330 4587 existente,
1359 4499 1683 4566 irruentes
1712 4490 1787 4556 in
1817 4507 1964 4557 eum
1993 4483 2122 4552 viri
2154 4481 2403 4565 absque
2433 4470 2901 4554 misericordia,
2933 4467 3058 4535 filii

799 4615 1142 4700 scelerati,
1214 4609 1389 4698 quod
1434 4625 1567 4674 non
1616 4601 1867 4685 absque
1919 4588 2361 4662 amaritudine
2410 4583 2647 4654 mentis
2694 4580 3057 4662 referimus,

799 4731 1016 4817 ipsum
1048 4719 1456 4791 interfectum
1472 4707 1744 4781 bestiali
1772 4723 1956 4774 more
1976 4699 2399 4772 conciderunt
2426 4695 2498 4762 in
2524 4692 2754 4778 frusta,
2787 4694 2854 4756 et
2884 4685 3058 4755 utin
