3359 5250
1467 353 1604 418 347

1470 932 1624 1001 242.

420 1117 485 1182 A
519 1120 693 1181 trani
713 1117 961 1204 piispo'k
990 1123 1051 1180 εἰς
1082 1140 1122 1179 α
1152 1118 1445 1181 sibenicoi
1488 1115 1741 1201 papsciy
1771 1113 1932 1175 kc‘izti
1962 1110 2339 1196 viszonynalc
2384 1110 2678 1195 meqdlla-

1304 1228 1537 1309 pireisa.
1581 1221 1775 1286 1252.

647 1421 717 1485 In
750 1421 1008 1488 nomine
1042 1421 1303 1487 Domini
1355 1420 1558 1488 nostri
1593 1420 1755 1485 Jesu
1804 1416 2045 1484 Christi
2079 1417 2311 1482 Amen.
2364 1418 2554 1481 Anno
2587 1415 2678 1479 In-

431 1528 843 1595 carnacionis
864 1527 1204 1614 MOOLII„
1238 1528 1613 1596 Indiccione
1635 1529 1776 1610 XL,
1799 1526 2198 1613 temporibus
2231 1524 2473 1592 domini
2493 1525 2679 1590 Inno-

428 1637 635 1725 cencij
671 1639 856 1724 Pape
886 1639 1122 1723 quarti,
1178 1656 1258 1703 ac
1290 1637 1534 1705 domini
1571 1637 1731 1702 Bele
1780 1634 2067 1702 Illustris
2098 1634 2300 1717 Regis
2340 1631 2680 1718 Hungarie

429 1746 552 1812 boc
600 1753 823 1813 actum
856 1753 975 1814 est.
1025 1746 1186 1813 Cum
1219 1745 1583 1831 prophetici
1636 1744 1955 1811 sermonis
2004 1742 2329 1827 eulog-ium
2381 1760 2547 1828 opus
2594 1739 2680 1806 sit

414 1854 707 1940 justicie,
763 1873 1024 1941 paxque
1056 1854 1400 1938 vnicuiqne
1450 1874 1572 1920 sua
1603 1853 1753 1919 iura
1784 1850 2109 1918 seruando
2153 1850 2362 1917 tocius
2394 1848 2677 1914 humane

430 1964 948 2032 cohabitacionis
978 1972 1046 2030 et
1075 1962 1412 2031 societatis
1445 1962 1773 2030 vinculum
1806 1961 2036 2027 merito
2079 1949 2524 2045 nuncupatur3
2572 1975 2671 2022 ne·

425 2091 610 2138 cesse
640 2080 743 2138 est
772 2072 1072 2140 omnibus
1102 2071 1410 2157 legaliter
1439 2071 1662 2137 viuere
1692 2068 2126 2155 cupientibus,
2160 2067 2350 2134 buius
2389 2062 2675 2133 salutife-

422 2179 518 2245 ris
549 2181 850 2249 connecti
870 2180 1164 2265 vinculis,
1199 2188 1268 2247 et
1298 2181 1386 2246 ab
1416 2177 1561 2247 eius
1588 2179 1770 2245 cultu
1799 2177 1977 2244 nullo
2000 2183 2290 2263 tempore
2322 2172 2675 2256 declinare,

423 2306 549 2370 que
595 2286 879 2371 denique
919 2288 1189 2373 justicie
1217 2306 1469 2372 norma,
1525 2286 1721 2372 quasi
1768 2284 2030 2371 gemino
2080 2283 2249 2351 calle
2296 2280 2674 2369 procedens,

422 2394 563 2461 inre
595 2394 907 2461 videlicet
957 2395 1199 2482 scripto
1232 2402 1298 2462 et
1328 2394 1906 2463 consuetudinibus
1955 2391 2339 2481 approbatis
2387 2390 2478 2457 ad
2515 2388 2677 2457 veri-

422 2502 579 2570 tatis
631 2502 958 2570 tramitem
1009 2503 1261 2570 cunctis
1311 2502 1695 2570 mortalibus
1745 2504 1870 2570 iter
1916 2500 2164 2589 pandit.
2218 2500 2389 2580 Quia
2422 2518 2578 2565 vero
2606 2496 2675 2564 in

424 2609 718 2696 partibus
749 2610 1091 2679 Dalmacie
1141 2610 1631 2680 consuetudinis
1661 2630 1950 2696 vsusque
1994 2607 2257 2694 lougeui
2290 2606 2673 2693 auctoritas,

421 2738 622 2802 quam
669 2717 956 2787 maxime
992 2741 1113 2807 pro
1156 2722 1304 2806 lege
1352 2729 1741 2806 veneratur3
1794 2720 2040 2788 idcirco
2090 2721 2234 2804 Ego
2281 2715 2675 2784 Stanimirus

427 2825 990 2914 Archipresbyter‚
1040 2848 1172 2895 vna
1203 2849 1348 2896 cnm
1380 2831 1652 2916 Tolous,
1687 2829 1949 2898 Joanne
1997 2834 2064 2896 et
2096 2826 2462 2911 Grisogono
2494 2824 2674 2892 cleri·

422 2935 540 3018 cis,
575 2953 719 3000 cum
753 2936 950 3022 pleno
985 2936 1294 3005 mandato
1326 2937 1611 3006 vniuersi
1643 2935 1816 3005 Cleri
1848 2935 2290 3003 Sibenicensis
2323 2934 2412 3000 ad
2442 2932 2669 3020 Spala-

417 3048 672 3109 tensem
705 3041 1070 3111 Ecclesiam
1118 3050 1429 3130 tanquam
1462 3045 1551 3111 ad
1599 3053 1797 3132 caput
1832 3042 2210 3133 Metropolis
2260 3041 2670 3124 accedentes,

418 3150 665 3218 ibidem
698 3171 919 3219 coram
949 3154 1436 3222 venerabilibus
1470 3155 1630 3222 uiris
1662 3155 1916 3221 Thoma
1946 3150 2424 3219 Archidiacono
2458 3157 2523 3216 et
2558 3149 2672 3216 Oa-

420 3258 631 3345 pitnlo
664 3260 890 3329 Sancti
922 3262 1184 3347 Domnij
1236 3262 1531 3346 dicimus,
1585 3261 1961 3349 profitemur
2009 3269 2075 3326 et
2123 3257 2669 3343 recognoscimus,

417 3386 542 3436 nos
576 3365 1018 3437 omnimodam
1068 3368 1546 3437 subieccionem
1579 3369 1819 3435 debere
1850 3368 2112 3435 domino
2143 3368 2490 3454 Treguano
2522 3366 2672 3453 Epi-

421 3493 630 3560 scopo
661 3480 728 3540 et
758 3473 899 3541 eins
929 3475 1437 3561 successoribus,
1487 3496 1608 3543 nec
1638 3496 1770 3542 non
1800 3476 2097 3542 Ecclesie
2126 3474 2574 3560 Traguriensi,
2608 3480 2673 3542 et

422 3581 635 3648 eidem
688 3580 858 3648 sicut
917 3582 1091 3669 patri
1140 3588 1206 3649 et
1256 3583 1610 3652 diocesano
1661 3592 1884 3652 nostro
1939 3589 2308 3651 reuerenter
2361 3581 2669 3666 obedire3

417 3688 929 3756 consuetudines
948 3688 1277 3775 antiquas,
1318 3711 1484 3776 quas
1514 3692 1599 3757 ab
1632 3691 2160 3759 antecessoribus
2177 3690 2419 3758 nostris
2448 3689 2670 3758 obser-

417 3799 614 3862 uatas
646 3796 1099 3883 comperimus,
1133 3818 1252 3884 per
1281 3819 1400 3867 nos
1431 3805 1497 3865 et
1529 3818 1647 3886 per
1676 3807 1935 3867 nostros
1965 3818 2377 3868 successores
2408 3818 2670 3884 presen-

422 3904 507 3971 tis
539 3903 765 3990 scripti
796 3905 1208 3991 obligacione
1226 3907 1659 3994 promittimus
1698 3906 1909 3975 eidem
1934 3909 2229 3976 Ecclesie
2245 3906 2670 3992 Traguriensi

422 4019 741 4099 perpetuo
803 4015 1270 4083 obsemaudas.
1335 4014 1662 4102 Imprimis
1717 4017 2058 4103 videlicet,
2130 4016 2670 4102 quociescumque

417 4118 790 4205 Episcopus
819 4121 1193 4188 Sibenicum
1227 4123 1495 4209 venerit,
1547 4122 1945 4210 suscipiatur
1990 4123 2078 4189 ab
2108 4122 2669 4211 Archipresbitero

418 4232 484 4291 et
535 4225 726 4295 Olero
777 4227 1069 4297 eiusdem
1120 4228 1248 4297 loci
1298 4230 1655 4299 honorifice
1675 4283 1696 4318 ‚
1748 4232 1919 4299 sicut
1967 4230 2187 4315 decet;
2252 4232 2354 4299 cui
2405 4231 2666 4317 quidem

415 4334 763 4422 Episcopo,
816 4343 884 4403 et
935 4338 1256 4423 omnibns,
1307 4339 1418 4423 qui
1469 4358 1617 4407 eum
1648 4360 1732 4407 ex
1782 4339 1918 4409 suis
1955 4339 2209 4406 clericis
2257 4340 2668 4423 comitantur,

414 4441 946 4530 Archipresbiter
1005 4445 1072 4512 in
1119 4446 1313 4515 domo
1362 4468 1484 4515 sua
1536 4447 1899 4536 hospicium
1962 4447 2085 4536 (et)
2138 4446 2666 4535 procuracionem

411 4550 724 4620 exhibeat
751 4560 1268 4643 competentem3
1313 4556 1676 4643 Episcopus
1706 4577 1881 4643 vero,
1924 4557 2235 4642 quamdiu
2290 4555 2381 4622 ibi
2418 4575 2666 4622 moram

412 4657 664 4744 fecerit,
694 4660 1353 4749 Archipresbiterum‚
1387 4662 1716 4733 Abbatem
1746 4673 1814 4735 et
1844 4670 2052 4733 totum
2083 4664 2341 4734 Olerum
2376 4662 2666 4732 Sibcnici
