3359 5250
1766 343 1902 413 450

698 526 1316 627 CivitatiffRagusii
1339 593 1357 626 ,
1411 547 1477 608 et
1529 542 1808 611 maxime
1856 542 1979 626 illi,
2031 540 2268 628 quibus
2318 560 2422 609 res
2478 540 2658 608 dicte
2708 537 2974 607 fuerunt

697 657 967 737 accepte
1016 673 1058 719 a
1105 649 1418 738 predictis
1469 650 1724 718 civibus
1772 649 2205 718 Anconitanis
2254 651 2600 719 occasione
2648 649 2970 716 dictarum

699 757 1223 843 represaliarum,
1259 757 1430 827 hanc
1463 757 1999 846 compositionem
2032 764 2098 827 et
2130 757 2351 827 omnia
2379 755 2760 846 supradicta
2780 759 2972 824 firma

702 875 767 936 ct
784 875 948 935 -rata
980 867 1327 937 habebunt.
1359 867 1671 954 Alioquin
1693 869 1818 938 stb.
1855 861 2248 957 (biztositasi
2279 866 2710 955 zaradekok.)
2732 868 2969 936 Actum

700 977 826 1047 stb.
859 974 1126 1065 (tanuk)
1156 998 1330 1047 anno
1354 977 1834 1047 Inearnationis
1855 977 2119 1046 Domini
2140 976 2485 1046 millesimo
2522 976 2972 1046 ducentesimo

705 1085 1246 1174 quinquagesimo
1297 1094 1482 1156 sexto
1501 1140 1520 1174 ,
1567 1087 1811 1156 mensis
1860 1088 2086 1155 Martii
2137 1086 2330 1157 tertio
2380 1091 2647 1156 astante
2695 1084 2971 1171 Ragusii

701 1195 1006 1265 ordinata
1036 1196 1237 1265 Curia
1268 1197 1484 1267 sonitu
1522 1216 1863 1284 campane.

910 1307 1051 1373 Nos
1079 1306 1378 1375 Andreas
1411 1307 1494 1376 de
1526 1306 1702 1375 Auro
1753 1306 1982 1375 Comes
2031 1305 2305 1390 Ragusii
2355 1325 2504 1372 cum
2535 1304 2971 1389 consiliariis,

704 1419 769 1480 et
798 1414 935 1481 Nos
968 1414 1323 1483 Oommune
1355 1416 1648 1500 Ragusii,
1684 1422 1751 1483 et
1780 1436 1931 1484 cum
1961 1413 2342 1483 laudatione
2372 1415 2577 1483 totius
2599 1413 2825 1502 populi
2846 1414 2972 1480 Ra·

702 1522 877 1606 gusii
910 1521 1038 1589 stb.
1072 1528 1137 1602 (a
1171 1523 1439 1609 raguzai
1470 1522 1587 1591 ket
1617 1522 2323 1609 meghatalmazottnak
2373 1523 2669 1607 megbizo
2705 1519 2966 1610 levele.)

702 1737 772 1805 (A
791 1738 1017 1808 jegyzdi
1044 1737 1393 1809 okmanyboh
1420 1741 1674 1809 melynek
1702 1743 1948 1800 credetis
1976 1756 2009 1794 a
2054 1740 2203 1794 becsi
2249 1756 2321 1793 cs.
2368 1741 2539 1794 titkos
2583 1736 2974 1807 leveltarban.)

1573 2032 2109 2044 —-—-——----—-——-

1757 2459 1911 2532 319.

701 2662 970 2730 Ancona
999 2663 1188 2729 miros
1212 2661 1833 2751 meyhatalmazottat
1878 2663 2098 2732 rendel
2146 2687 2191 2728 a
2246 2660 2638 2750 Rayuzdval
2685 2662 2969 2729 Ιτόιεηάὄ

1425 2772 1787 2861 eqyezkedes
1816 2776 2028 2860 νέφεα.
2062 2777 2258 2842 1256.

919 2965 1205 3057 (Marcus
1225 2969 1613 3059 Florentiae,
1633 2971 1959 3057 Syndicus
1979 2981 2044 3041 et
2061 2980 2244 3041 actor
2264 2972 2636 3041 Communis
2655 2974 2972 3038 Anconae

709 3077 1131 3165 constitutus)
1169 3079 1297 3168 „ad
1329 3077 1700 3149 faciendum
1735 3091 1802 3147 et
1850 3080 2288 3167 recipiendum
2318 3078 2852 3166 compositionem
2907 3085 2974 3144 et

662 3197 666 3202 ’
703 3185 1194 3273 promissionem
1225 3206 1370 3254 cum
1402 3189 1983 3258 Ambaxiatoribus
2017 3188 2392 3256 Communis
2443 3187 2716 3274 Ragusii
2748 3223 2837 3235 —-
2878 3224 2963 3236 -—-

703 3293 791 3361 ad
823 3295 1265 3364 renovandum
1314 3296 1673 3381 capitulum
1707 3299 1892 3384 pacis
1924 3296 2167 3366 dudum
2198 3297 2557 3385 composite
2588 3298 2757 3364 inter
2778 3296 2969 3363 Com-

707 3423 899 3471 mune
928 3411 1196 3473 Ancone
1217 3412 1283 3472 et
1316 3406 1667 3476 Commune
1698 3408 1988 3493 Ragusii‚
2021 3414 2086 3475 et
2116 3405 2203 3474 ad
2233 3407 2723 3475 renovationem
2745 3415 2972 3493 pacto-

701 3531 846 3579 rum
876 3516 942 3578 et
970 3511 1152 3599 pacis
1180 3514 1639 3601 recipiendam,
1672 3537 1802 3604 que
1831 3523 2027 3604 pacta
2055 3517 2197 3585 sive
2228 3515 2521 3603 capitula
2560 3512 2973 3582 continentur

704 3619 770 3686 in
801 3620 1225 3690 instrumento
1258 3624 1500 3710 scripto
1533 3644 1730 3692 manu
1760 3624 1993 3693 Jacobi
2024 3625 2280 3692 Notarii
2312 3644 2354 3691 a
2386 3645 2489 3692 me
2518 3624 2791 3691 Notario
2827 3623 2971 3689 viso

705 3734 770 3794 et
804 3725 1020 3795 lecto“
1054 3729 1180 3798 stb.
1210 3732 1454 3800 Datum
1487 3732 1593 3800 die
1624 3738 1685 3800 2.
1718 3733 1879 3821 Maji
1916 3734 2107 3802 1256.

1131 3927 1387 3999 (Eredeti
1411 3949 1446 3985 a
1470 3930 1619 3986 becsi
1647 3930 1880 3987 csaszari
1906 3934 2077 3986 titkos
2107 3930 2525 4000 leveltaraban.)

1570 4206 1624 4214 ο..
1637 4207 1775 4214 nor—q-
1792 4208 1827 4214 ,-
1840 4206 2106 4216 *m*—
