3359 5250
1801 330 1932 397 346

729 553 868 599 ram
905 532 1082 597 Merk
1120 538 1441 618 vocatam,
1496 552 1577 598 ac
1608 540 1852 600 terram
1884 534 2086 617 Keza‚
2138 554 2254 618 pro
2291 540 2497 601 morte
2528 533 2744 618 Fylke
2773 532 2984 600 dedis-

731 646 833 705 set
862 641 1195 726 Stephano
1248 647 1313 705 et
1343 640 1494 724 filijs
1527 641 1666 707 suis
1696 641 1842 725 jure
1874 647 2193 726 perpetuo
2226 640 2734 727 possidendam3
2788 661 2985 726 quam

730 746 1214 814 ordinacionem
1261 746 1445 833 pacis
1498 746 1754 814 vnionis
1806 745 2080 813 heredes
2130 745 2342 831 ipsius
2389 747 2791 815 satisfacturi
2839 766 2987 813 esse

731 855 1116 923 recitassent
1146 861 1213 921 et
1243 861 1725 941 acceptassent,
1760 861 1824 921 et
1856 857 2073 944 ipsum
2100 856 2281 942 Ohyz
2312 876 2459 923 cum
2493 855 2758 941 Gyapal
2791 853 2989 920 fratre

738 1000 1289 1011 —————
1329 962 1489 1046 suis,
1542 963 1851 1030 videlicet
1900 965 1967 1031 in
2017 966 2412 1050 Kortuelyes
2433 1014 2451 1048 ‚
2501 964 2570 1029 in
2621 962 2833 1030 Oroch
2858 1011 2877 1046 ,
2918 961 2989 1026 in

729 1070 997 1156 Ragoch
1048 1070 1212 1137 etin
1260 1070 1510 1138 Morwa
1563 1071 1953 1158 nuncupatis
2004 1070 2176 1139 idem
2230 1071 2606 1158 Stephanus
2656 1090 2803 1137 cuin
2849 1068 2989 1136 suis

728 1178 1083 1249 heredibus
1135 1178 1539 1247 dimisissent
1591 1179 1863 1267 pacifice
1896 1177 2255 1266 possidere.
2308 1180 2392 1245 Et
2424 1198 2620 1263 super
2666 1178 2793 1245 hoc
2824 1177 2986 1245 obli-

730 1292 999 1373 gassent
1050 1306 1122 1353 sc
1153 1287 1326 1354 idem
1360 1289 1733 1375 Stephanus
1768 1293 1832 1354 ct
1862 1289 2136 1355 heredes
2185 1288 2305 1372 sui,
2360 1294 2430 1353 vt
2463 1292 2687 1355 contra
2737 1285 2989 1353 dictum

732 1395 909 1481 Chyz
943 1401 1010 1461 et
1041 1395 1313 1462 heredes
1348 1394 1641 1462 eiusdem
1661 1397 1931 1462 racione
1963 1396 2190 1463 mortis
2222 1396 2512 1481 predicte
2543 1433 2616 1442 -
2662 1434 2735 1443 —
2782 1433 2855 1442 —-
2904 1432 2979 1441 —-

737 1542 811 1553 -
857 1542 930 1551 —
977 1543 1049 1552 —
1087 1504 1495 1589 questionem
1528 1504 1851 1571 suscitare
1879 1511 2149 1590 possent
2181 1504 2552 1587 aliqualem,
2607 1510 2675 1570 et
2706 1503 2987 1586 litteras,

731 1630 895 1694 quas
947 1611 1121 1678 idem
1153 1611 1526 1696 Stephanus
1576 1618 1643 1677 et
1674 1613 1948 1679 heredes
1980 1614 2083 1679 sui
2134 1619 2365 1681 contra
2396 1611 2575 1697 Ohyz
2612 1632 2729 1699 pro
2776 1617 2988 1680 morte

729 1721 944 1806 Fylke
977 1719 1362 1787 habuissent
1408 1739 1446 1785 e
1473 1725 1773 1805 nauatae,
1827 1722 2230 1791 dimisissent
2263 1722 2509 1788 babere
2558 1720 2775 1788 nullas
2808 1719 2986 1785 vires

731 1829 859 1896 stb.
912 1831 1155 1896 Datum
1186 1827 1255 1894 in
1287 1826 1673 1913 Wissegrad
1724 1828 2231 1915 quadragesimo
2266 1830 2372 1897 die
2404 1836 2784 1897 octauamm
2834 1827 2986 1894 festi

727 1935 914 2004 Beati
947 1936 1310 2021 Mychaelis
1343 1935 1740 2020 Archangeli
1772 1958 1944 2005 anno
1977 1937 2242 2006 Domini
2299 1937 2644 2006 millesimo
2677 1935 2985 2020 quadrin-

730 2046 1094 2129 gentesimo
1124 2044 1327 2113 tercio
1368 2043 1640 2111 decimo.
1904 2050 1908 2055 ’

1054 2244 1327 2310 (Ei-edotio
1351 2246 1581 2311 papiron
1610 2260 1645 2297 a
1671 2244 1836 2298 budai
1868 2245 1969 2295 kir.
1998 2245 2242 2297 kamarai
2265 2241 2641 2310 leveltarban.)

1779 2994 1931 3063 241.

729 3176 792 3239 A
822 3178 1006 3262 qyo'ri
1036 3177 1462 3264 lca'ptalannak
1491 3179 2031 3264 bizonysdylevele,
2061 3180 2226 3266 hoqy
2244 3177 2512 3244 Heidrilc
2544 3177 2761 3242 Istvcin
2790 3198 2987 3242 comes

711 3282 942 3364 ιῙῑάηαΙε
971 3282 1100 3365 neje
1131 3284 1257 3347 elsb'
1283 3286 1639 3368 hdzassciya
1669 3290 1825 3349 utdn
1856 3283 1994 3348 nelei
2012 3284 2165 3369 jdro'
2193 3285 2485 3349 hitbdre're
2508 3289 2686 3348 ne'zvc
2718 3282 2981 3368 kieldqez-

1655 3403 1830 3455 tetett.
1876 3390 2072 3457 1252.

941 3585 1491 3674 (Quietaticnales
1523 3586 1975 3673 expeditoriae
2006 3607 2226 3653 coram
2264 3585 2571 3674 Capitulo
2603 3584 2981 3655 Jaurincnsi

730 3696 1031 3763 dominae
1063 3695 1242 3762 filiae
1274 3694 1629 3780 Vekhardi,
1665 3694 1849 3781 prius
1880 3697 2066 3763 Mour
2096 3694 2213 3762 filii
2243 3694 2580 3780 Stephani,
2604 3696 2751 3781 jam
2786 3696 2982 3762 Heid-

727 3804 845 3870 rici
898 3803 1015 3870 filii
1064 3802 1336 3872 Comitis
1388 3802 1711 3890 Stephani
1764 3802 2163 3871 conthoralis
2186 3855 2205 3889 ‚
2267 3824 2387 3891 pro
2433 3802 2731 3872 Conrado
2779 3802 2986 3871 fratre

727 3912 911 3997 prins
947 3911 1166 3978 mariti
1198 3910 1321 3995 sui,
1372 3930 1570 3996 super
1602 3910 1702 3977 sui
1735 3909 2304 3979 excontentatione
2334 3909 2524 3978 titulo
2575 3909 2985 3978 obvenientis

730 4016 904 4086 dotis
937 4018 1002 4085 in
1037 4020 1124 4085 25
1154 4017 1414 4102 marcis,
1448 4024 1513 4084 et
1544 4017 1991 4100 assignatione
2021 4025 2236 4087 terrae
2264 4019 2426 4086 Saul
2465 4018 2732 4106 dictae.)

964 4212 1037 4284 (A
1063 4214 1212 4268 melt.
1241 4219 1291 4270 b.
1315 4215 1505 4284 vaay
1530 4211 1715 4269 cealad
1741 4213 1986 4268 leveltiri
2014 4214 2411 4284 lajstromanak
2439 4216 2744 4283 kivonata.)

1595 4503 2090 4521 τ-υῡ--ῇ-ψ-τ·
