3359 5250
1360 341 1583 441 —373

386 537 455 596 et
487 534 1002 619 recognicionem
1052 538 1399 605 eorundem
1432 548 1785 627 presumat,
1837 539 2043 607 donec
2075 552 2270 627 super
2301 539 2453 607 aliis
2487 539 2637 607 arti-

385 639 552 706 culis
586 661 704 728 per
737 643 1070 712 dominum
1100 647 1347 731 Regem
1380 648 1488 714 vel
1520 668 1637 736 per
1669 649 1859 731 alios,
1896 668 2057 734 quos
2089 648 2176 714 ad
2208 650 2330 716 hoc
2368 649 2638 733 Regalis

385 748 809 819 Excellencia
830 752 1208 838 specialiter
1230 754 1663 842 deputauerit‚
1698 755 2114 843 presentibus
2134 756 2427 842 partibus
2446 756 2640 824 fuerit

382 858 959 927 sentencionaliter
990 861 1345 930 definitum.
1398 863 1541 943 Que
1574 865 1795 933 omnia
1826 864 1922 931 ita
1958 871 2365 932 seruaturum
2398 886 2635 932 memo-

378 974 562 1035 ratus
594 968 821 1035 Abbas
857 968 985 1037 fide
1019 969 1176 1038 data
1209 971 1522 1058 promisit.
1574 973 2158 1043 Pronunciauimus
2191 975 2416 1062 eciam,
2460 974 2633 1058 quod

380 1077 659 1163 pistores
681 1077 1000 1163 similiter,
1037 1086 1102 1146 et
1133 1082 1373 1149 lotores
1397 1082 1676 1150 vestium
1698 1082 1948 1166 altaris,
1984 1104 2105 1150 nec
2141 1105 2269 1150 non
2302 1083 2634 1151 indumen-

379 1194 596 1252 torum
659 1185 1164 1257 sacerdotalium
1214 1212 1342 1259 non
1393 1190 1479 1258 ad
1528 1192 1854 1280 ampliora
1901 1194 2181 1261 seruicia
2241 1196 2347 1261 vel
2407 1194 2633 1264 debita

377 1294 871 1381 compellantur,
906 1317 1103 1380 quam
1125 1303 1191 1363 et
1220 1297 1524 1366 similium
1546 1299 1997 1369 condicionum
2027 1301 2324 1369 homines
2351 1303 2629 1370 aliarum

377 1403 824 1471 Ecclesiamm
874 1406 1140 1473 racione
1172 1406 1626 1475 condicionum
1658 1429 1922 1476 suarum
1955 1418 2105 1476 sunt
2137 1409 2452 1479 adstricti.
2502 1414 2629 1478 Da-

375 1517 512 1577 tum
546 1510 819 1581 sabbato
862 1514 1153 1600 proximo
1187 1523 1338 1602 post
1366 1516 1601 1583 festum
1635 1516 2095 1604 Apostolorum
2129 1518 2305 1585 Petri
2343 1527 2408 1585 et
2438 1518 2628 1586 Pauli

374 1639 550 1686 anno
581 1620 847 1688 Domini
896 1621 1242 1689 millesimo
1283 1623 1730 1692 ducentesimo
1781 1625 2321 1712 quinquagesimo
2373 1633 2624 1711 quarto.

753 1820 1029 1885 (Eredetie
1054 1837 1088 1873 a
1111 1822 1498 1888 pannonhalmi
1527 1820 1816 1891 fo'apatszig
1840 1821 2249 1888 leveltaraban.)

1222 2093 1748 2105 —————————

1459 2541 1611 2610 262.

365 2722 615 2788 Zdand
665 2726 1000 2812 veszpre‘mi
1035 2725 1397 2812 ΡίὶεΡὸΙεπεΙε
1427 2726 1947 2811 bizonysdqlevele
1979 2725 2199 2790 Maria
2229 2726 2452 2791 Keszdi
2487 2726 2614 2791 Do·

841 2833 1091 2899 monJcos
1120 2833 1360 2919 neye'nek
1392 2833 1913 2920 veyrmddmdl.
1952 2831 2146 2897 1254.

583 3026 873 3097 Zlaudus
906 3029 1032 3097 Dei
1081 3029 1308 3114 gracia
1350 3032 1719 3118 Episcopus
1768 3029 2270 3115 vesprimiensis
2321 3031 2617 3098 omnibus

367 3137 611 3205 Christi
641 3135 944 3206 fidelibus
993 3144 1128 3205 tam
1160 3136 1569 3224 presentibus
1612 3158 1809 3222 quam
1862 3136 2113 3222 futuris,
2153 3144 2491 3225 presentes
2521 3138 2614 3205 in-

366 3246 709 3333 specturis,
745 3248 987 3314 lautem
1009 3245 1078 3313 in
1097 3245 1329 3312 salutis
1350 3244 1680 3331 largitore.
1716 3245 1822 3311 Ad
1840 3244 2290 3313 vniuersorum
2308 3246 2614 3314 noticiam

363 3363 589 3423 tenore
620 3355 1029 3443 presencium
1049 3356 1349 3422 uolumus
1381 3353 1742 3442 peruenire,
1775 3354 1950 3438 quod
1972 3353 2204 3422 Comes
2235 3354 2613 3424 Dominicus

362 3465 533 3531 filius
563 3464 630 3530 M
661 3512 678 3529 .
715 3513 731 3530 .
766 3516 781 3533 .
818 3465 899 3533 de
926 3466 1127 3532 Kezw
1176 3465 1607 3552 personaliter
1638 3465 1727 3532 ad
1756 3470 2047 3533 nostram
2099 3464 2420 3531 accedens
2471 3485 2613 3551 pre-

363 3572 675 3661 senciam,
702 3574 897 3642 nobis
927 3575 1254 3643 humiliter
1285 3574 1657 3662 suplicauit,
1691 3579 1763 3640 vt
1791 3574 2119 3642 homiuem
2137 3581 2425 3643 nostrum
2458 3573 2611 3644 fide-

362 3682 634 3771 dignum
654 3684 1053 3752 mitteremus
1075 3703 1219 3751 cum
1250 3684 1499 3769 eodem,
1542 3704 1761 3752 coram
1797 3704 1923 3769 quo
1955 3684 2222 3753 domina
2239 3684 2447 3752 Maria
2476 3686 2613 3753 filia
2731 3698 2736 3701 ’

359 3794 666 3879 Magistri
716 3794 1045 3879 Joachyni
1066 3843 1084 3879 ‚
1139 3794 1495 3861 karissima
1543 3812 1804 3861 consors
1858 3792 2151 3861 eiusdem
2198 3795 2438 3863 nobilis
2484 3796 2611 3863 viri

362 3901 640 3972 Comitis
673 3902 1020 3987 Dominici‚
1076 3921 1261 3969 suum
1295 3902 1602 3970 conderet
1649 3903 1719 3969 in
1749 3902 1885 3969 suis
1917 3902 2225 3970 extremis
2271 3909 2611 3970 testamen·

360 4023 519 4081 tum.
572 4010 710 4080 Nos
741 4031 919 4095 uero,
954 4018 1148 4098 prout
1179 4031 1262 4078 ex
1296 4009 1517 4079 debito
1563 4019 1629 4079 et
1658 4030 1741 4077 ex
1772 4016 1924 4079 uoto
1955 4008 2042 4076 ad
2090 4031 2308 4079 curam
2359 4012 2606 4078 anima·

359 4141 506 4189 rum
536 4126 852 4203 tenemur,
903 4120 1205 4207 precibus
1237 4120 1370 4186 iam
1403 4119 1594 4187 dictis
1626 4119 1897 4188 Comitis
1936 4120 2260 4188 Dominici
2293 4118 2605 4205 inclinati,

361 4250 510 4297 cum
543 4225 965 4295 Benedictum
1013 4226 1423 4314 Prepositum
1473 4226 1557 4294 de
1586 4227 1712 4293 Vrs
1743 4225 2168 4310 misissemus,
2219 4225 2482 4294 tandem
2520 4228 2607 4294 ad

362 4358 486 4408 nos
518 4336 780 4405 rediens
812 4335 977 4403 dixit
1005 4335 1193 4406 nobis
1228 4353 1447 4404 coram
1478 4336 1760 4403 Martino
1805 4334 2143 4403 sacerdote
2176 4334 2258 4402 de
2288 4334 2508 4420 Kezw,
2541 4341 2608 4402 et

360 4445 730 4515 Laurencio
750 4444 885 4512 filio
914 4442 1192 4531 predicti
1209 4443 1512 4529 Magistri
1531 4443 1574 4510 J
1577 4441 1859 4529 oachyni
1891 4441 2091 4510 fratre
2121 4441 2328 4529 ipsius
2347 4441 2606 4511 domine

360 4555 611 4639 Marie;
662 4559 735 4618 vt
765 4553 1016 4638 eadem,
1070 4572 1213 4620 cum
1243 4553 1313 4620 in
1344 4553 1512 4620 lecto
1546 4549 1933 4637 egritudinis
1965 4551 2181 4620 adhuc
2222 4570 2338 4618 sue
2371 4552 2604 4622 mentis

365 4683 634 4752 compos
686 4660 1010 4747 existeret,
1061 4661 1279 4730 dotem
1333 4681 1520 4730 suam
1568 4667 1634 4727 et
1682 4680 1785 4728 res
1834 4659 2300 4748 parafernales,
2350 4661 2601 4748 prefato
