3359 5250
1861 348 1994 416 308
2020 442 2079 448 .,‚

1851 923 2005 993 215.

803 1108 924 1173 IV.
947 1108 1104 1173 Be'la
1134 1107 1340 1195 lcii-aly
1361 1106 1594 1173 Miklds
1624 1105 2172 1188 Tivadarficinak‚
2211 1126 2269 1168 es
2290 1103 2578 1171 Duruzlo'
2609 1101 3055 1183 Duruzlo'fici-

798 1214 924 1281 nale
953 1218 1419 1302 vasvcirmeyyei
1447 1206 1844 1297 nemeseknek,
1870 1213 2143 1301 fh'ke'pen
2174 1238 2214 1278 a
2244 1213 2377 1278 esch
2408 1213 2771 1279 Ῑιάὸονάῦαη
2811 1219 3061 1274 szerzett

907 1323 1206 1389 e'rdemeik
1221 1323 1569 1409 jutalmdul
1604 1322 1773 1388 laeam
1807 1327 1963 1388 nevit
1977 1320 2188 1406 fdldet
2216 1322 2699 1409 adoma'nyozza.
2756 1318 2950 1382 1250.

1018 1517 1183 1586 Bela
1213 1517 1338 1584 Dei
1389 1516 1615 1602 gracia
1659 1514 2018 1601 Hungarie,
2070 1514 2437 1601 Dalmacie‚
2486 1514 2779 1602 Croacie,
2830 1518 3059 1597 Rame,

804 1624 1048 1711 Sel-uie,
1073 1623 1374 1711 Gallieie,
1395 1619 1799 1708 Lodomerie,
1828 1621 2272 1705 Cumanieque
2294 1623 2434 1690 Rex
2467 1623 2764 1692 omnibus
2796 1642 3058 1711 presen-

806 1740 939 1800 tem
969 1732 1282 1819 paginam
1313 1728 1699 1818 inspecturis
1718 1730 1995 1798 salutem
2012 1732 2080 1798 in
2101 1731 2385 1800 omnium
2410 1731 2764 1799 saluatore.
2799 1731 2939 1798 Lex
2959 1738 3062 1797 est

808 1841 1017 1928 Regia
1051 1845 1115 1907 et
1146 1861 1188 1908 a
1218 1837 1501 1908 naturali
1533 1838 1824 1923 equitate
1856 1837 2280 1926 descendens,
2314 1859 2431 1926 pro
2464 1840 2712 1907 meritis
2743 1840 3061 1907 subiecto-

808 1971 952 2019 rum
983 1949 1413 2035 largicionum
1445 1967 1710 2016 suarum
1732 1945 2125 2035 respondere
2155 1946 2425 2033 premijs
2459 1967 2628 2033 equa
2648 1948 2859 2016 lance.
2892 1948 3063 2015 Hinc

813 2064 932 2144 est,
983 2058 1159 2143 quod
1190 2058 1278 2125 ad
1329 2057 1779 2126 uniuersorum
1829 2061 1966 2123 tam
1998 2057 2403 2143 presencium
2455 2077 2650 2143 quam
2696 2056 3061 2124 futurorum

811 2167 1121 2235 noticiam
1152 2173 1377 2234 tenore
1427 2165 1836 2253 presencium
1883 2165 2178 2234 uolumus
2210 2165 2573 2252 peruenire,
2623 2163 2797 2251 quod
2830 2163 3066 2232 Comes

813 2275 1123 2343 Nicolaus
1154 2275 1329 2343 filius
1350 2273 1675 2343 Theodori
1709 2279 1772 2340 et
1793 2273 2110 2358 Magister
2129 2274 2495 2342 Duruzlaus
2530 2274 2705 2341 filius
2727 2273 3067 2356 Duruzlai,

815 2382 1068 2452 nobiles
1102 2380 1531 2449 dettomitatu
1553 2381 1770 2449 Castri
1802 2381 2026 2449 Ferrei
2058 2380 2146 2449 ad
2176 2389 2467 2451 nostram
2500 2381 2886 2449 accedentes
2927 2399 3068 2467 pre-

815 2491 1123 2575 senciam,
1159 2487 1545 2557 celsitudini
1577 2496 1798 2559 nostre
1818 2508 1962 2556 cum
1984 2510 2249 2576 precum
2283 2490 2612 2557 instancia
2628 2489 3067 2579 postularunt,

816 2605 886 2670 ut
915 2597 1246 2687 quandam
1277 2606 1520 2666 terram
1554 2597 1763 2684 ipsius
1797 2595 2010 2665 Castri
2043 2599 2249 2667 nostri
2279 2600 2466 2667 me
2497 2606 2937 2686 noncupatam
2972 2598 3070 2664 eis

816 2708 1109 2779 conferre
1139 2707 1549 2790 benignitate
1580 2708 1791 2791 Regia
1819 2706 2258 2791 dignaremur.
2306 2708 2445 2774 Nos
2477 2708 2702 2794 itaque
2736 2705 3070 2774 attenden-

814 2827 916 2884 tes
947 2814 1293 2884 eorundem
1316 2813 1587 2883 Comitis
1620 2814 1878 2880 Nicolai
1917 2820 1985 2881 et
2015 2815 2313 2900 Magistri
2340 2816 2651 2882 Duruzlai
2680 2811 3072 2881 multimoda

819 2926 1195 2992 meritorum
1216 2924 1521 3008 graciosa
1541 2922 1880 3010 obsequia,
1896 2924 2135 3009 quibus
2158 2924 2347 3018 nobis
2368 2924 2624 2992 interim
2646 2926 2711 2990 in
2734 2924 3073 3012 prosperis

815 3030 1122 3101 uidelicet
1153 3033 1413 3099 casibus
1446 3037 1510 3099 et
1529 3030 1828 3099 aduersis
1860 3032 2027 3100 adeo
2058 3040 2319 3100 strenue
2341 3034 2731 3116 claruerant,
2766 3052 2839 3099 se
2859 3051 3074 3117 prom-

816 3147 964 3228 ptos
1015 3138 1380 3207 exhibendo
1413 3147 1478 3207 et
1509 3139 1805 3222 deuotos,
1858 3147 1928 3207 ut
1956 3145 2092 3207 tam
2123 3162 2165 3218 a
2204 3140 2418 3224 nobis,
2470 3161 2667 3227 quam
2718 3140 2930 3210 eciam
2983 3140 3071 3205 ab

817 3247 1116 3315 omnibus
1147 3246 1475 3315 nobilibus
1507 3247 1717 3331 Regni
1749 3246 1953 3314 nostri
1987 3255 2052 3313 et
2093 3249 2245 3334 alijs
2280 3249 2476 3335 digne
2507 3248 2957 3331 laudarentur,
3008 3255 3075 3312 et

818 3354 1102 3424 maxime
1134 3354 1290 3440 quia
1318 3355 1387 3420 in
1420 3353 1846 3441 expedicione
1878 3362 2121 3440 nostra,
2155 3376 2349 3440 quam
2383 3364 2611 3424 contra
2628 3357 2875 3442 Regem
2910 3356 3078 3421 Boe-

820 3481 1070 3532 morum
1100 3460 1527 3548 habebamus,
1560 3464 1704 3549 ipse
1735 3462 1967 3530 Comes
1986 3464 2301 3532 Nicolaus
2334 3466 2428 3532 sic
2460 3463 2736 3530 uiriliter
2771 3470 2837 3531 et
2868 3460 3073 3529 fideli-

819 3578 919 3639 ter
949 3589 1135 3638 suum
1171 3569 1486 3657 impendit
1515 3569 1922 3656 famulatum,
1955 3578 2025 3637 vt
2057 3570 2294 3639 nedum
2328 3572 2424 3639 eis
2458 3593 2574 3659 per
2603 3593 2721 3639 nos
2754 3587 3077 3638 concessa

819 3686 885 3748 et
931 3675 1202 3762 tradita,
1254 3696 1479 3746 verum
1510 3679 1719 3747 eciam
1752 3680 1888 3747 alia
1918 3700 1960 3746 a
1990 3679 2444 3748 munificencia
2496 3681 2704 3765 Regia
2744 3680 2975 3746 merito
3006 3688 3077 3744 et

820 3791 1118 3874 patenter
1147 3787 1414 3872 assequi
1445 3787 1827 3877 potuissent,
1880 3788 2271 3876 peticionem
2306 3786 2655 3856 eorundem
2700 3783 3079 3854 huiusmodi

820 3892 1272 3962 fauorabiliter
1304 3892 1386 3960 de
1417 3894 1826 3981 benignitate
1854 3897 2122 3982 Regalis
2174 3895 2597 3964 sublimitatis
2630 3894 3081 3974 admittentes,

821 4000 954 4071 iam
987 4002 1228 4069 dictam
1259 4007 1499 4072 terram
1519 4006 1703 4072 me
1735 4026 1881 4073 cum
1902 4006 2201 4074 omuibus
2232 4005 2678 4091 pertinencijs,
2711 4001 2916 4086 siluis,
2954 4022 3079 4068 nec

819 4130 952 4178 nou
1000 4109 1372 4195 attinencijs
1403 4116 1468 4178 et
1505 4111 1897 4181 utilitatibus
1929 4112 2270 4198 vniuersis,
2321 4133 2400 4180 ac
2432 4112 2635 4200 pratis
2669 4129 2785 4176 seu
2814 4111 3079 4192 fenetis,

820 4223 885 4283 et
918 4216 1293 4301 specialiter
1344 4240 1487 4285 cum
1522 4220 1664 4287 loco
1718 4220 2067 4289 molendini
2117 4222 2184 4286 in
2216 4220 2406 4288 metis
2446 4227 2512 4286 et
2559 4216 2852 4284 terminis
2904 4229 3081 4283 terre

819 4323 1108 4391 eiusdem
1141 4327 1465 4412 existenti,
1520 4328 1685 4414 ipsis
1717 4327 1958 4395 Comiti
1989 4327 2266 4397 Nicolao
2299 4328 2433 4395 filio
2465 4323 2797 4395 Theodori
2847 4333 2911 4395 et
2945 4327 3081 4392 Ma-

819 4432 1024 4517 gistro
1056 4433 1403 4519 Duruzlou,
1459 4443 1523 4503 et
1554 4456 1671 4523 per
1706 4456 1818 4504 eos
1852 4436 1994 4503 suis
2026 4434 2399 4522 heredibus,
2450 4434 2890 4519 heredumque
2932 4455 3081 4501 suo-

819 4558 961 4606 rum
1009 4543 1491 4610 successoribus
1542 4540 1865 4628 dedimus,
1925 4541 2317 4613 donauimus
2372 4551 2436 4610 et
2491 4543 2881 4609 contulimus
2933 4542 3080 4608 iure

817 4653 1131 4740 perpetuo
1160 4649 1630 4736 possidendam
1652 4651 1896 4737 pariter
1916 4657 1980 4718 et
1997 4651 2390 4737 habendam,
2426 4651 2491 4717 in
2513 4649 2761 4718 eisdem
2781 4649 3079 4732 antiquis
