3359 5250
1748 494 1777 501 ,
1839 400 2049 500 39Ξη

771 560 1272 698 presumpserit,
1302 601 1817 687 indignationem
1871 597 2357 685 Omnipotentis
2397 593 2523 661 Dei
2577 601 2641 659 et
2680 592 3027 660 Beatorum

773 715 949 784 Petri
981 723 1049 783 et
1066 713 1256 781 Pauli
1277 710 1738 798 Apostolorum
1771 708 1909 775 eius
1943 726 2016 775 se
2032 704 2292 772 noverit
2323 703 2751 770 incursurum.
2788 701 3028 765 Datum

774 823 1053 912 Neapoli
1086 823 1257 890 VIII.
1311 818 1633 887 kalendas
1666 816 1829 885 Maii
1859 815 2283 884 Pontificatus
2338 811 2541 880 nostri
2576 828 2748 875 anno
2802 805 3027 892 primo.

869 1024 1145 1089 (Theiner‚
1171 1024 1368 1074 Vetera
1394 1023 1749 1074 Monumenta
1771 1016 2055 1070 Slavorum
2084 1012 2522 1065 Meridionalium
2548 1013 2591 1061 Ι.
2622 1011 2732 1059 kot.
2758 1010 2849 1056 84.
2877 1003 2939 1071 1.)

1651 1301 2176 1314 α*-

1828 1749 1985 1819 279.

795 1937 912 2003 IV.
934 1938 1191 2005 Sa'ndor
1215 1939 1392 2023 pdpa
1425 1935 1848 2003 Columbanus
1877 1934 2123 1998 hav-citet
2153 1932 2349 1995 wau-i
2368 1927 2728 2017 piispo'knek
2757 1927 3045 1992 hinet-eei.

1817 2039 2012 2106 1255.

1006 2222 1384 2293 Alexander
1413 2223 1781 2311 Episcopus
1812 2238 2038 2288 servus
2078 2238 2408 2287 servorum
2439 2218 2566 2286 Dei
2599 2216 2860 2285 dilectis
2890 2217 3043 2285 filiis

796 2386 811 2401 .
850 2382 863 2398 .
900 2384 915 2399 .
948 2332 1423 2400 Archidiacono
1457 2338 1520 2398 et
1553 2328 1856 2428 capitulo
1883 2325 2433 2413 Traguriensibus
2464 2326 2743 2395 salutem
2775 2335 2842 2394 et
2872 2327 3044 2413 Apo-

796 2440 1093 2509 stolicam
1125 2438 1660 2507 benedictionem.
1702 2436 1885 2505 Licet
1914 2438 2290 2505 continuata
2319 2435 2907 2523 supervenientium
2940 2456 3043 2503 ne-

795 2549 1116 2636 gotiorum
1164 2546 1484 2615 instantia
1532 2566 1652 2616 nos
1675 2598 1693 2633 ‚
1756 2546 1867 2633 qui
1919 2545 2305 2634 disponente
2355 2543 2632 2613 Domino
2688 2544 3043 2613 universali

796 2660 1099 2747 regimini
1150 2678 1543 2745 quamquam
1594 2655 2141 2725 insufficientibus
2192 2655 2439 2724 meritis
2478 2654 2906 2742 presidemus,
2955 2655 3045 2721 in·

798 2768 1075 2837 saltibus
1108 2769 1379 2856 impetat
1408 2767 1824 2851 successivis,
1856 2765 2229 2834 sollicitudo
2260 2772 2480 2835 tamen
2512 2764 2792 2832 omnium
2825 2764 3043 2832 Eccle-

797 2878 1039 2946 siarum
1091 2877 1333 2945 nostris
1380 2877 1759 2944 incumbens
1789 2876 2098 2962 humeris,
2147 2882 2329 2943 tanto
2379 2875 2621 2942 arctius
2667 2873 3045 2958 quotidiana

797 3006 918 3054 nos
941 2983 1362 3053 meditatione
1385 2989 1714 3072 perurget,
1748 2988 1987 3070 quanto
2008 2983 2094 3051 ad
2126 2982 2195 3050 id
2214 3003 2433 3052 sumus
2454 2980 2826 3071 specialius,
2849 2981 3044 3050 immo

802 3091 1223 3183 principalius
1246 3092 1559 3181 deputati.
1602 3092 1762 3160 Cum
1793 3092 1996 3178 igitur
2017 3112 2133 3180 per
2163 3092 2415 3159 litteras
2445 3097 2721 3176 vestras,
2753 3097 2819 3157 et
2848 3090 3044 3157 etiam

802 3223 918 3291 per
947 3202 1251 3270 dilectum
1302 3203 1506 3270 filium
1536 3202 1825 3269 Marcum
1857 3201 2316 3284 Presbiterum,
2367 3211 2431 3268 et
2461 3198 2851 3268 Gervasium
2892 3200 3045 3268 Dia·

803 3332 1058 3394 conum,
1092 3308 1457 3379 Canonicos
1487 3316 1761 3393 vestros,
1802 3330 1964 3396 quos
1996 3310 2077 3378 de
2108 3309 2418 3379 fidelitate
2448 3316 2512 3378 et
2532 3310 2873 3395 diligentia
2905 3310 3043 3396 plu-

801 3420 1029 3486 rimum
1049 3419 1598 3506 commendamus,
1630 3419 1822 3488 nobis
1854 3418 2131 3487 duxistis
2152 3440 2297 3487 cum
2326 3419 2641 3487 instantia
2677 3419 3046 3506 supplican-

806 3528 979 3612 dum,
1031 3535 1102 3595 ut
1132 3528 1429 3596 Ecclesie
1477 3532 1696 3595 vestre
1734 3529 2017 3614 pastoris
2067 3527 2375 3598 destitute
2421 3528 2656 3597 solatio
2707 3528 3047 3615 providere

804 3638 884 3705 dc
913 3635 1226 3705 Pontifice
1259 3655 1670 3721 curaremus;
1718 3656 1835 3703 nos
1868 3637 2160 3706 volentes
2191 3643 2405 3706 vestro
2452 3636 2837 3707 satisfacere
2877 3636 3043 3704 desi·

801 3743 980 3813 derio
1031 3744 1099 3810 in
1149 3744 1277 3811 hac
1305 3748 1511 3831 parte,
1564 3765 1644 3811 ac
1694 3743 2101 3816 intendentes
2150 3746 2348 3812 talem
2398 3743 2642 3814 ibidem
2692 3763 3045 3832 personam

804 3853 1129 3939 preficere,
1165 3872 1292 3937 que
1322 3852 1469 3940 plus
1502 3854 1637 3920 suis
1671 3852 1918 3921 meritis
1937 3854 2314 3922 Presulatus
2345 3853 2730 3939 dignitatem
2753 3856 3045 3936 extollat,

805 3981 998 4046 quam
1030 3961 1182 4047 ipsa
1199 3960 1623 4029 Pontificatus
1656 3960 1963 4029 efferatur
1992 3963 2274 4048 honore3
2309 3963 2744 4030 venerabilem
2776 3964 3045 4032 fratrem

806 4069 1276 4160 columbanum
1326 4067 1720 4156 Episcopum
1777 4069 2278 4154 Traguriensem
2336 4071 2874 4139 Penitentiarium
2938 4094 3044 4138 no-

806 4186 1008 4245 strum
1041 4174 1304 4244 Ordinis
1336 4176 1674 4263 Minorum‚
1709 4175 1918 4245 virum
1951 4178 2172 4263 utique
2202 4179 2561 4246 litterarum
2594 4180 2867 4247 scientia
2906 4201 3046 4269 pre-

802 4287 1011 4354 ditum
1033 4337 1050 4372 ,
1115 4305 1362 4353 morum
1413 4287 1756 4354 honestate
1806 4293 1869 4353 et
1920 4288 2176 4356 consilii
2234 4288 2603 4355 maturitate
2657 4292 3045 4375 preclarum,

808 4394 1018 4464 eidem
1050 4394 1344 4463 Ecclesie
1392 4397 1762 4481 preficimus
1803 4394 1885 4462 de
1914 4395 2184 4463 fratrum
2236 4403 2601 4474 nostrorum
2643 4398 2913 4466 consilio
2963 4398 3049 4465 dc

799 4502 1146 4592 potestatis
1194 4502 1593 4591 plenitudine
1641 4504 1710 4571 in
1748 4503 2137 4591 Episcopum
2169 4513 2233 4573 et
2280 4511 2627 4593 pastorem,
2674 4507 2871 4591 piena
2920 4506 3049 4573 sibi

807 4619 939 4678 tam
991 4610 1057 4677 in
1109 4608 1573 4699 spiritualibus,
1626 4629 1821 4697 quam
1872 4610 1938 4679 in
1984 4614 2446 4700 temporalibus
2498 4613 2706 4700 ipsius
2756 4615 3049 4684 Ecclesie

805 4717 1364 4786 administratione
1396 4739 1749 4804 concessa;
1789 4718 1970 4787 firma
2000 4743 2117 4806 spe
2158 4721 2521 4806 fiduciaque
2556 4730 2825 4802 retenta,
2876 4725 3051 4807 quod
