3359 5250
1444 344 1574 407 377

382 541 695 608 noticiam
744 543 973 609 harum
1024 542 1193 608 serie
1243 542 1607 608 litterarum
1663 541 1959 608 uolumus
2012 540 2355 628 peruenire
2378 592 2394 624 ,
2460 534 2632 622 quod

380 649 680 718 Andreas
712 650 883 717 filius
923 650 1145 719 Petres
1179 651 1260 717 de
1280 650 1629 735 Feirighaz
1662 650 1747 716 ab
1780 671 1912 716 vna
1944 656 2166 737 parte3
2201 649 2426 718 Mikou
2462 645 2633 714 filius

378 758 629 825 Kersen
665 760 746 826 de
773 758 981 825 Tikus
1014 780 1096 825 ex
1128 760 1355 843 altera,
1388 760 1455 825 in
1488 763 1715 827 nostra
1746 759 2076 828 constituti
2116 757 2458 847 presencia
2489 776 2633 823 con·

384 865 548 933 sessi
579 874 728 933 sunt
759 868 1028 936 oraculo
1078 869 1229 935 uiue
1258 868 1476 951 uocis;
1529 877 1600 935 ut
1629 889 1748 953 per
1779 866 2321 953 composicionem
2361 863 2630 932 Comitis

380 973 705 1042 Johannis
738 973 850 1059 filij
886 975 1044 1063 Isip‚
1097 984 1163 1044 et
1194 976 1493 1065 Gregorij
1526 976 1641 1061 filij
1678 957 1866 1042 Gicel
1917 973 1999 1044 de
2030 995 2268 1059 genere
2301 975 2501 1056 Beuu,
2552 993 2631 1040 ac

379 1081 630 1149 Chama
681 1082 762 1150 de
811 1085 1252 1171 Huruatbkut,
1313 1085 1395 1152 ob
1447 1084 1869 1151 dileccionem
1924 1081 2340 1167 cognacionis
2365 1133 2382 1166 ,
2436 1100 2632 1168 super

379 1210 582 1257 causa
616 1192 955 1261 diuisionis
1006 1193 1492 1280 possessionum
1524 1193 1815 1279 ipsorum
1856 1191 2008 1258 olim
2042 1193 2234 1274 facte,
2286 1192 2408 1258 boc
2437 1190 2630 1258 modo

375 1320 450 1366 se
469 1301 933 1369 reformassent
955 1325 971 1386 ;
1007 1311 1078 1370 ut
1095 1303 1265 1369 sicut
1284 1301 1437 1370 olim
1470 1300 1798 1390 predictus
1819 1303 2087 1387 Kersen,
2133 1307 2319 1386 pater
2337 1297 2626 1366 eiusdem

371 1409 627 1495 Mikou,
664 1416 730 1475 et
762 1409 974 1477 dictus
1007 1411 1327 1493 AndreaS,
1381 1411 1742 1478 diuiserant
1773 1409 1943 1476 inter
1969 1408 2147 1495 ipsos
2180 1406 2630 1494 possessiones

379 1536 624 1599 eorum,
687 1518 915 1585 eodem
969 1518 1160 1585 modo
1210 1518 1724 1601 commisissent;
1790 1516 2098 1584 uidelicet
2153 1515 2629 1604 possessionem

378 1626 731 1712 Feirigbaz
762 1647 907 1694 cum
939 1627 1240 1695 omnibus
1273 1625 1664 1693 utilitatibus
1697 1626 1853 1709 suis,
1889 1624 2008 1692 sub
2031 1625 2316 1708 antiquis
2348 1623 2534 1691 metis
2567 1631 2630 1690 et

379 1733 692 1819 terminis,
746 1735 978 1818 quibus
1011 1755 1054 1800 a
1084 1734 1319 1803 uicinis
1370 1735 1506 1801 suis
1538 1741 1904 1821 separatur,
1958 1733 2166 1800 dictus
2202 1731 2429 1799 Mikou
2463 1752 2630 1799 com-

380 1842 666 1910 misisset
696 1850 763 1909 et
812 1842 1182 1928 reliquisset
1234 1843 1493 1909 Andree
1523 1842 1815 1927 predicto
1848 1848 1916 1910 et
1959 1843 2096 1909 suis
2146 1839 2628 1926 posteritatibus

377 1956 699 2039 perpetuo
729 1949 1106 2037 possidere;
1160 1971 1197 2017 e
1229 1969 1542 2019 conuerso
1575 1957 1793 2016 autem
1842 1950 2013 2018 idem
2046 1950 2345 2017 Andreas
2378 1968 2629 2035 posses-

379 2062 629 2130 sionem
664 2059 869 2127 'l'ikus
900 2067 966 2127 et
997 2060 1366 2146 porcionem
1402 2079 1620 2127 eorum
1651 2061 1720 2127 in
1752 2060 2050 2128 Zeuchen
2096 2049 2385 2126 habitam
2418 2055 2628 2125 dedis·

379 2177 481 2236 set
516 2177 581 2236 et
612 2168 982 2252 reliquisset
1013 2166 1225 2234 eidem
1247 2168 1470 2236 Mikou
1502 2177 1568 2236 et
1600 2169 1736 2236 suis
1769 2167 2118 2237 heredibus
2152 2166 2451 2235 similiter
2487 2186 2624 2251 per·

379 2283 581 2364 petuo
610 2276 992 2362 possidere3
1025 2274 1143 2343 tali
1176 2275 1589 2362 obligacione
1622 2276 1974 2360 mediante,
2026 2275 2199 2360 quod
2231 2275 2288 2342 si
2319 2292 2628 2362 processu

277 2471 288 2480 .
377 2385 694 2472 temporis
725 2385 938 2470 ipsam
992 2382 1379 2454 diuisionem
1410 2392 1524 2451 aut
1555 2384 1705 2473 ipsi,
1759 2384 1862 2452 uel
1895 2383 2134 2469 aliquis
2166 2382 2249 2450 de
2295 2381 2627 2470 posterita-

377 2495 556 2562 tibus
607 2492 896 2581 ipsorum
951 2502 1304 2578 reuocaret,
1359 2492 1454 2559 illi
1487 2493 1597 2579 qui
1649 2494 1867 2581 ipsam
1906 2492 2293 2561 diuisionem
2327 2494 2627 2561 obserua-

375 2610 501 2688 ret,
533 2603 589 2669 L
622 2620 897 2687 mareas,
935 2600 1076 2670 sine
1108 2601 1417 2688 porcione
1450 2601 1708 2686 iudicis,
1762 2601 1921 2670 dare
1961 2608 2309 2670 teneretur.
2342 2602 2413 2668 In
2447 2601 2627 2668 cuius

379 2713 478 2779 rei
530 2709 956 2779 stabilitatem
990 2716 1056 2777 et
1104 2711 1476 2777 firmitatem
1508 2710 1594 2778 ad
1644 2710 2036 2798 peticionem
2086 2702 2379 2798 'parcium
2434 2730 2630 2797 super

378 2823 504 2888 bec
534 2820 860 2907 premissa
907 2818 1228 2886 ambabus
1261 2819 1557 2905 partibus
1609 2819 1907 2888 dedimus
1939 2818 2190 2888 litteras
2221 2825 2495 2903 nostras,
2545 2818 2627 2885 si-

378 2928 524 3013 gilli
558 2928 763 2995 nostri
816 2926 1164 2993 munimine
1195 2926 1644 2994 communitas.
1699 2930 1939 2995 Datum
1970 2929 2036 2995 in
2086 2927 2193 2995 die
2245 2927 2626 3010 animarum,

378 3057 552 3103 anno
585 3035 848 3103 Domini
881 3038 970 3103 Μο
993 3037 1122 3104 00⁰
1145 3036 1369 3119 LIIH⁰;
1402 3037 1607 3104 Beato
1639 3036 1923 3121 Abbate,
1961 3035 2313 3103 Benedicto
2337 3036 2625 3118 Dec-ano,

381 3147 644 3216 Lucach
677 3146 979 3228 Custode,
1030 3146 1309 3215 Baldino
1344 3145 1639 3230 Cantore,
1674 3145 1941 3213 Andrea
1970 3145 2242 3212 Bisseno
2277 3141 2625 3227 Celerario,

379 3254 749 3338 ceterisque
784 3256 1091 3323 frati-ibus
1125 3254 1366 3331 ibidem
1408 3254 1858 3324 existentibus.

580 3455 682 3521 (Aa
709 3455 912 3508 eredeti
940 3453 1073 3509 utan
1098 3456 1291 3507 Knauz
1318 3452 1554 3518 Naudon
1580 3457 1813 3523 Magyar
1836 3456 1962 3508 Sion
1992 3455 2061 3505 11.
2093 3455 2202 3505 kot.
2234 3457 2352 3507 679.
2382 3455 2439 3520 1.)

1241 3761 1769 3774 Ἤ
