3359 5250
1433 356 1521 424 53

341 554 503 620 dicti
532 555 779 621 domini
809 555 1078 622 Comitis
1130 564 1196 622 et
1225 556 1431 642 ipsius
1463 556 1719 643 Curiae,
1775 558 1942 624 hanc
1983 560 2485 643 postulationem
2538 570 2602 626 et

342 665 856 750 appellationem
888 665 1144 751 scripsi,
1176 668 1495 754 complevi
1525 674 1592 735 et
1622 667 1947 736 roboravi.

829 860 1078 925 (Parlati,
1107 862 1385 930 Illyricum
1410 864 1633 917 Sacrum
1658 867 1724 919 V.
1751 866 1865 919 ket.
1891 868 2017 918 241.
2044 867 2103 929 1.)

1401 1646 1513 1714 34.

337 1845 372 1909 l
384 1843 449 1910 V.
488 1843 656 1909 Bau
687 1844 1032 1931 kirdlynak
1067 1845 1312 1911 Perea&
1354 1847 1519 1910 nevil
1568 1844 1842 1911 birtokot
1871 1850 2179 1934 tdrqyazo
2225 1847 2590 1936 adomdnya

860 1955 1090 2041 Yqiniq
1122 1976 1316 2021 comes
1328 1952 1466 2039 fiai
1491 1956 1811 2022 namara.
1855 1957 2052 2026 1238.

542 2150 712 2215 Bela
759 2149 882 2217 Dei
933 2149 1157 2235 gracia
1188 2150 1494 2235 vagaris,
1549 2151 1915 2235 Dalmacie,
1969 2150 2307 2238 Chroacie,
2357 2155 2585 2235 Rarus,

329 2259 576 2343 Seruie,
610 2257 912 2343 Gallicie,
930 2257 1316 2326 Lodomerie
1339 2257 1782 2343 Cumanieque
1811 2261 1952 2327 Rex
1983 2259 2307 2330 uniuersis
2340 2262 2584 2331 Christi

329 2366 634 2433 fidelibus
666 2369 1036 2451 presentem
1085 2364 1395 2450 paginam
1427 2365 1824 2452 inspecturis
1869 2367 2152 2436 salutem
2200 2368 2268 2434 in
2301 2389 2456 2437 uero
2487 2392 2588 2439 sa·

329 2474 541 2542 lutari.
595 2473 702 2539 Ad
732 2472 1182 2541 uniuersorum
1234 2479 1369 2539 tam
1423 2472 1880 2542 modernorum
1930 2495 2128 2559 quam
2179 2483 2586 2562 posterorum

328 2583 636 2652 noticiam
688 2586 912 2649 tenore
971 2582 1379 2669 presencium
1430 2583 1733 2652 uolumus
1794 2583 2136 2671 peruenire
2158 2637 2176 2670 ,
2244 2584 2418 2668 quod
2468 2585 2586 2672 filij

328 2692 594 2778 Yginig,
629 2689 987 2775 Gregorius
1016 2690 1321 2759 uidelicet
1350 2697 1414 2758 et
1445 2692 1627 2760 Enoc
1655 2690 1740 2759 de
1771 2693 2049 2759 Perekw
2069 2692 2459 2761 accedentes
2497 2695 2586 2762 ad

329 2807 617 2870 nostram
650 2798 1059 2887 presenciam
1091 2798 1416 2886 dixerunt,
1466 2798 1640 2883 quod
1672 2799 1804 2885 ipsi
1837 2800 2204 2867 habuerunt
2234 2806 2471 2869 terram
2519 2801 2586 2867 in

329 2911 565 2993 insula,
619 2927 815 2991 quam
845 2913 1037 2993 pater
1080 2914 1306 2974 noster
1335 2906 1636 2975 Andreas
1667 2909 1810 2976 Rex
1840 2907 2066 2976 inclite
2100 2908 2585 2978 recordacionis

328 3019 411 3084 ab
443 3017 543 3083 eis
575 3016 950 3101 recepisset,
1002 3020 1067 3080 et
1095 3014 1163 3080 in
1205 3014 1651 3082 concambium
1701 3021 1873 3082 terre
1921 3015 2098 3083 illius
2137 3015 2303 3102 ipsis
2340 3021 2584 3083 terram

328 3124 539 3192 Castri
572 3123 883 3190 Albensis
932 3123 1192 3190 nomine
1222 3124 1497 3191 Perekw
1548 3123 1949 3191 contulisset.
2005 3124 2145 3189 Nos
2205 3142 2357 3191 uero
2391 3122 2585 3191 dilec-

324 3243 457 3303 tum
489 3239 557 3300 et
606 3232 865 3300 fidelem
912 3239 1201 3300 nostrum
1233 3233 1665 3300 Laurencium
1716 3237 1868 3297 tunc
1917 3229 2229 3316 temporis
2264 3228 2583 3298 Comitem

323 3342 675 3410 Albensem
733 3341 1214 3409 transmisimus
1247 3339 1335 3408 ad
1368 3340 1818 3425 inquirendam
1865 3340 2060 3408 huius
2090 3340 2186 3407 rei
2216 3337 2580 3426 ueritatem,

323 3448 629 3517 uidelicet
660 3449 718 3515 si
772 3448 1050 3535 predicti
1083 3448 1442 3534 Gregorius
1474 3447 1569 3536 (et
1598 3448 1782 3515 Enoc
1817 3446 2093 3536 terra)m
2123 3447 2191 3514 in
2223 3447 2441 3515 insula
2472 3449 2582 3515 ha·

325 3559 640 3641 huissent,
689 3563 755 3625 et
788 3559 854 3624 in
886 3557 1337 3626 concambium
1367 3557 1549 3625 illius
1581 3563 1752 3625 terre
1784 3556 2301 3643 prenominatam
2338 3562 2584 3623 terram

322 3667 523 3735 castri
553 3667 864 3735 Albensis
915 3665 1012 3734 eis
1061 3666 1462 3736 contulisset.
1504 3666 1736 3734 Dictus
1787 3666 1986 3752 igitur
2016 3701 2104 3714 —
2135 3701 2225 3713 --
2255 3700 2344 3713 -
2378 3701 2462 3713 -
2497 3664 2586 3731 ad

320 3780 613 3844 nostram
664 3774 923 3843 rediens
970 3773 1406 3861 presenciam,
1454 3772 1639 3857 dixit,
1692 3771 1869 3857 quod
1915 3779 2091 3840 terra
2138 3768 2579 3858 predictorum

320 3882 403 3949 G.
436 3890 505 3950 et
534 3885 634 3968 E„
669 3905 865 3968 quam
915 3883 1285 3952 habuerunt
1314 3884 1382 3950 in
1427 3882 1663 3967 insula,
1718 3883 1921 3950 multo
1953 3881 2160 3948 maior
2211 3886 2278 3947 et
2306 3879 2586 3965 amplior

319 3991 572 4075 fuisset,
623 4011 822 4076 quam
852 3991 990 4076 illa,
1044 4011 1241 4076 quam
1283 3998 1473 4077 pater
1519 3995 1742 4058 noster
1771 3988 1938 4077 ipsis
1987 3986 2279 4072 dederat,
2332 3988 2585 4055 scilicet

319 4099 407 4166 ad
432 4099 563 4166 tria
615 4104 838 4166 aratra
886 4107 952 4167 et
982 4099 1322 4167 dimidium
1374 4098 1821 4167 sufficientem.
1878 4096 2064 4163 Vnde
2102 4116 2221 4163 nos
2274 4093 2576 4182 superius

316 4207 720 4277 nominatam
770 4207 1207 4292 quantitatem
1241 4213 1409 4274 terre
1437 4205 1737 4289 Perekw,
1789 4203 1844 4272 si
1853 4209 1960 4271 cut
1988 4203 2179 4270 nobis
2209 4201 2387 4270 idem
2418 4202 2582 4270 Lau·

316 4315 578 4384 rencius
611 4314 843 4382 Comes
899 4314 1089 4399 dixit,
1139 4320 1207 4381 et
1239 4314 1489 4381 eisdem
1539 4313 1819 4380 instituit
1837 4364 1856 4398 ,
1908 4309 2262 4398 sepedictis
2295 4307 2374 4376 G.
2409 4315 2474 4377 et
2503 4310 2579 4378 Ε.

320 4424 717 4492 contulimus
747 4429 1064 4511 perpetuo
1105 4422 1593 4510 possidendam.
1647 4423 1734 4487 Vt
1764 4420 1964 4505 igitur
1992 4419 2116 4488 hoc
2147 4424 2358 4487 ratum
2390 4425 2456 4486 et
2485 4416 2582 4485 fir-

315 4551 493 4600 mum
542 4532 865 4600 habeatur
892 4530 960 4599 in
988 4535 1341 4620 posterum,
1393 4534 1762 4618 presentem
1813 4526 2126 4615 paginam
2176 4524 2454 4615 duplicis
2501 4527 2582 4594 si·

315 4639 461 4724 gilli
510 4639 717 4707 nostri
780 4638 1136 4707 munimine
1196 4639 1472 4708 fecimus
1519 4637 1585 4703 in
1628 4642 2039 4724 perpetuum.
2104 4636 2347 4706 Datum
2397 4634 2581 4703 Bude
