3359 5250
1373 382 1504 454 253

314 578 463 646 dem
498 578 823 664 Civitatis,
858 599 937 646 ac
956 577 1228 665 Georgii
1260 581 1541 650 Abbatis
1560 581 1872 649 Ooenobii
1901 581 2204 649 dedicavi
2226 584 2576 653 ecclesiam

313 687 538 754 Sancti
571 685 841 773 Georgii
893 686 980 753 ad
1031 685 1296 755 laudem
1330 687 1453 755 Dei
1506 695 1572 755 et
1602 688 1914 756 honorem
1965 686 2250 756 Sanctae
2298 690 2571 778 Mariae,

316 816 435 863 nec
485 817 618 864 non
668 796 943 864 aliorum
966 846 984 880 ‚
1036 816 1306 881 quorum
1359 797 1676 881 reliquiae
1710 794 1816 862 hic
1866 794 2297 882 continentur,
2353 799 2575 865 Sancti

317 905 610 994 Georgii,
643 905 881 975 Abdon
915 913 982 973 et
1014 907 1274 974 Sennen
1323 915 1705 993 martyrum,
1739 926 1819 974 ac
1857 907 2237 975 Sanctorum
2271 908 2579 978 Innocen-

316 1015 516 1100 tium3
552 1033 723 1099 quae
754 1013 1055 1081 Ecclesia
1089 1013 1410 1101 praedicti
1441 1015 1570 1084 loci
1600 1022 1741 1084 erat
1771 1014 2347 1100 praedecessorum
2378 1017 2577 1087 totius

319 1121 820 1191 Communitatis
853 1121 1270 1192 Catharinae.
1307 1123 1766 1192 venerabilem
1795 1122 1920 1191 Dei
1952 1122 2317 1191 Ecclesiam
2351 1125 2580 1210 guber-

318 1236 520 1300 nante
551 1230 930 1299 Innocentio
962 1230 1365 1318 Apostolico,
1398 1229 1660 1299 domino
1693 1237 1908 1299 autem
1930 1231 2204 1299 Uroscio
2238 1241 2575 1319 regnante.

322 1339 512 1419 Quod
562 1359 878 1427 praesens
928 1339 1242 1425 scriptum
1276 1340 1415 1407 fieri
1465 1339 1589 1408 feci
1638 1361 1757 1427 per
1788 1340 2150 1409 Diaconum
2181 1342 2464 1409 Micham
2498 1341 2579 1409 de

323 1447 543 1533 Gigna
573 1448 917 1518 Notarium
947 1449 1325 1536 praedictae
1347 1448 1868 1535 communitatis,
1883 1455 1886 1458 ’
1904 1469 2049 1517 cum
2081 1471 2275 1519 manu
2308 1453 2578 1539 propria

322 1565 385 1625 et
415 1559 605 1644 signo
654 1563 981 1626 consueto.

793 1755 1044 1826 (Far-lati,
1071 1758 1351 1826 Illyricum
1376 1759 1605 1813 Sacrum
1631 1759 1725 1813 VI.
1755 1759 1867 1812 kat.
1896 1760 2018 1812 439.
2049 1761 2109 1827 1.)

1190 2065 1724 2079 m

1367 2567 1515 2636 177.

334 2767 377 2831 I
384 2766 452 2833 V.
490 2767 651 2833 BeZa
696 2767 904 2853 Ηνάίῃ
954 2766 1171 2834 Ιειυάη
1201 2767 1401 2836 Jdnos
1449 2771 1675 2837 viador
1706 2771 1955 2855 fidnak,
2005 2795 2036 2837 a
2050 2775 2154 2858 fia
2199 2772 2521 2839 Jcinoenak
2552 2799 2592 2839 a

592 2874 753 2941 τὸἰὸΙε
781 2876 955 2941 elvett
981 2875 1360 2964 budavo‘lqyi
1389 2877 1647 2944 bio-taket
1674 2882 1878 2946 visaza
1911 2881 2075 2967 adja.
2135 2880 2325 2946 1248.

548 3070 711 3140 Bela
729 3071 854 3140 Dei
873 3071 1101 3157 gracia
1120 3072 1477 3160 Hungarie‚
1513 3075 1874 3161 Dalmacie,
1908 3075 2333 3163 Choroachie‚
2365 3078 2591 3163 Rama,

337 3178 581 3265 Seruie,
614 3179 913 3268 Gallicie,
947 3180 1352 3267 Lodomerie,
1386 3179 1828 3269 Comanieque
1859 3183 1999 3249 Rex
2031 3184 2331 3251 omnibus
2352 3183 2597 3251 Christi

334 3287 634 3356 fidelibus
665 3295 1031 3375 presentem
1066 3291 1381 3376 paginam
1419 3291 1812 3378 inspecturis
1844 3291 2121 3359 salutem
2155 3300 2222 3361 et
2252 3313 2441 3360 omne
2486 3293 2595 3361 bo-

334 3417 508 3464 num.
543 3396 867 3476 Quoniam
902 3397 1400 3466 succedentibus
1451 3399 1654 3466 uariis
1687 3406 1933 3468 etatum
1963 3400 2364 3487 temporibus
2395 3401 2591 3470 colla-

338 3508 558 3577 ciones
590 3525 708 3574 seu
730 3505 1199 3594 disposiciones
1232 3508 1486 3593 Regum
1508 3508 1725 3576 solent
1744 3508 1966 3595 sepius
1999 3508 2346 3577 obliuionis
2380 3511 2596 3578 cinere

338 3616 622 3706 sepeliri,
655 3616 886 3686 maiori
918 3617 1192 3687 consilio
1224 3618 1559 3706 prouisum
1596 3626 1714 3704 est,
1759 3639 1872 3688 eas
1907 3618 2204 3705 apicibus
2233 3619 2597 3688 litterarum

337 3728 759 3812 perhennare.
815 3726 959 3793 Hac
1006 3725 1207 3812 igitur
1257 3725 1791 3796 consideracione
1841 3726 2090 3795 inducti
2138 3728 2225 3796 ad
2263 3728 2600 3798 uniuerso·

338 3853 478 3900 rum
531 3834 942 3921 presencium
992 3844 1057 3903 et
1105 3833 1470 3905 futurorum
1520 3836 1827 3904 noticiam
1880 3837 2177 3905 uolumus
2226 3836 2596 3924 peruenire,

340 3940 512 4027 quod
547 3943 935 4011 accedentes
968 3943 1036 4009 in
1067 3944 1474 4028 presenciam
1505 3951 1798 4013 nostram
1823 3944 2195 4031 Stephanus
2225 3944 2426 4012 frater
2455 3943 2598 4012 Iho·

338 4049 529 4117 annis
562 4050 807 4137 pugilis
840 4051 954 4137 filij
989 4051 1234 4138 Rodus,
1285 4059 1350 4119 et
1380 4053 1707 4120 ihoannes
1738 4052 1909 4120 filius
1942 4050 2234 4121 eiusdem
2265 4051 2597 4139 Ihoannis,

337 4159 672 4244 conquesti
705 4166 856 4227 sunt
886 4160 1095 4245 nobis,
1131 4160 1304 4247 quod
1335 4160 1754 4230 medietatem
1787 4160 2127 4230 cuiusdam
2157 4166 2325 4229 terre
2377 4179 2598 4229 eorum

339 4268 744 4354 Budawelge
772 4270 1054 4356 nomine,
1105 4290 1304 4356 quam
1355 4270 1440 4337 ab
1490 4270 1759 4356 antiquo
1811 4278 2103 4357 tempore
2142 4276 2329 4357 pater
2378 4289 2602 4337 eorum

337 4376 561 4444 Rodus
603 4376 969 4446 antedictus
1021 4384 1089 4445 et
1140 4397 1303 4446 auus
1353 4378 1629 4465 pacifice
1678 4397 1940 4466 semper
1989 4375 2438 4467 possederant,
2491 4375 2604 4442 Mi·

342 4483 529 4551 chael
560 4485 795 4554 Comes
844 4484 1045 4553 frater
1093 4483 1321 4553 Buzad
1370 4485 1643 4554 Comitis
1699 4486 2020 4554 existente
2049 4484 2300 4554 Comite
2349 4484 2605 4552 Woros·

342 4593 555 4661 diensi
588 4594 675 4662 ab
707 4595 804 4662 eis
836 4596 1235 4683 abstulisset,
1268 4603 1334 4662 et
1365 4595 1578 4663 eidem
1612 4595 1843 4664 Castro
1863 4596 2199 4664 statuisset
2227 4594 2603 4682 asserendo,

342 4701 544 4770 fuisse
576 4709 820 4771 terram
855 4701 1071 4771 Castri
1102 4702 1454 4789 antedicti3
1509 4710 1574 4770 et
1621 4701 1824 4790 inem
1856 4702 2184 4772 humiliter
2233 4703 2423 4772 nobis
2455 4724 2601 4792 sup-
