3359 5250
1703 321 2027 425 Aa*

737 523 802 589 in
850 523 1052 608 priori
1103 520 1346 589 iudicio
1396 523 1609 606 Pauty
1642 554 2210 568 ——————
2251 515 2567 601 Magistro
2614 513 2995 583 Alexandro

737 630 1069 699 Vicebano
1103 628 1449 716 priuilegio
1481 628 1779 717 predicto
1812 647 1941 694 uon
1976 626 2528 710 contradixerant,
2581 632 2649 692 et
2680 623 2997 691 iudicium

736 740 945 827 ipsius
995 738 1296 821 Magistri
1347 730 1708 804 Alexandri
1759 734 2073 802 Vicebani
2123 733 2205 800 de
2253 733 2518 803 iusticia
2563 738 2994 819 processerat,

736 848 1104 930 Pautynum
1126 895 1144 929 ,
1208 845 1574 930 Wogrisam
1640 849 1707 909 et
1769 843 2265 927 generacionem
2327 839 2676 908 eorundem
2749 838 2997 905 iudicio

739 952 1310 1038 condempnantes,
1363 955 1518 1036 quia
1569 953 1801 1018 iterato
1855 952 2328 1017 inchoauerant
2374 968 2642 1015 causam
2695 948 2858 1014 iuris
2896 966 2996 1013 or·

738 1060 892 1128 dine
921 1063 1355 1144 terminatam,
1408 1059 1657 1127 eisdem
1691 1080 1888 1145 super
1916 1059 2088 1126 facto
2139 1060 2347 1144 ipsius
2396 1064 2564 1125 terre
2612 1062 2998 1145 perpetuum

740 1170 1086 1237 silencium
1118 1170 1528 1255 imponendo,
1583 1168 1825 1234 dictam
1856 1173 2099 1233 terram
2132 1165 2534 1235 Graboscelo
2567 1166 2776 1234 Jacov
2815 1184 2999 1249 sepe-

738 1277 912 1344 dicto
977 1277 1357 1361 reliquimus
1408 1283 1474 1343 et
1524 1277 1867 1343 statuimus
1929 1276 2071 1341 iure
2132 1284 2445 1362 perpetuo
2504 1273 2997 1360 possidendam.

738 1386 963 1452 Prima
993 1385 1194 1469 igitur
1226 1392 1400 1452 meta
1431 1385 1622 1451 huius
1655 1393 1844 1463 terre,
1880 1383 2049 1451 sicut
2080 1385 2148 1449 in
2181 1383 2409 1452 eodem
2450 1380 2798 1470 priuilegio
2819 1382 2999 1449 Salo·

741 1490 952 1559 monis
983 1493 1152 1558 Bani
1184 1492 1469 1559 uidimus
1503 1491 1839 1575 contineri,
1874 1492 2107 1577 incipit
2137 1510 2179 1556 a
2209 1490 2492 1575 quodam
2513 1482 2827 1576 puteo,'et
2858 1496 2998 1555 ten-

742 1600 838 1667 dit
867 1620 985 1685 per
1037 1600 1358 1685 quendam
1409 1599 1674 1666 fluuium
1726 1599 1809 1665 ad
1844 1607 2093 1684 partem
2128 1599 2531 1681 orientalem,
2584 1605 2649 1664 et
2687 1595 2868 1664 uenit
2896 1616 3000 1663 su·

740 1708 959 1793 perius
1009 1707 1096 1773 ad
1148 1713 1425 1773 terream
1474 1714 1734 1789 metam,
1801 1713 1866 1772 et
1929 1708 2433 1774 conterminatur
2490 1713 2658 1774 terre
2710 1704 2998 1792 GurgyS,

742 1813 1049 1881 Wratech
1083 1835 1163 1881 ac
1196 1812 1574 1899 Gordizlay,
1630 1814 1743 1880 ubi
1777 1820 1874 1880 est
1908 1822 2081 1882 meta
2112 1820 2326 1882 terrea
2359 1815 2423 1880 in
2474 1816 2709 1882 arbore
2741 1817 3000 1884 nominc

740 1926 994 1999 hamat,-
1056 1921 1292 1988 deinde
1342 1924 1521 1989 uenit
1571 1919 1657 1986 ad
1714 1929 1962 2008 partem
2015 1922 2501 1991 meridionalem
2553 1923 2640 1990 ad
2687 1944 3000 2009 magnam

741 2031 918 2097 uiam
951 2029 1432 2114 exercitualem,
1485 2037 1550 2097 et
1581 2050 1700 2116 per
1731 2030 2003 2096 eandem
2034 2032 2212 2097 uiam
2245 2030 2425 2098 uenit
2455 2031 2541 2098 ad
2571 2051 2764 2098 unam
2807 2033 2997 2098 arbo-

742 2157 899 2219 rem,
961 2155 1088 2219 que
1138 2135 1331 2220 uulgo
1383 2143 1653 2203 uocatur
1706 2140 1941 2215 hav-oet,
2007 2143 2073 2204 et
2121 2138 2214 2204 ibi
2266 2141 2772 2208 conterminatur
2829 2147 3002 2208 terre

743 2245 1025 2329 Gurgys,
1061 2246 1366 2328 Dragsan
1399 2250 1466 2310 et
1496 2242 1911 2335 Gordyzlay5
1952 2245 2189 2312 deinde
2220 2247 2399 2313 uenit
2430 2247 2516 2314 ad
2548 2255 2802 2335 partem
2835 2250 3001 2317 occi-

744 2350 1073 2418 dentalem
1126 2351 1213 2419 ad
1260 2357 1497 2418 metam
1531 2352 1887 2438 Waratha3
1941 2353 2182 2421 abinde
2213 2353 2393 2420 uenit
2439 2355 2526 2421 ad
2558 2356 2876 2441 quasdam
2911 2357 2997 2423 ui—

745 2478 942 2543 neas3
979 2465 1045 2524 et
1073 2457 1226 2525 inde
1257 2457 1342 2525 ad
1372 2466 1506 2525 tres
1528 2465 1733 2526 metas
1765 2467 2034 2547 terreas,
2078 2461 2382 2529 videlicet
2410 2463 2764 2548 Dragsani‚
2800 2464 2998 2531 Hala-

742 2587 928 2654 pone,
965 2571 1029 2633 et
1048 2567 1464 2653 Gordyzlay3
1501 2575 1565 2637 et
1596 2567 1750 2636 inde
1781 2566 1870 2635 ad
1888 2569 2153 2637 fluuium
2176 2569 2635 2659 Granschech3
2676 2580 2741 2640 et
2760 2574 2999 2643 deinde

744 2676 917 2743 inter
945 2675 1112 2743 duas
1134 2678 1361 2743 vineas
1392 2677 1480 2743 ad
1500 2683 1740 2745 metam
1771 2684 2051 2744 terream
2074 2705 2089 2762 3
2133 2678 2371 2747 abinde
2393 2680 2573 2746 uenit
2606 2681 2691 2748 ad
2718 2683 2996 2766 priorem

744 2787 1003 2867 metam,
1040 2783 1151 2850 ubi
1181 2791 1281 2851 est
1311 2791 1563 2868 puteus,
1597 2784 1822 2870 ibique
1853 2787 2260 2854 terminatur.
2309 2788 2397 2855 Vt
2428 2794 2644 2855 autem
2678 2788 2870 2857 huius
2900 2794 2995 2857 rci

744 2891 948 2959 series
998 2891 1192 2958 robur
1237 2892 1527 2979 optineat
1575 2901 1888 2980 perpetue
1918 2893 2245 2962 firmitatis
2264 2946 2282 2980 ,
2337 2913 2460 2962 nec
2510 2896 2643 2962 ullo
2692 2916 2995 2983 umquam

744 3017 1054 3088 processu
1086 3006 1445 3086 temporum
1479 3001 1693 3086 possit
1727 3003 1832 3069 uel
1864 3003 2085 3069 ualeat
2114 3002 2182 3068 in
2215 3000 2462 3069 irritum
2502 3005 2819 3089 reuocari,
2860 3026 2995 3091 pre-

745 3113 964 3175 sentes
995 3108 1251 3176 litteras
1305 3109 1699 3175 contulimus
1732 3108 1938 3195 sigilli
1989 3109 2191 3177 nostri
2226 3112 2581 3178 munimine
2629 3113 2994 3181 roboratas.

743 3217 984 3284 Datum
1033 3236 1203 3282 anno
1238 3216 1322 3282 ab
1354 3218 1822 3287 Incaruacione
1856 3218 2117 3286 Domini
2167 3220 2515 3288 millesimo
2556 3220 2995 3291 ducentesimo

744 3324 1283 3409 quiuquagesimo
1320 3327 1526 3394 sexto.

747 3523 1025 3588 (Eredetic
1049 3520 1398 3591 b6rh21rtylm,
1444 3541 1478 3575 a
1503 3521 1845 3578 hironiszinii
1874 3526 2338 3592 fejer-voros-zffld
2385 3530 2839 3596 selyemzsinoron
2883 3533 2996 3600 flig-

1033 3622 1151 3682 ἔδει
1176 3616 1362 3683 pecset
1388 3618 1661 3679 elveszett,
1690 3636 1725 3671 a
1745 3621 1910 3675 budai
1937 3622 2038 3675 kir.
2065 3622 2305 3674 kamarai
2334 3620 2710 3688 leveltarban.)

1598 3916 2121 3926 m*-
