3359 5250
1898 334 2030 403 538

837 534 1035 604 cessit
1065 553 1260 621 super
1289 533 1596 620 porcione
1625 536 1794 599 terre
1826 531 2034 619 ipsius
2069 530 2339 599 Comitis
2364 531 2654 598 Paznani
2687 537 2754 598 et
2775 529 3091 615 Zounuk5

835 648 901 709 et
927 643 1080 711 lieet
1109 642 1212 711 ius
1245 645 1632 728 patronatus
1665 639 1752 707 sit
1785 638 1878 706 eis
1912 642 2271 707 eommunis
2304 639 2499 726 (igy),
2532 659 2661 709 non
2687 645 2909 706 tamen
2940 658 3081 726 pre·

832 749 1003 818 diete
1034 746 1163 817 due
1194 753 1413 835 partes
1464 745 1718 834 possint
1754 766 1960 833 prope
1991 746 2334 815 ecelesiam
2384 746 2829 816 mansiueulss
2860 743 3079 815 hedifi-

832 877 1002 925 care.
1035 857 1198 925 Item
1231 874 1634 924 communem
1685 853 1859 921 uiam
1893 855 1976 922 ad
2012 854 2355 922 ecelesiam
2408 856 2707 924 ueniendi
2738 855 2980 923 habent
3011 853 3077 921 in

829 961 1053 1051 spacio
1084 963 1204 1030 XL
1232 961 1652 1048 amplexuum
1705 980 1937 1028 manus
1971 981 2097 1030 vno
2128 960 2197 1027 in
2247 960 2610 1047 latitudine,
2661 960 2758 1028 ita
2789 961 2965 1048 quod
3010 963 3075 1030 in

826 1071 1054 1158 spaeio
1085 1069 1292 1158 ipsius
1323 1069 1479 1139 uille
1510 1070 1693 1137 nulla
1724 1068 1934 1156 possit
1965 1070 2259 1155 parcium
2294 1069 2647 1137 hedificare
2686 1070 2792 1135 uel
2826 1069 3074 1156 aliquid

826 1177 951 1247 sibi
981 1179 1352 1247 uendieare.
1404 1180 1490 1244 Vt
1522 1184 1740 1245 autem
1774 1178 1895 1245 hee
1926 1177 2165 1246 diuisio
2197 1177 2364 1245 inter
2409 1186 2632 1264 partes
2667 1178 3074 1263 prenomina-

825 1293 929 1355 tas
977 1288 1165 1354 firma
1209 1295 1276 1355 et
1306 1284 1565 1352 stabilis
1597 1292 1994 1373 perseueret,
2049 1285 2133 1352 ad
2165 1305 2391 1373 preees
2438 1284 2730 1372 ipsarum
2779 1283 3070 1372 pur-oium

822 1392 1078 1461 litteras
1106 1399 1445 1480 presentes
1495 1393 1850 1481 alphabeto
1882 1380 2236 1480 bipertitas
2266 1400 2332 1460 et
2363 1392 2569 1478 sigilli
2616 1392 2821 1461 nostri
2855 1392 3069 1461 muni-

822 1500 995 1569 mine
1045 1502 1389 1571 roboratas
1451 1499 1754 1570 duximus
1804 1498 2262 1587 indulgendas.
2327 1500 2723 1568 Reuerendis
2779 1500 3070 1568 Beelesie

820 1614 1038 1676 nostre
1089 1607 1399 1676 fratribus
1450 1608 1766 1693 Gregorio
1817 1609 2179 1697 Preposito‚
2215 1607 2501 1675 Abraam
2543 1609 2836 1691 Lectore,
2886 1606 3067 1675 Gurk

823 1714 1124 1800 Cantore,
1153 1715 1359 1783 Paulo
1394 1715 1698 1797 Custode,
1732 1724 1796 1781 et
1827 1716 2061 1783 eeteris
2083 1716 2223 1783 Deo
2256 1713 2492 1782 devote
2524 1713 3064 1784 ministrantibus.

818 1824 1051 1891 Aetum
1083 1843 1252 1892 anno
1292 1825 1517 1909 graeie
1547 1825 1637 1891 Μ’
1658 1821 1790 1891 00⁰
1811 1823 1975 1890 LX0.

815 2019 1098 2088 (Erodetie
1119 2017 1464 2089 bdrhdrtydn,
1489 2020 1747 2088 melynek
1774 2019 2227 2087 bbrtyusinegeu
2247 2020 2429 2087 sugott
2446 2016 2689 2087 pecsbtje
2717 2018 3003 2081 alveum,
3029 2035 3062 2073 ι

1453 2111 1618 2164 budui
1641 2111 1745 2163 kir.
1765 2112 2013 2164 kamsrsi
2037 2106 2414 2175 levelthrbsn.)

1659 2397 2195 2413 m

1850 2843 2007 2912 382.

794 3019 857 3086 A
889 3021 1124 3087 mimda·
1150 3021 1573 3108 kdptalannak
1616 3024 2153 3111 bizonysdqlevele,
2185 3026 2308 3092 Kis
2341 3026 2701 3095 Poma-nale
2748 3032 3046 3117 wey-inteb-

1650 3131 1972 3198 ὲεᾱώἀὸἱ.
2004 3135 2200 3200 1260.

1004 3322 1143 3392 Nos
1195 3322 1565 3410 Capitulum
1595 3324 2045 3396 Waradiensis
2093 3329 2389 3398 Eoelesie
2440 3330 2739 3400 omnibus
2790 3330 3042 3400 Christi

787 3427 1092 3498 fidelibus
1123 3450 1391 3519 presens
1424 3433 1739 3520 seriptum
1770 3434 2160 3522 inspecturis
2202 3437 2485 3506 salutem
2517 3439 2585 3506 in
2604 3440 2905 3509 Domino.
2939 3440 3042 3508 Ad

786 3535 1226 3607 vniuersorum
1275 3545 1410 3608 tam
1440 3543 1852 3627 presencium
1902 3563 2100 3629 quam
2132 3551 2539 3632 posterorum
2578 3547 2885 3616 noticiam
2928 3549 3034 3616 ha·

783 3662 922 3711 rum
954 3645 1124 3713 serie
1156 3647 1453 3716 uolumus
1471 3650 1835 3737 peruenire,
1873 3650 2048 3735 quod
2080 3654 2295 3721 Pousa
2324 3673 2571 3741 paruus
2592 3675 2812 3724 eoram
2842 3656 3037 3725 nobis

781 3752 1217 3837 personaliter
1266 3756 1655 3825 constitutus
1706 3760 2068 3846 proposuit,
2122 3767 2192 3828 ut
2224 3760 2280 3829 si
2329 3769 2487 3832 nutu
2534 3763 2775 3833 Diuino
2823 3765 3037 3852 ipsum

780 3857 958 3926 uiam
1009 3859 1309 3930 uniuerse
1357 3864 1575 3933 earnis
1626 3864 1879 3951 ingredi
1931 3867 2353 3954 contingeret,
2409 3870 2741 3955 quandam
2789 3878 3035 3941 terram

778 3966 1111 4035 Isoteluke
1160 3976 1483 4057 uocatam,
1537 3974 1705 4040 inter
1751 3982 1960 4042 terras
1992 3974 2459 4064 Feketepotok,
2497 3978 2818 4064 Erbeueh‚
2868 3980 3030 4067 Lap,

774 4074 1331 4163 Karaehunfolua,
1384 4081 1700 4149 Kereztur
1749 4087 1818 4149 et
1847 4083 2062 4169 Vruzy
2116 4091 2387 4152 uocatas
2438 4084 2872 4173 adiacentem,
2912 4108 3032 4175 per

777 4178 1019 4248 dietum
1052 4182 1224 4269 Isou,
1260 4193 1331 4252 ut
1364 4187 1642 4273 dicebat,
1694 4188 1874 4276 prius
1907 4190 2033 4257 sibi
2069 4189 2311 4277 datam,
2364 4201 2429 4259 et
2458 4213 2576 4280 per
2625 4212 3033 4280 consequens

768 4305 888 4373 per
936 4291 1228 4375 graciam
1259 4296 1536 4380 Regiam
1591 4297 1922 4383 collatam,
1974 4303 2042 4366 et
2091 4298 2301 4368 seium
2357 4301 2827 4387 confirmatam,
2882 4323 3029 4372 eum

771 4394 1025 4464 duabus
1073 4400 1350 4486 ancillis,
1402 4403 1653 4473 Blasna
1685 4406 1990 4477 videlieet
2041 4413 2108 4475 et
2138 4414 2348 4476 matre
2381 4408 2696 4495 eiusdem,
2746 4429 2868 4480 nee
2900 4432 3026 4482 non

764 4521 909 4570 eum
939 4525 1069 4574 vno
1100 4527 1290 4580 seruo
1320 4511 1511 4581 Mark
1545 4521 1781 4583 uoeato
1811 4514 2011 4584 fratre
2042 4513 2219 4583 diete
2250 4515 2513 4605 masna,
2545 4526 2612 4586 et
2642 4538 2789 4587 eum
2821 4522 3025 4588 omni·

762 4609 884 4679 bus
934 4614 1267 4686 sobolibus
1300 4619 1384 4686 ab
1436 4620 1682 4690 eisdem
1733 4621 2297 4710 descendentibus,
2348 4646 2464 4712 pro
2509 4626 2660 4694 dote
2708 4634 2773 4695 et
2820 4629 3022 4697 rebus
