3359 5250
1814 349 1858 413 4

696 550 1070 622 haereticae
1120 545 1468 634 pravitatis
1518 543 1826 611 infectam
1878 542 2175 626 maculis,
2223 543 2676 624 accessissent,
2729 562 2963 628 propa-

696 678 858 747 gare
876 657 972 724 ibi
988 654 1144 723 fidei
1165 652 1545 722 Catholicae
1581 652 2023 733 sanctitatem,
2063 668 2179 719 eos
2210 650 2526 720 laicorum
2549 648 2965 717 multitudine

699 765 981 851 benigne
1013 769 1079 831 et
1107 760 1359 830 ilariter
1388 758 1777 828 admittente
1795 809 1815 842 ‚
1867 778 2143 845 quorum
2175 758 2361 825 multi
2393 778 2513 846 per
2537 758 2743 845 ipsos,
2780 757 2960 825 illius

696 874 982 944 faciente
1032 872 1271 938 virtute
1295 919 1312 953 ,
1366 867 1478 952 qui
1510 868 1838 934 neminem
1884 868 2027 933 vult
2071 867 2309 954 perire,
2354 865 2443 933 ad
2491 866 2960 954 poenitentiam

701 989 852 1054 sunt
883 979 1185 1050 conversi
1219 1002 1236 1043 z
1268 986 1360 1059 tu,
1393 977 1506 1060 qui
1539 982 1870 1063 promotor
1899 995 2126 1044 eorum
2157 995 2304 1043 esse
2335 973 2647 1061 debebas,
2684 984 2750 1044 et
2780 994 2962 1062 prae-

697 1093 927 1180 cipuus
958 1089 1025 1155 in
1078 1083 1511 1173 procurandis
1563 1084 1931 1151 animarum
1979 1083 2400 1171 profectibus,
2450 1104 2580 1153 non
2619 1084 2955 1165 remissus,

700 1195 1243 1268 contumeliarum
1262 1191 1507 1260 aculeis
1538 1191 1831 1279 ipsorum
1849 1199 2120 1278 pectora
2156 1193 2491 1280 pupugisti
2513 1214 2529 1277 ;
2571 1200 2639 1260 et
2667 1212 2798 1261 non
2816 1210 2965 1260 con·

696 1316 919 1377 tentus
966 1302 1222 1372 iniuriis
1271 1308 1527 1390 partem
1556 1300 1842 1384 afficere,
1897 1301 2053 1386 quin
2090 1300 2391 1368 nitereris
2441 1306 2646 1369 totum
2698 1299 2961 1368 illarum

700 1413 937 1484 iaculis
969 1412 1361 1480 conturbare
1378 1461 1395 1495 ,
1446 1411 1736 1498 ipsorum
1769 1409 2000 1478 Ordini
2045 1410 2334 1495 graviter
2381 1409 2725 1477 detrahere
2773 1428 2961 1495 prae-

701 1518 1063 1610 sumpsisti,
1085 1520 1321 1586 ianuas
1339 1516 1558 1584 claudi
1575 1517 1850 1602 faciens,
1884 1537 1967 1584 ne
1985 1517 2072 1586 ad
2102 1517 2662 1605 praedicationem
2679 1517 2959 1586 Ministri

702 1628 1138 1700 Provincialis
1172 1627 1466 1695 eiusdem
1486 1627 1754 1703 Ordinis
1785 1627 2068 1715 populus
2088 1628 2463 1695 conveniret
2481 1651 2498 1711 ;
2531 1625 2724 1712 quasi
2743 1625 2832 1693 sit
2847 1632 2961 1694 tuo

703 1747 856 1811 voto
888 1736 1306 1819 contrarium,
1339 1734 1514 1821 quod
1545 1736 1695 1821 quis
1726 1736 1816 1803 ad
1847 1736 2051 1802 vitam
2087 1736 2404 1822 proficiat,
2455 1733 2772 1804 doctrinis
2803 1755 2962 1821 pau-

702 1847 982 1935 pertatis
1045 1850 1380 1912 extremae
1427 1850 1493 1910 et
1553 1842 1849 1910 caritatis
1900 1843 2261 1911 immensae
2311 1844 2513 1910 cultui
2574 1841 2961 1910 deditorum.

700 1958 1058 2023 Praeterea
1106 1971 1253 2018 cum
1283 1950 1352 2016 in
1385 1951 1686 2036 partibus
1721 1951 1856 2018 illis
1890 1970 2162 2037 paucae,
2214 1951 2321 2018 vel
2355 1950 2583 2016 nullae
2629 1947 2965 2033 religioso·

706 2086 849 2132 rum
882 2059 1420 2145 congregationes
1440 2059 1747 2144 existant,
1781 2059 1850 2125 iu
1883 2060 2120 2145 quibus
2153 2058 2506 2145 disciplina
2523 2057 2747 2143 vigeat
2779 2076 2964 2143 regu-

702 2172 866 2240 laris
889 2196 921 2257 3.
955 2171 1023 2236 in
1055 2168 1377 2252 quasdam
1423 2168 1729 2234 mulieres
1778 2167 2020 2235 ibidem
2057 2167 2465 2250 constitutas,
2517 2186 2634 2253 pro
2673 2185 2753 2232 eo
2784 2163 2964 2250 quod

710 2278 1093 2365 capillorum
1125 2274 1423 2342 abscissa
1463 2276 1778 2360 caesarie,
1828 2295 1907 2342 ac
1937 2276 2164 2345 relicto
2195 2274 2520 2344 saeculari
2551 2273 2801 2357 habitu,
2852 2272 2963 2339 eli-

706 2393 939 2475 gerunt
969 2405 1086 2452 sua
1117 2383 1392 2451 crimina
1416 2383 1486 2451 in
1518 2384 1823 2454 domibus
1870 2384 2150 2472 propriis
2183 2385 2562 2472 deplorare;
2614 2386 2684 2451 in
2715 2403 2964 2451 eorum-

705 2495 856 2562 dem
901 2492 1173 2561 fratrum
1206 2491 1648 2580 obprobrium,
1702 2513 1974 2577 quorum
2018 2492 2599 2577 exhortationibuS,
2649 2499 2964 2580 operante

703 2601 1005 2686 Domino,
1060 2599 1370 2668 anhelant
1415 2600 1503 2668 ad
1534 2601 1831 2688 plaemia
1862 2601 2222 2684 beatorum,
2277 2589 2963 2669 excommunicationis

703 2710 1096 2781 sententiam
1146 2709 1620 2797 promulgasti3
1672 2710 1915 2777 Divina
1944 2711 2332 2779 auctoritate
2374 2708 2669 2777 districte
2719 2711 2964 2795 praeci·

705 2823 917 2908 piens,
968 2823 1041 2884 ut
1070 2837 1216 2883 cum
1252 2817 1610 2903 Apostolus
1642 2823 1981 2885 tonsuram
2014 2818 2361 2905 prohibeat
2399 2818 2757 2901 mulierum,
2790 2816 2965 2901 quod

708 2927 948 3012 aliqua,
1001 2924 1143 2992 sive
1172 2923 1241 2990 in
1273 2923 1467 2992 domo
1518 2925 1792 3011 propria
1842 2933 2292 3008 commoretur,
2343 2927 2448 2993 vel
2496 2925 2835 3011 religionis
2875 2925 2964 2992 sit

705 3035 999 3103 habitum
1030 3038 1438 3119 susceptura,
1469 3039 1805 3102 tonsuram
1837 3032 1965 3100 sibi
1996 3052 2126 3099 non
2144 3032 2368 3117 faciat,
2400 3034 2508 3099 vel
2539 3034 2626 3099 ab
2659 3031 2790 3099 alio
2820 3033 2963 3100 fieri

705 3164 833 3212 non
865 3140 1239 3230 permittat;
1292 3140 1446 3209 etsi
1494 3139 1661 3208 forte
1701 3140 2115 3225 contingeret
2162 3139 2492 3226 praesumi
2547 3139 2961 3224 contrarium,

704 3258 840 3319 tam
890 3257 1121 3319 tonsae
1142 3298 1160 3332 ‚
1211 3268 1409 3333 quam
1457 3248 1803 3315 tondentes
1853 3245 2541 3314 excommunicationis
2597 3245 2963 3314 sententiae

704 3359 1138 3425 subiacerent.
1192 3354 1413 3444 Quare
1444 3356 1761 3441 contigit;
1812 3352 1989 3440 quod
2015 3373 2161 3420 cum
2192 3353 2460 3438 quidam
2510 3352 2745 3420 fratres
2779 3352 2966 3421 Ordi-

702 3466 808 3534 nis
837 3461 1393 3546 Praedicatorum,
1447 3461 1558 3545 qui
1588 3461 1676 3528 ad
1709 3479 1826 3527 eas
1859 3466 2083 3547 partes
2122 3459 2435 3527 nunciare
2467 3465 2784 3528 venerant
2810 3459 2965 3528 Goe-

704 3572 890 3641 lestis
920 3568 1135 3656 Regni
1163 3567 1444 3653 gloriam
1495 3575 1562 3634 et
1588 3568 1956 3653 thesauros,
2019 3566 2141 3634 tibi
2171 3567 2410 3635 devote
2448 3564 2755 3652 dicerent,
2789 3569 2963 3654 quod

703 3679 1073 3750 inconculte
1101 3677 1301 3743 talem
1332 3673 1725 3743 sententiam
1757 3674 2161 3762 protulisses,
2201 3675 2584 3762 praesertim
2616 3695 2763 3742 cum
2794 3676 2966 3762 Apo-

703 3787 911 3857 stolus
941 3784 1010 3852 in
1041 3784 1265 3866 verbo,
1300 3780 1475 3867 quod
1508 3781 1590 3848 de
1621 3788 1893 3849 tonsura
1923 3780 2284 3869 proposuit,
2316 3781 2404 3848 ad
2434 3780 2758 3868 mulieres,
2791 3802 2964 3868 quae

704 3894 1019 3964 mundum
1038 3897 1104 3959 et
1122 3887 1722 3979 concupiscentiam
1740 3889 2161 3975 reliquerunt,
2181 3910 2312 3957 non
2332 3888 2634 3958 videatur
2655 3891 2965 3960 habuisse

704 4008 1112 4091 respectum3
1158 4005 1231 4068 tu
1262 4019 1394 4067 non
1421 4004 1766 4068 contentus
1804 4005 2032 4067 contra
2060 4005 2130 4067 te
2160 3997 2228 4064 in
2260 3998 2572 4067 fratribus
2602 3999 2966 4087 supradicti

705 4111 974 4181 Ordinis
1025 4127 1348 4196 supernae
1395 4128 1794 4197 provocasse
1837 4108 2199 4196 potentiam
2229 4106 2616 4190 Maiestatis,
2665 4107 2964 4175 adiecisti

706 4219 990 4288 furorem
1039 4215 1180 4284 eius
1209 4223 1278 4285 et
1312 4217 1384 4284 in
1419 4216 1554 4284 iam
1604 4216 1797 4285 dictis
1849 4237 2104 4301 acuere,
2153 4216 2629 4309 praesumendo
2649 4267 2667 4300 ,
2718 4235 2803 4283 ne
2832 4214 2964 4302 ipsi

706 4326 1167 4415 praedicarent
1193 4324 1456 4412 ibidem,
1478 4326 1585 4392 vel
1608 4326 2054 4394 confessiones
2073 4325 2398 4409 audirent,
2433 4323 2634 4391 autin
2665 4324 2964 4392 ecclesiis

707 4431 994 4501 civitatis
1024 4431 1367 4518 praefatae
1396 4432 1876 4519 praedicationi
1908 4453 2132 4502 eorum
2179 4431 2517 4500 audientia
2545 4431 2959 4514 tribueretur,

705 4540 975 4609 firmiter
1003 4537 1318 4608 inhibere.
1352 4540 1529 4621 Quid
1556 4543 1764 4609 multa
1782 4541 1819 4607 ⁴?
1850 4540 2042 4628 quasi
2068 4541 2192 4608 tibi
2217 4540 2309 4609 sit
2338 4539 2408 4607 in
2438 4538 2749 4622 taedium,
2782 4538 2961 4624 quod

708 4648 915 4732 aliqui
947 4652 1405 4716 convertantur
1434 4648 1523 4716 ad
1552 4649 1905 4719 Dominum
1953 4648 2037 4718 de
2066 4647 2481 4719 multitudine
2529 4645 2961 4735 populorum;
