3359 5250
1397 324 1529 392 239

1382 900 1536 969 loe.

328 1080 451 1150 IV.
485 1080 666 1146 Incze
691 1086 872 1168 pdpa
919 1079 1195 1165 Vilstorfi
1226 1078 1447 1147 Hezilo
1472 1081 1754 1169 papnalc,
1789 1081 1854 1146 ki
1891 1078 2307 1149 Galicziciban
2342 1106 2419 1149 az
2453 1105 2592 1170 899-

325 1189 473 1254 hcizi
516 1192 666 1256 unio
714 1188 1067 1276 tciryydban
1113 1195 1334 1276 math
1377 1189 1709 1256 Ισῦίὄπὸεοπ
1756 1190 2123 1274 όνάονηοείεό,
2160 1190 2591 1276 jutalmazdsa

1060 1301 1235 1364 ircim
1263 1294 1616 1363 intdzkedik.
1648 1294 1847 1363 1247.

542 1493 954 1563 Innocentius
984 1493 1349 1580 Episcopus
1382 1511 1610 1562 servus
1661 1511 1996 1563 servorum
2044 1495 2170 1563 Dei
2221 1495 2584 1565 venerabili

325 1600 514 1669 fratri
549 1649 567 1668 .
608 1651 625 1669 .
661 1650 678 1667 .
716 1599 1226 1689 Archiepiscopo
1274 1602 1657 1688 Moguntino
1708 1602 1988 1672 salutem
2037 1608 2103 1670 et
2141 1602 2584 1690 Apostolicam

328 1707 835 1777 beneditionem.
887 1709 1180 1778 Dilectus
1209 1708 1381 1777 fillus
1430 1708 1669 1778 Hezelo
1718 1707 1804 1777 de
1856 1708 2132 1778 Vilstorf
2172 1708 2467 1793 clericus,
2517 1711 2584 1777 in

326 1822 552 1886 nostra
605 1817 946 1905 proposuit
997 1818 1330 1905 presentia
1384 1817 1790 1903 constitutus,
1838 1816 2013 1905 quod
2061 1836 2207 1886 cum
2255 1837 2377 1886 nos
2428 1818 2584 1887 olim

322 1924 442 1993 tibi
473 1944 594 2012 per
642 1932 898 1996 nostras
947 1924 1202 1995 litteras
1252 1924 1627 1995 duxerimus
1676 1924 2184 2010 concedendum,
2233 1933 2307 1994 ut
2355 1946 2585 2013 posses

327 2031 579 2102 duobus
612 2033 718 2101 vel
771 2032 982 2102 tribus
1032 2033 1099 2101 in
1148 2029 1525 2102 Coloniensi
1578 2038 1644 2102 et
1691 2033 2069 2102 'Ptevirensi
2121 2034 2470 2123 provinciis
2518 2034 2586 2102 in

327 2138 794 2210 ecclesiasticis
860 2138 1219 2209 benediciis
1268 2158 1491 2210 eorum
1558 2139 1826 2210 cuilibet
1877 2159 2081 2227 usque
2128 2141 2215 2210 ad
2265 2162 2584 2212 summam

322 2247 592 2335 triginta
624 2247 1031 2317 marcharum
1062 2248 1321 2335 argenti
1354 2250 1423 2317 in
1454 2268 1603 2337 una,
1638 2247 1744 2318 vel
1776 2249 2070 2336 pluribus
2099 2248 2413 2320 Ecclesiis
2443 2272 2583 2339 pro·

328 2357 596 2445 videre3
650 2357 924 2426 dilectus
972 2356 1147 2426 filius
1181 2406 1196 2425 .
1231 2408 1246 2426 .
1282 2409 1298 2426 .
1332 2356 1734 2427 scolasticus
1783 2358 2224 2446 Magantinus,
2277 2359 2384 2429 cui
2414 2380 2583 2429 com-

325 2468 605 2537 miseras
642 2466 713 2534 in
745 2463 1115 2534 huiusmodi
1144 2467 1408 2551 negotio
1430 2465 1722 2535 totaliter
1753 2463 1927 2536 vices
1955 2473 2127 2553 tuas,
2164 2516 2178 2533 .
2214 2516 2231 2534 .
2265 2517 2282 2536 .
2315 2469 2582 2538 Deeano

323 2583 390 2645 et
419 2573 727 2663 Capitulo
760 2572 988 2644 Sancti
1033 2573 1403 2645 Theobaldi
1432 2573 1768 2659 Metensis,
1823 2578 1895 2643 ut
1950 2572 2224 2645 eundem
2278 2575 2582 2647 clericum

320 2682 718 2771 recipientes
745 2683 817 2752 in
868 2683 1249 2752 canonicum
1278 2690 1344 2752 et
1393 2683 1461 2751 in
1493 2683 1757 2753 fratrem
1807 2683 2227 2773 prebendam,
2259 2683 2319 2753 si
2348 2704 2480 2770 qua
2509 2685 2580 2753 in

324 2812 543 2861 eorum
577 2792 876 2861 Ecclesia
906 2796 1061 2860 tunc
1092 2791 1397 2876 vacabat,
1446 2791 1548 2859 vel
1584 2812 1777 2879 quam
1829 2792 1958 2861 cito
2008 2811 2082 2861 se
2131 2790 2218 2860 ad
2247 2791 2317 2861 id
2353 2792 2584 2863 offeret

323 2900 757 2990 oportunitas,
796 2898 1155 2970 liberaliter
1185 2901 1616 2988 assignarent,
1648 2921 1728 2969 ac
1763 2950 1778 2970 .
1815 2952 1831 2968 .
1868 2951 1884 2969 .
1936 2899 2290 2971 Abbatisse
2319 2907 2384 2972 et
2422 2901 2583 2971 Gon-

320 3010 547 3078 ventui
576 3009 708 3079 loci
739 3008 1053 3097 eiusdem,
1089 3017 1161 3077 ut
1192 3008 1368 3079 dieto
1400 3010 1636 3078 clerico
1667 3010 1736 3077 in
1770 3009 1996 3094 aliqua
2025 3010 2464 3079 Ecclesiarum
2495 3011 2585 3079 ad

326 3117 749 3188 donationem
780 3137 967 3187 suam
999 3116 1448 3206 spectantium,
1487 3121 1673 3205 cujus
1705 3115 1997 3187 redditus
2028 3115 2253 3186 decem
2285 3117 2578 3185 marcha·

326 3247 469 3295 rum
503 3225 789 3295 valorem
817 3226 1215 3314 attingerent
1244 3225 1601 3313 annuatim,
1623 3223 1969 3315 providere
2000 3223 2357 3295 mandavit.
2391 3225 2581 3306 Quod

325 3334 485 3422 quia
513 3338 650 3402 tam
682 3335 1004 3421 Decanus,
1040 3342 1105 3405 et
1135 3333 1529 3422 Capitulum,
1564 3354 1761 3420 quam
1794 3331 2173 3420 Abbatissa,
2208 3343 2275 3402 et
2292 3330 2582 3403 Conven-

322 3453 426 3512 tus
458 3440 737 3529 predicti
768 3442 986 3512 facere
1023 3444 1488 3514 contumaciter
1517 3443 1942 3531 denegarunt,
1976 3439 2151 3511 idem
2180 3440 2580 3511 Scolasticus

315 3553 386 3618 in
444 3570 559 3620 eos
590 3551 767 3639 pimo
799 3550 1266 3639 suspensionis,
1299 3572 1379 3621 ac
1410 3551 1669 3621 demum
1701 3548 2395 3620 excommunicationis
2435 3569 2577 3620 sen-

323 3659 569 3728 tentias
602 3658 1056 3747 promulgavit.
1089 3659 1326 3727 Verum
1359 3679 1504 3727 cum
1537 3657 1951 3747 postmodum
1982 3676 2100 3746 per
2130 3656 2405 3727 eundem
2432 3656 2583 3727 Seo-

324 3766 630 3835 lasticum
661 3784 1035 3855 processum
1066 3765 1438 3853 huiusmodi
1469 3765 1609 3834 sine
1648 3764 1953 3853 judiciali
1985 3764 2283 3853 strepitu,
2333 3785 2414 3834 ae
2441 3770 2580 3834 tan·

320 3873 490 3959 dem,
522 3896 600 3945 eo
632 3873 706 3941 id
735 3873 996 3944 efficere
1025 3893 1157 3943 non
1188 3880 1473 3961 curante,
1512 3891 1629 3962 per
1662 3923 1677 3939 .
1715 3921 1731 3939 .
1765 3921 1782 3941 .
1815 3874 2147 3943 Decanum
2180 3873 2405 3942 Sancti
2436 3873 2577 3943 Sal-

318 3981 570 4051 vatoris
602 3980 916 4049 Metensis
965 3978 1492 4051 mandaverimus
1522 3981 1843 4067 revocari,
1902 3999 1983 4049 ac
2013 3980 2224 4050 dictus
2274 3983 2579 4050 Decanus

314 4111 434 4176 per
469 4143 483 4159 .
520 4140 536 4157 .
570 4138 586 4157 .
621 4088 972 4159 officialem
1002 4091 1359 4159 Metensem
1392 4088 1716 4177 prefatam
1765 4087 2154 4157 sententiam
2202 4088 2429 4158 fecerit
2479 4110 2575 4158 re·

317 4198 554 4283 laxari,
604 4197 796 4265 nobis
838 4196 1128 4284 prefatus
1178 4197 1451 4266 clericus
1501 4195 1831 4265 humiliter
1860 4195 2280 4284 supplicavit,
2332 4201 2404 4264 ut
2449 4196 2577 4266 sibi

318 4327 512 4393 super
543 4307 689 4393 ‘hoc
740 4305 1081 4393 providere
1152 4314 1432 4394 paterna
1482 4304 1827 4374 clementia
1878 4323 2268 4374 curaremus.
2340 4303 2579 4374 Dilecti

319 4416 541 4502 itaque
590 4414 711 4482 filii
760 4412 1064 4500 Gregorii
1115 4412 1394 4481 Abbatis
1456 4412 1539 4481 de
1589 4413 1807 4481 Monte
1855 4413 2079 4482 Sancti
2130 4411 2461 4499 Danielis,
2514 4418 2580 4480 et

317 4526 588 4593 fratrum
619 4521 701 4590 Η.
735 4530 804 4590 et
833 4518 911 4587 A.
949 4517 1033 4587 de
1063 4521 1293 4589 ordine
1319 4520 1593 4588 fratrum
1625 4519 2133 4607 Predicatorum,
2158 4520 2481 4588 carissimi
2512 4521 2579 4587 in

320 4632 574 4700 Christo
606 4627 722 4695 filii
741 4626 1043 4695 Danielis
1062 4627 1261 4716 Regis
1292 4626 1526 4696 Russie
1546 4626 1936 4714 nuntiorum,
1973 4646 2120 4694 cum
2150 4627 2386 4713 quibus
2407 4626 2582 4697 idem
