<?xml version="1.0" encoding="UTF-8"?>
<!DOCTYPE html PUBLIC "-//W3C//DTD XHTML 1.0 Transitional//EN"
    "http://www.w3.org/TR/xhtml1/DTD/xhtml1-transitional.dtd">
<html xmlns="http://www.w3.org/1999/xhtml" xml:lang="en" lang="en">
 <head>
  <title>
</title>
<meta http-equiv="Content-Type" content="text/html;charset=utf-8" />
  <meta name='ocr-system' content='tesseract 3.04.00' />
  <meta name='ocr-capabilities' content='ocr_page ocr_carea ocr_par ocr_line ocrx_word'/>
</head>
<body>
  <div class='ocr_page' id='page_1' title='image "./codexdiplomatic09unkngoog_0434.png"; bbox 0 0 3359 5250; ppageno 0'>
   <div class='ocr_carea' id='block_1_1' title="bbox 1760 314 1893 382">
    <p class='ocr_par' dir='ltr' id='par_1_1' title="bbox 1760 314 1893 382">
     <span class='ocr_line' id='line_1_1' title="bbox 1760 314 1893 382; baseline -0.015 0"><span class='ocrx_word' id='word_1_1' title='bbox 1760 314 1893 382; x_wconf 81' lang='lat'><strong>394</strong></span> 
     </span>
    </p>
   </div>
   <div class='ocr_carea' id='block_1_2' title="bbox 1661 405 1983 421">
    <p class='ocr_par' dir='ltr' id='par_1_2' title="bbox 1661 405 1983 421">
     <span class='ocr_line' id='line_1_2' title="bbox 1661 405 1983 421; baseline 0 0"><span class='ocrx_word' id='word_1_2' title='bbox 1661 405 1983 421; x_wconf 95' lang='lat' dir='ltr'><strong> </strong></span> 
     </span>
    </p>
   </div>
   <div class='ocr_carea' id='block_1_3' title="bbox 1737 892 1890 962">
    <p class='ocr_par' dir='ltr' id='par_1_3' title="bbox 1737 892 1890 962">
     <span class='ocr_line' id='line_1_3' title="bbox 1737 892 1890 962; baseline -0.007 0"><span class='ocrx_word' id='word_1_3' title='bbox 1737 892 1890 962; x_wconf 81' lang='lat'>281.</span> 
     </span>
    </p>
   </div>
   <div class='ocr_carea' id='block_1_4' title="bbox 693 1076 2941 1274">
    <p class='ocr_par' dir='ltr' id='par_1_4' title="bbox 693 1076 2941 1274">
     <span class='ocr_line' id='line_1_4' title="bbox 693 1076 2941 1166; baseline 0.002 -23"><span class='ocrx_word' id='word_1_4' title='bbox 693 1076 815 1143; x_wconf 86' lang='lat' dir='ltr'><strong>IV.</strong></span> <span class='ocrx_word' id='word_1_5' title='bbox 845 1078 1101 1143; x_wconf 76' lang='lat' dir='ltr'><strong>Sdndor</strong></span> <span class='ocrx_word' id='word_1_6' title='bbox 1133 1079 1307 1164; x_wconf 74' lang='lat' dir='ltr'><strong>pdpa</strong></span> <span class='ocrx_word' id='word_1_7' title='bbox 1325 1100 1366 1141; x_wconf 86' lang='lat' dir='ltr'><strong>a</strong></span> <span class='ocrx_word' id='word_1_8' title='bbox 1396 1077 1861 1143; x_wconf 69' lang='lat' dir='ltr'><strong>damidnrendt’l</strong></span> <span class='ocrx_word' id='word_1_9' title='bbox 1896 1078 2176 1163; x_wconf 69' lang='lat' dir='ltr'><strong>apdczdk</strong></span> <span class='ocrx_word' id='word_1_10' title='bbox 2214 1081 2673 1166; x_wconf 69' lang='lat' dir='ltr'><strong>naqyszombati</strong></span> <span class='ocrx_word' id='word_1_11' title='bbox 2712 1083 2941 1148; x_wconf 73' lang='lat' dir='ltr'><strong>zdrclci-</strong></span> 
     </span>
     <span class='ocr_line' id='line_1_5' title="bbox 1045 1187 2571 1274; baseline 0.001 -22"><span class='ocrx_word' id='word_1_12' title='bbox 1045 1187 1204 1271; x_wconf 81' lang='lat' dir='ltr'><strong>jdra</strong></span> <span class='ocrx_word' id='word_1_13' title='bbox 1229 1191 1404 1252; x_wconf 72' lang='lat' dir='ltr'><strong>ne&#39;zvc</strong></span> <span class='ocrx_word' id='word_1_14' title='bbox 1436 1211 1475 1250; x_wconf 87' lang='lat' dir='ltr'><strong>a</strong></span> <span class='ocrx_word' id='word_1_15' title='bbox 1506 1188 1757 1252; x_wconf 61' lang='grc' dir='ltr'><strong>επεν-,τεεί</strong></span> <span class='ocrx_word' id='word_1_16' title='bbox 1777 1187 2057 1273; x_wconf 70' lang='lat' dir='ltr'><strong>szabdlyt</strong></span> <span class='ocrx_word' id='word_1_17' title='bbox 2086 1189 2334 1274; x_wconf 72' lang='lat' dir='ltr'><strong>enyhz&#39;ti.</strong></span> <span class='ocrx_word' id='word_1_18' title='bbox 2376 1188 2571 1254; x_wconf 85' lang='lat'><strong><em>1255.</em></strong></span> 
     </span>
    </p>
   </div>
   <div class='ocr_carea' id='block_1_5' title="bbox 689 1381 2942 3983">
    <p class='ocr_par' dir='ltr' id='par_1_5' title="bbox 689 1381 2942 3983">
     <span class='ocr_line' id='line_1_6' title="bbox 883 1381 2942 1472; baseline 0.003 -23"><span class='ocrx_word' id='word_1_19' title='bbox 883 1381 1283 1450; x_wconf 70' lang='lat' dir='ltr'><strong>Alexander</strong></span> <span class='ocrx_word' id='word_1_20' title='bbox 1333 1385 1700 1472; x_wconf 78' lang='lat' dir='ltr'>Episcopus</span> <span class='ocrx_word' id='word_1_21' title='bbox 1750 1404 1978 1454; x_wconf 87' lang='lat' dir='ltr'><strong>seruus</strong></span> <span class='ocrx_word' id='word_1_22' title='bbox 2029 1405 2364 1455; x_wconf 86' lang='lat' dir='ltr'><strong>seruorum</strong></span> <span class='ocrx_word' id='word_1_23' title='bbox 2397 1386 2523 1454; x_wconf 90' lang='lat' dir='ltr'><strong>Dei</strong></span> <span class='ocrx_word' id='word_1_24' title='bbox 2561 1385 2821 1455; x_wconf 87' lang='lat' dir='ltr'><strong>dilectis</strong></span> <span class='ocrx_word' id='word_1_25' title='bbox 2872 1389 2942 1455; x_wconf 92' lang='lat' dir='ltr'><strong>in</strong></span> 
     </span>
     <span class='ocr_line' id='line_1_7' title="bbox 694 1491 2939 1565; baseline 0.002 -6"><span class='ocrx_word' id='word_1_26' title='bbox 694 1491 952 1561; x_wconf 83' lang='lat' dir='ltr'><strong>Christo</strong></span> <span class='ocrx_word' id='word_1_27' title='bbox 1004 1492 1263 1560; x_wconf 89' lang='lat' dir='ltr'><strong>filiabus</strong></span> <span class='ocrx_word' id='word_1_28' title='bbox 1315 1545 1330 1561; x_wconf 90' lang='lat'>.</span> <span class='ocrx_word' id='word_1_29' title='bbox 1367 1547 1383 1564; x_wconf 89' lang='lat'><strong>.</strong></span> <span class='ocrx_word' id='word_1_30' title='bbox 1418 1546 1433 1561; x_wconf 90' lang='lat'>.</span> <span class='ocrx_word' id='word_1_31' title='bbox 1485 1495 1841 1563; x_wconf 88' lang='lat' dir='ltr'><strong>Abbatisse</strong></span> <span class='ocrx_word' id='word_1_32' title='bbox 1893 1503 1958 1563; x_wconf 90' lang='lat' dir='ltr'><strong>et</strong></span> <span class='ocrx_word' id='word_1_33' title='bbox 1988 1494 2352 1565; x_wconf 85' lang='lat' dir='ltr'><strong>Conuentui</strong></span> <span class='ocrx_word' id='word_1_34' title='bbox 2408 1494 2784 1564; x_wconf 87' lang='lat' dir='ltr'><strong>Monialium</strong></span> <span class='ocrx_word' id='word_1_35' title='bbox 2843 1497 2939 1563; x_wconf 92' lang='lat' dir='ltr'><strong>in-</strong></span> 
     </span>
     <span class='ocr_line' id='line_1_8' title="bbox 696 1603 2941 1688; baseline 0 -18"><span class='ocrx_word' id='word_1_36' title='bbox 696 1605 1025 1671; x_wconf 84' lang='lat' dir='ltr'><strong>clusarum</strong></span> <span class='ocrx_word' id='word_1_37' title='bbox 1056 1603 1436 1688; x_wconf 78' lang='lat' dir='ltr'><strong>Monasterij</strong></span> <span class='ocrx_word' id='word_1_38' title='bbox 1471 1604 1709 1671; x_wconf 81' lang='lat' dir='ltr'><strong>Sancte</strong></span> <span class='ocrx_word' id='word_1_39' title='bbox 1731 1603 2069 1672; x_wconf 89' lang='lat' dir='ltr'><strong>Helisabet</strong></span> <span class='ocrx_word' id='word_1_40' title='bbox 2100 1604 2167 1671; x_wconf 92' lang='lat' dir='ltr'><strong>in</strong></span> <span class='ocrx_word' id='word_1_41' title='bbox 2197 1603 2400 1671; x_wconf 87' lang='lat' dir='ltr'><strong>Tirna</strong></span> <span class='ocrx_word' id='word_1_42' title='bbox 2421 1603 2684 1672; x_wconf 82' lang='lat' dir='ltr'><strong>Ordinis</strong></span> <span class='ocrx_word' id='word_1_43' title='bbox 2716 1604 2941 1673; x_wconf 79' lang='lat' dir='ltr'>Sancti</span> 
     </span>
     <span class='ocr_line' id='line_1_9' title="bbox 693 1711 2939 1799; baseline 0 -19"><span class='ocrx_word' id='word_1_44' title='bbox 693 1711 997 1780; x_wconf 88' lang='lat' dir='ltr'><strong>Damiani</strong></span> <span class='ocrx_word' id='word_1_45' title='bbox 1029 1711 1493 1798; x_wconf 74' lang='lat' dir='ltr'><strong>strigoniensis</strong></span> <span class='ocrx_word' id='word_1_46' title='bbox 1524 1712 1824 1781; x_wconf 90' lang='lat' dir='ltr'><strong>Diocesis</strong></span> <span class='ocrx_word' id='word_1_47' title='bbox 1856 1714 2132 1780; x_wconf 90' lang='lat' dir='ltr'><strong>salutem</strong></span> <span class='ocrx_word' id='word_1_48' title='bbox 2170 1717 2235 1780; x_wconf 91' lang='lat' dir='ltr'><strong>et</strong></span> <span class='ocrx_word' id='word_1_49' title='bbox 2264 1712 2714 1799; x_wconf 88' lang='lat' dir='ltr'><strong>Apostolicam</strong></span> <span class='ocrx_word' id='word_1_50' title='bbox 2751 1714 2939 1781; x_wconf 86' lang='lat' dir='ltr'><strong>bene·</strong></span> 
     </span>
     <span class='ocr_line' id='line_1_10' title="bbox 695 1820 2936 1910; baseline -0 -22"><span class='ocrx_word' id='word_1_51' title='bbox 695 1820 1060 1889; x_wconf 83' lang='lat' dir='ltr'><strong>dictionem.</strong></span> <span class='ocrx_word' id='word_1_52' title='bbox 1114 1821 1356 1889; x_wconf 88' lang='lat' dir='ltr'><strong>Haberi</strong></span> <span class='ocrx_word' id='word_1_53' title='bbox 1390 1821 1801 1910; x_wconf 80' lang='lat' dir='ltr'><strong>percepimus</strong></span> <span class='ocrx_word' id='word_1_54' title='bbox 1832 1823 1901 1889; x_wconf 89' lang='lat' dir='ltr'><strong>in</strong></span> <span class='ocrx_word' id='word_1_55' title='bbox 1934 1820 2257 1890; x_wconf 88' lang='lat' dir='ltr'><strong>desiderio</strong></span> <span class='ocrx_word' id='word_1_56' title='bbox 2292 1830 2509 1891; x_wconf 90' lang='lat' dir='ltr'><strong>uestro</strong></span> <span class='ocrx_word' id='word_1_57' title='bbox 2541 1821 2936 1908; x_wconf 87' lang='lat' dir='ltr'><strong>continuum,</strong></span> 
     </span>
     <span class='ocr_line' id='line_1_11' title="bbox 693 1927 2940 2018; baseline 0.002 -23"><span class='ocrx_word' id='word_1_58' title='bbox 693 1927 867 2015; x_wconf 88' lang='lat' dir='ltr'><strong>quod</strong></span> <span class='ocrx_word' id='word_1_59' title='bbox 895 1949 1012 2017; x_wconf 91' lang='lat' dir='ltr'><strong>per</strong></span> <span class='ocrx_word' id='word_1_60' title='bbox 1044 1928 1465 1999; x_wconf 85' lang='lat' dir='ltr'><strong>afflictionem</strong></span> <span class='ocrx_word' id='word_1_61' title='bbox 1488 1931 1702 1998; x_wconf 87' lang='lat' dir='ltr'><strong>carnis</strong></span> <span class='ocrx_word' id='word_1_62' title='bbox 1736 1930 2068 1999; x_wconf 78' lang='lat' dir='ltr'><strong>assiduam</strong></span> <span class='ocrx_word' id='word_1_63' title='bbox 2096 1928 2469 1997; x_wconf 87' lang='lat' dir='ltr'><strong>mereamini</strong></span> <span class='ocrx_word' id='word_1_64' title='bbox 2511 1931 2762 2018; x_wconf 86' lang='lat' dir='ltr'><strong>premia</strong></span> <span class='ocrx_word' id='word_1_65' title='bbox 2791 1931 2940 1999; x_wconf 87' lang='lat' dir='ltr'><strong>bea·</strong></span> 
     </span>
     <span class='ocr_line' id='line_1_12' title="bbox 694 2038 2938 2127; baseline 0.002 -22"><span class='ocrx_word' id='word_1_66' title='bbox 694 2044 939 2107; x_wconf 84' lang='lat' dir='ltr'><strong>torum:</strong></span> <span class='ocrx_word' id='word_1_67' title='bbox 973 2057 1194 2106; x_wconf 86' lang='lat' dir='ltr'><strong>verum</strong></span> <span class='ocrx_word' id='word_1_68' title='bbox 1227 2045 1446 2107; x_wconf 87' lang='lat' dir='ltr'><strong>tamen</strong></span> <span class='ocrx_word' id='word_1_69' title='bbox 1479 2060 1560 2106; x_wconf 81' lang='lat' dir='ltr'><strong>ex</strong></span> <span class='ocrx_word' id='word_1_70' title='bbox 1595 2039 1955 2125; x_wconf 84' lang='lat' dir='ltr'><strong>fragilitate</strong></span> <span class='ocrx_word' id='word_1_71' title='bbox 1974 2047 2202 2108; x_wconf 87' lang='lat' dir='ltr'><strong>nature</strong></span> <span class='ocrx_word' id='word_1_72' title='bbox 2231 2038 2398 2108; x_wconf 88' lang='lat' dir='ltr'><strong>adeo</strong></span> <span class='ocrx_word' id='word_1_73' title='bbox 2431 2038 2698 2126; x_wconf 89' lang='lat' dir='ltr'><strong>spiritus</strong></span> <span class='ocrx_word' id='word_1_74' title='bbox 2729 2061 2938 2127; x_wconf 89' lang='lat' dir='ltr'><strong>prom·</strong></span> 
     </span>
     <span class='ocr_line' id='line_1_13' title="bbox 692 2129 2937 2236; baseline 0 -21"><span class='ocrx_word' id='word_1_75' title='bbox 692 2129 945 2234; x_wconf 80' lang='lat' dir='ltr'><strong>ptitudo</strong></span> <span class='ocrx_word' id='word_1_76' title='bbox 996 2145 1395 2235; x_wconf 88' lang='lat' dir='ltr'><strong>redunditur‚</strong></span> <span class='ocrx_word' id='word_1_77' title='bbox 1451 2148 1622 2234; x_wconf 90' lang='lat' dir='ltr'><strong>quod</strong></span> <span class='ocrx_word' id='word_1_78' title='bbox 1657 2148 1768 2216; x_wconf 83' lang='lat' dir='ltr'><strong>uix</strong></span> <span class='ocrx_word' id='word_1_79' title='bbox 1819 2149 2067 2236; x_wconf 77' lang='lat' dir='ltr'><strong>absque</strong></span> <span class='ocrx_word' id='word_1_80' title='bbox 2115 2149 2376 2216; x_wconf 88' lang='lat' dir='ltr'><strong>incursu</strong></span> <span class='ocrx_word' id='word_1_81' title='bbox 2425 2147 2818 2216; x_wconf 83' lang='lat' dir='ltr'><strong>discriminis</strong></span> <span class='ocrx_word' id='word_1_82' title='bbox 2868 2149 2937 2215; x_wconf 90' lang='lat' dir='ltr'><strong>in</strong></span> 
     </span>
     <span class='ocr_line' id='line_1_14' title="bbox 695 2253 2937 2347; baseline 0 -23"><span class='ocrx_word' id='word_1_83' title='bbox 695 2253 991 2324; x_wconf 89' lang='lat' dir='ltr'><strong>omnibus</strong></span> <span class='ocrx_word' id='word_1_84' title='bbox 1049 2255 1332 2342; x_wconf 87' lang='lat' dir='ltr'><strong>rigorem</strong></span> <span class='ocrx_word' id='word_1_85' title='bbox 1384 2256 1659 2326; x_wconf 89' lang='lat' dir='ltr'><strong>formule</strong></span> <span class='ocrx_word' id='word_1_86' title='bbox 1708 2258 1841 2325; x_wconf 90' lang='lat' dir='ltr'><strong>uite</strong></span> <span class='ocrx_word' id='word_1_87' title='bbox 1892 2265 2103 2326; x_wconf 85' lang='lat' dir='ltr'><strong>uestre</strong></span> <span class='ocrx_word' id='word_1_88' title='bbox 2151 2259 2405 2347; x_wconf 80' lang='lat' dir='ltr'><strong>perpeti</strong></span> <span class='ocrx_word' id='word_1_89' title='bbox 2453 2257 2758 2326; x_wconf 88' lang='lat' dir='ltr'><strong>ualeatis.</strong></span> <span class='ocrx_word' id='word_1_90' title='bbox 2808 2258 2937 2325; x_wconf 91' lang='lat' dir='ltr'><strong>Hu-</strong></span> 
     </span>
     <span class='ocr_line' id='line_1_15' title="bbox 693 2359 2934 2454; baseline 0 -22"><span class='ocrx_word' id='word_1_91' title='bbox 693 2363 971 2433; x_wconf 87' lang='lat' dir='ltr'><strong>iusmodi</strong></span> <span class='ocrx_word' id='word_1_92' title='bbox 1005 2362 1328 2449; x_wconf 88' lang='lat' dir='ltr'><strong>siquidem</strong></span> <span class='ocrx_word' id='word_1_93' title='bbox 1376 2365 1804 2452; x_wconf 84' lang='lat' dir='ltr'><strong>fragilitatem</strong></span> <span class='ocrx_word' id='word_1_94' title='bbox 1837 2359 2105 2454; x_wconf 79' lang='lat' dir='ltr'><strong>paterno</strong></span> <span class='ocrx_word' id='word_1_95' title='bbox 2138 2366 2626 2435; x_wconf 74' lang='lat' dir='ltr'><strong>considerantes</strong></span> <span class='ocrx_word' id='word_1_96' title='bbox 2675 2365 2934 2451; x_wconf 86' lang='lat' dir='ltr'><strong>affectu,</strong></span> 
     </span>
     <span class='ocr_line' id='line_1_16' title="bbox 692 2474 2932 2562; baseline -0.001 -20"><span class='ocrx_word' id='word_1_97' title='bbox 692 2495 837 2542; x_wconf 92' lang='lat' dir='ltr'><strong>cum</strong></span> <span class='ocrx_word' id='word_1_98' title='bbox 890 2493 1182 2543; x_wconf 89' lang='lat' dir='ltr'><strong>essemus</strong></span> <span class='ocrx_word' id='word_1_99' title='bbox 1213 2474 1278 2541; x_wconf 89' lang='lat' dir='ltr'><strong>in</strong></span> <span class='ocrx_word' id='word_1_100' title='bbox 1314 2475 1542 2546; x_wconf 90' lang='lat' dir='ltr'><strong>minori</strong></span> <span class='ocrx_word' id='word_1_101' title='bbox 1597 2475 1808 2546; x_wconf 89' lang='lat' dir='ltr'><strong>officio</strong></span> <span class='ocrx_word' id='word_1_102' title='bbox 1856 2475 2205 2561; x_wconf 86' lang='lat' dir='ltr'><strong>constituti,</strong></span> <span class='ocrx_word' id='word_1_103' title='bbox 2256 2477 2538 2562; x_wconf 86' lang='lat' dir='ltr'><strong>rigorem</strong></span> <span class='ocrx_word' id='word_1_104' title='bbox 2570 2474 2777 2562; x_wconf 88' lang='lat' dir='ltr'><strong>ipsius</strong></span> <span class='ocrx_word' id='word_1_105' title='bbox 2806 2474 2932 2542; x_wconf 87' lang='lat' dir='ltr'><strong>for-</strong></span> 
     </span>
     <span class='ocr_line' id='line_1_17' title="bbox 694 2582 2937 2673; baseline -0 -21"><span class='ocrx_word' id='word_1_106' title='bbox 694 2585 867 2652; x_wconf 87' lang='lat' dir='ltr'><strong>mule</strong></span> <span class='ocrx_word' id='word_1_107' title='bbox 899 2583 963 2650; x_wconf 90' lang='lat' dir='ltr'><strong>in</strong></span> <span class='ocrx_word' id='word_1_108' title='bbox 998 2582 1192 2652; x_wconf 88' lang='lat' dir='ltr'><strong>certis</strong></span> <span class='ocrx_word' id='word_1_109' title='bbox 1246 2583 1537 2653; x_wconf 83' lang='lat' dir='ltr'><strong>articulis</strong></span> <span class='ocrx_word' id='word_1_110' title='bbox 1569 2584 1679 2673; x_wconf 91' lang='lat' dir='ltr'><strong>pie</strong></span> <span class='ocrx_word' id='word_1_111' title='bbox 1712 2604 1793 2653; x_wconf 90' lang='lat' dir='ltr'><strong>ac</strong></span> <span class='ocrx_word' id='word_1_112' title='bbox 1840 2584 2112 2672; x_wconf 89' lang='lat' dir='ltr'><strong>prouide</strong></span> <span class='ocrx_word' id='word_1_113' title='bbox 2142 2584 2653 2673; x_wconf 87' lang='lat' dir='ltr'><strong>temperauimus</strong></span> <span class='ocrx_word' id='word_1_114' title='bbox 2672 2634 2692 2670; x_wconf 87' lang='lat'><strong><em>,</em></strong></span> <span class='ocrx_word' id='word_1_115' title='bbox 2745 2589 2937 2671; x_wconf 89' lang='lat' dir='ltr'><strong>prout</strong></span> 
     </span>
     <span class='ocr_line' id='line_1_18' title="bbox 691 2679 2935 2783; baseline -0.001 -22"><span class='ocrx_word' id='word_1_116' title='bbox 691 2695 755 2761; x_wconf 87' lang='lat' dir='ltr'><strong>iu</strong></span> <span class='ocrx_word' id='word_1_117' title='bbox 791 2692 1164 2783; x_wconf 88' lang='lat' dir='ltr'><strong>patentibus</strong></span> <span class='ocrx_word' id='word_1_118' title='bbox 1196 2694 1429 2763; x_wconf 89' lang='lat' dir='ltr'><strong>litteris</strong></span> <span class='ocrx_word' id='word_1_119' title='bbox 1463 2695 1706 2764; x_wconf 89' lang='lat' dir='ltr'><strong>nostris</strong></span> <span class='ocrx_word' id='word_1_120' title='bbox 1736 2679 2047 2763; x_wconf 87' lang='lat' dir='ltr'><strong>confectis</strong></span> <span class='ocrx_word' id='word_1_121' title='bbox 2095 2694 2329 2763; x_wconf 85' lang='lat' dir='ltr'><strong>exinde</strong></span> <span class='ocrx_word' id='word_1_122' title='bbox 2354 2693 2613 2782; x_wconf 91' lang='lat' dir='ltr'><strong>plenius</strong></span> <span class='ocrx_word' id='word_1_123' title='bbox 2652 2692 2935 2762; x_wconf 66' lang='lat' dir='ltr'><strong>contine</strong></span> 
     </span>
     <span class='ocr_line' id='line_1_19' title="bbox 695 2801 2935 2894; baseline 0 -24"><span class='ocrx_word' id='word_1_124' title='bbox 695 2812 815 2872; x_wconf 87' lang='lat' dir='ltr'><strong>tur.</strong></span> <span class='ocrx_word' id='word_1_125' title='bbox 869 2803 1009 2871; x_wconf 87' lang='lat' dir='ltr'><strong>Nos</strong></span> <span class='ocrx_word' id='word_1_126' title='bbox 1041 2802 1257 2889; x_wconf 84' lang='lat' dir='ltr'><strong>igitur,</strong></span> <span class='ocrx_word' id='word_1_127' title='bbox 1311 2805 1467 2894; x_wconf 89' lang='lat' dir='ltr'><strong>quia</strong></span> <span class='ocrx_word' id='word_1_128' title='bbox 1499 2804 1675 2893; x_wconf 91' lang='lat' dir='ltr'><strong>pium</strong></span> <span class='ocrx_word' id='word_1_129' title='bbox 1711 2823 1853 2873; x_wconf 93' lang='lat' dir='ltr'><strong>esse</strong></span> <span class='ocrx_word' id='word_1_130' title='bbox 1906 2804 2282 2889; x_wconf 88' lang='lat' dir='ltr'><strong>dinoscitur,</strong></span> <span class='ocrx_word' id='word_1_131' title='bbox 2335 2808 2407 2871; x_wconf 87' lang='lat' dir='ltr'><strong>ut</strong></span> <span class='ocrx_word' id='word_1_132' title='bbox 2438 2823 2520 2870; x_wconf 82' lang='lat' dir='ltr'><strong>ex</strong></span> <span class='ocrx_word' id='word_1_133' title='bbox 2556 2801 2935 2890; x_wconf 83' lang='lat' dir='ltr'><strong>prouisione</strong></span> 
     </span>
     <span class='ocr_line' id='line_1_20' title="bbox 692 2909 2934 3001; baseline -0.002 -20"><span class='ocrx_word' id='word_1_134' title='bbox 692 2911 882 2981; x_wconf 82' lang='lat' dir='ltr'><strong>Sedis</strong></span> <span class='ocrx_word' id='word_1_135' title='bbox 903 2913 1279 3000; x_wconf 87' lang='lat' dir='ltr'><strong>Apostolice</strong></span> <span class='ocrx_word' id='word_1_136' title='bbox 1310 2934 1353 2981; x_wconf 88' lang='lat' dir='ltr'><strong>a</strong></span> <span class='ocrx_word' id='word_1_137' title='bbox 1383 2914 1569 2983; x_wconf 90' lang='lat' dir='ltr'><strong>uobis</strong></span> <span class='ocrx_word' id='word_1_138' title='bbox 1601 2915 1822 3001; x_wconf 81' lang='lat' dir='ltr'><strong>iugum</strong></span> <span class='ocrx_word' id='word_1_139' title='bbox 1843 2913 2103 2981; x_wconf 89' lang='lat' dir='ltr'><strong>Domini</strong></span> <span class='ocrx_word' id='word_1_140' title='bbox 2138 2934 2284 2982; x_wconf 89' lang='lat' dir='ltr'><strong>cum</strong></span> <span class='ocrx_word' id='word_1_141' title='bbox 2314 2910 2637 2981; x_wconf 85' lang='lat' dir='ltr'><strong>suauitate</strong></span> <span class='ocrx_word' id='word_1_142' title='bbox 2670 2909 2934 2997; x_wconf 83' lang='lat' dir='ltr'><strong>feratur,</strong></span> 
     </span>
     <span class='ocr_line' id='line_1_21' title="bbox 692 3021 2935 3110; baseline -0.002 -19"><span class='ocrx_word' id='word_1_143' title='bbox 692 3021 927 3091; x_wconf 87' lang='lat' dir='ltr'><strong>uestris</strong></span> <span class='ocrx_word' id='word_1_144' title='bbox 960 3022 1549 3110; x_wconf 83' lang='lat' dir='ltr'><strong>supplicationibus</strong></span> <span class='ocrx_word' id='word_1_145' title='bbox 1581 3023 1896 3110; x_wconf 88' lang='lat' dir='ltr'><strong>inclinati,</strong></span> <span class='ocrx_word' id='word_1_146' title='bbox 1930 3023 2052 3093; x_wconf 91' lang='lat' dir='ltr'><strong>hoc</strong></span> <span class='ocrx_word' id='word_1_147' title='bbox 2077 3022 2250 3109; x_wconf 89' lang='lat' dir='ltr'><strong>quod</strong></span> <span class='ocrx_word' id='word_1_148' title='bbox 2282 3044 2325 3091; x_wconf 89' lang='lat' dir='ltr'><strong>a</strong></span> <span class='ocrx_word' id='word_1_149' title='bbox 2353 3022 2544 3092; x_wconf 90' lang='lat' dir='ltr'><strong>nobis</strong></span> <span class='ocrx_word' id='word_1_150' title='bbox 2577 3041 2773 3108; x_wconf 89' lang='lat' dir='ltr'><strong>super</strong></span> <span class='ocrx_word' id='word_1_151' title='bbox 2809 3021 2935 3088; x_wconf 90' lang='lat' dir='ltr'><strong>hoc</strong></span> 
     </span>
     <span class='ocr_line' id='line_1_22' title="bbox 692 3129 2935 3218; baseline 0 -20"><span class='ocrx_word' id='word_1_152' title='bbox 692 3132 933 3198; x_wconf 85' lang='lat' dir='ltr'><strong>factum</strong></span> <span class='ocrx_word' id='word_1_153' title='bbox 967 3137 1085 3217; x_wconf 87' lang='lat' dir='ltr'><strong>est,</strong></span> <span class='ocrx_word' id='word_1_154' title='bbox 1139 3138 1348 3199; x_wconf 86' lang='lat' dir='ltr'><strong>ratum</strong></span> <span class='ocrx_word' id='word_1_155' title='bbox 1380 3131 1699 3201; x_wconf 89' lang='lat' dir='ltr'><strong>habentes</strong></span> <span class='ocrx_word' id='word_1_156' title='bbox 1732 3138 1797 3201; x_wconf 88' lang='lat' dir='ltr'><strong>et</strong></span> <span class='ocrx_word' id='word_1_157' title='bbox 1826 3138 2102 3218; x_wconf 87' lang='lat' dir='ltr'><strong>gratum,</strong></span> <span class='ocrx_word' id='word_1_158' title='bbox 2140 3130 2207 3198; x_wconf 92' lang='lat' dir='ltr'><strong>id</strong></span> <span class='ocrx_word' id='word_1_159' title='bbox 2240 3129 2631 3200; x_wconf 85' lang='lat' dir='ltr'><strong>auctoritate</strong></span> <span class='ocrx_word' id='word_1_160' title='bbox 2662 3129 2935 3215; x_wconf 83' lang='lat' dir='ltr'><strong>Aposto-</strong></span> 
     </span>
     <span class='ocr_line' id='line_1_23' title="bbox 693 3237 2931 3330; baseline -0.001 -23"><span class='ocrx_word' id='word_1_161' title='bbox 693 3239 824 3307; x_wconf 92' lang='lat' dir='ltr'><strong>lica</strong></span> <span class='ocrx_word' id='word_1_162' title='bbox 853 3239 1328 3328; x_wconf 86' lang='lat' dir='ltr'><strong>confirmamus,</strong></span> <span class='ocrx_word' id='word_1_163' title='bbox 1361 3246 1426 3309; x_wconf 85' lang='lat' dir='ltr'><strong>et</strong></span> <span class='ocrx_word' id='word_1_164' title='bbox 1453 3242 1774 3329; x_wconf 88' lang='lat' dir='ltr'><strong>presentis</strong></span> <span class='ocrx_word' id='word_1_165' title='bbox 1808 3241 2033 3330; x_wconf 89' lang='lat' dir='ltr'><strong>scripti</strong></span> <span class='ocrx_word' id='word_1_166' title='bbox 2067 3239 2426 3329; x_wconf 87' lang='lat' dir='ltr'><strong>patrocinio</strong></span> <span class='ocrx_word' id='word_1_167' title='bbox 2449 3237 2931 3307; x_wconf 87' lang='lat' dir='ltr'><strong>communimus.</strong></span> 
     </span>
     <span class='ocr_line' id='line_1_24' title="bbox 692 3348 2933 3438; baseline -0.001 -22"><span class='ocrx_word' id='word_1_168' title='bbox 692 3348 873 3416; x_wconf 87' lang='lat' dir='ltr'><strong>Nulli</strong></span> <span class='ocrx_word' id='word_1_169' title='bbox 906 3368 1060 3433; x_wconf 88' lang='lat' dir='ltr'><strong>ergo</strong></span> <span class='ocrx_word' id='word_1_170' title='bbox 1095 3348 1350 3419; x_wconf 89' lang='lat' dir='ltr'><strong>omnino</strong></span> <span class='ocrx_word' id='word_1_171' title='bbox 1382 3349 1715 3419; x_wconf 89' lang='lat' dir='ltr'><strong>hominum</strong></span> <span class='ocrx_word' id='word_1_172' title='bbox 1749 3349 1944 3418; x_wconf 88' lang='lat' dir='ltr'><strong>liceat</strong></span> <span class='ocrx_word' id='word_1_173' title='bbox 1989 3350 2159 3417; x_wconf 86' lang='lat' dir='ltr'><strong>hanc</strong></span> <span class='ocrx_word' id='word_1_174' title='bbox 2191 3348 2498 3438; x_wconf 82' lang='lat' dir='ltr'><strong>paginam</strong></span> <span class='ocrx_word' id='word_1_175' title='bbox 2538 3353 2758 3415; x_wconf 87' lang='lat' dir='ltr'><strong>nostre</strong></span> <span class='ocrx_word' id='word_1_176' title='bbox 2787 3367 2933 3415; x_wconf 90' lang='lat' dir='ltr'><strong>con·</strong></span> 
     </span>
     <span class='ocr_line' id='line_1_25' title="bbox 694 3454 2931 3543; baseline -0.001 -19"><span class='ocrx_word' id='word_1_177' title='bbox 694 3455 1076 3524; x_wconf 86' lang='lat' dir='ltr'><strong>firmationis</strong></span> <span class='ocrx_word' id='word_1_178' title='bbox 1114 3455 1489 3543; x_wconf 79' lang='lat' dir='ltr'><strong>infringere,</strong></span> <span class='ocrx_word' id='word_1_179' title='bbox 1525 3459 1629 3526; x_wconf 88' lang='lat' dir='ltr'><strong>vel</strong></span> <span class='ocrx_word' id='word_1_180' title='bbox 1663 3456 1723 3524; x_wconf 90' lang='lat' dir='ltr'><strong>ei</strong></span> <span class='ocrx_word' id='word_1_181' title='bbox 1747 3476 1908 3526; x_wconf 90' lang='lat' dir='ltr'><strong>ausu</strong></span> <span class='ocrx_word' id='word_1_182' title='bbox 1940 3457 2286 3526; x_wconf 88' lang='lat' dir='ltr'><strong>temerario</strong></span> <span class='ocrx_word' id='word_1_183' title='bbox 2319 3454 2661 3526; x_wconf 89' lang='lat' dir='ltr'><strong>contraire.</strong></span> <span class='ocrx_word' id='word_1_184' title='bbox 2694 3455 2764 3523; x_wconf 90' lang='lat' dir='ltr'><strong>Si</strong></span> <span class='ocrx_word' id='word_1_185' title='bbox 2785 3455 2931 3541; x_wconf 89' lang='lat' dir='ltr'><strong>quis</strong></span> 
     </span>
     <span class='ocr_line' id='line_1_26' title="bbox 690 3562 2929 3656; baseline -0.002 -20"><span class='ocrx_word' id='word_1_186' title='bbox 690 3574 908 3636; x_wconf 89' lang='lat' dir='ltr'><strong>autem</strong></span> <span class='ocrx_word' id='word_1_187' title='bbox 939 3565 1063 3634; x_wconf 90' lang='lat' dir='ltr'><strong>hoc</strong></span> <span class='ocrx_word' id='word_1_188' title='bbox 1113 3571 1504 3654; x_wconf 80' lang='lat' dir='ltr'><strong>attemptare</strong></span> <span class='ocrx_word' id='word_1_189' title='bbox 1535 3568 2024 3656; x_wconf 87' lang='lat' dir='ltr'><strong>presumpserit,</strong></span> <span class='ocrx_word' id='word_1_190' title='bbox 2076 3565 2592 3652; x_wconf 81' lang='lat' dir='ltr'><strong>indignationem</strong></span> <span class='ocrx_word' id='word_1_191' title='bbox 2632 3562 2929 3652; x_wconf 90' lang='lat' dir='ltr'><strong>Omnipo-</strong></span> 
     </span>
     <span class='ocr_line' id='line_1_27' title="bbox 691 3674 2934 3763; baseline -0.001 -19"><span class='ocrx_word' id='word_1_192' title='bbox 691 3678 887 3744; x_wconf 84' lang='lat' dir='ltr'><strong>tentis</strong></span> <span class='ocrx_word' id='word_1_193' title='bbox 917 3677 1041 3744; x_wconf 88' lang='lat' dir='ltr'><strong>Dei</strong></span> <span class='ocrx_word' id='word_1_194' title='bbox 1091 3683 1158 3745; x_wconf 91' lang='lat' dir='ltr'><strong>et</strong></span> <span class='ocrx_word' id='word_1_195' title='bbox 1208 3677 1559 3745; x_wconf 87' lang='lat' dir='ltr'><strong>Beatorum</strong></span> <span class='ocrx_word' id='word_1_196' title='bbox 1594 3677 1770 3746; x_wconf 82' lang='lat' dir='ltr'><strong>Petri</strong></span> <span class='ocrx_word' id='word_1_197' title='bbox 1818 3683 1884 3745; x_wconf 88' lang='lat' dir='ltr'><strong>et</strong></span> <span class='ocrx_word' id='word_1_198' title='bbox 1933 3675 2125 3745; x_wconf 86' lang='lat' dir='ltr'><strong>Pauli</strong></span> <span class='ocrx_word' id='word_1_199' title='bbox 2162 3676 2619 3763; x_wconf 88' lang='lat' dir='ltr'><strong>Apostolorum</strong></span> <span class='ocrx_word' id='word_1_200' title='bbox 2667 3674 2809 3742; x_wconf 89' lang='lat' dir='ltr'><strong>eius</strong></span> <span class='ocrx_word' id='word_1_201' title='bbox 2859 3694 2934 3741; x_wconf 89' lang='lat' dir='ltr'><strong>se</strong></span> 
     </span>
     <span class='ocr_line' id='line_1_28' title="bbox 692 3781 2934 3873; baseline -0.003 -19"><span class='ocrx_word' id='word_1_202' title='bbox 692 3785 949 3854; x_wconf 85' lang='lat' dir='ltr'><strong>nouerit</strong></span> <span class='ocrx_word' id='word_1_203' title='bbox 979 3785 1404 3854; x_wconf 88' lang='lat' dir='ltr'><strong>incursurum.</strong></span> <span class='ocrx_word' id='word_1_204' title='bbox 1448 3787 1691 3853; x_wconf 87' lang='lat' dir='ltr'><strong>Datum</strong></span> <span class='ocrx_word' id='word_1_205' title='bbox 1725 3787 2023 3873; x_wconf 84' lang='lat' dir='ltr'><strong>Anagnie</strong></span> <span class='ocrx_word' id='word_1_206' title='bbox 2058 3784 2358 3854; x_wconf 88' lang='lat' dir='ltr'><strong>kalendis</strong></span> <span class='ocrx_word' id='word_1_207' title='bbox 2391 3784 2689 3853; x_wconf 87' lang='lat' dir='ltr'><strong>Octobris</strong></span> <span class='ocrx_word' id='word_1_208' title='bbox 2719 3781 2934 3851; x_wconf 88' lang='lat' dir='ltr'><strong>Ponti-</strong></span> 
     </span>
     <span class='ocr_line' id='line_1_29' title="bbox 689 3895 1617 3983; baseline -0.001 -20"><span class='ocrx_word' id='word_1_209' title='bbox 689 3898 921 3964; x_wconf 90' lang='lat' dir='ltr'><strong>ficatus</strong></span> <span class='ocrx_word' id='word_1_210' title='bbox 950 3895 1152 3963; x_wconf 86' lang='lat' dir='ltr'><strong>nostri</strong></span> <span class='ocrx_word' id='word_1_211' title='bbox 1187 3915 1358 3964; x_wconf 88' lang='lat' dir='ltr'><strong>anno</strong></span> <span class='ocrx_word' id='word_1_212' title='bbox 1388 3895 1617 3983; x_wconf 86' lang='lat' dir='ltr'><strong>primo.</strong></span> 
     </span>
    </p>
   </div>
   <div class='ocr_carea' id='block_1_6' title="bbox 686 4089 2930 4254">
    <p class='ocr_par' dir='ltr' id='par_1_6' title="bbox 686 4089 2930 4254">
     <span class='ocr_line' id='line_1_30' title="bbox 686 4089 2930 4164; baseline -0.004 -14"><span class='ocrx_word' id='word_1_213' title='bbox 686 4097 962 4163; x_wconf 73' lang='lat' dir='ltr'><strong>(Ei-edetis</strong></span> <span class='ocrx_word' id='word_1_214' title='bbox 987 4092 1331 4164; x_wconf 62' lang='lat' dir='ltr'><strong>b6rhirtyan,</strong></span> <span class='ocrx_word' id='word_1_215' title='bbox 1377 4095 1600 4163; x_wconf 74' lang='lat' dir='ltr'><strong>melyrffl</strong></span> <span class='ocrx_word' id='word_1_216' title='bbox 1637 4111 1672 4146; x_wconf 85' lang='lat' dir='ltr'><strong>a</strong></span> <span class='ocrx_word' id='word_1_217' title='bbox 1708 4091 1961 4162; x_wconf 64' lang='lat' dir='ltr'><strong>papanak</strong></span> <span class='ocrx_word' id='word_1_218' title='bbox 1999 4090 2420 4161; x_wconf 66' lang='lat' dir='ltr'><strong>dlyompecsetje</strong></span> <span class='ocrx_word' id='word_1_219' title='bbox 2457 4089 2813 4159; x_wconf 57' lang='lat' dir='ltr'><strong>votos-sama</strong></span> <span class='ocrx_word' id='word_1_220' title='bbox 2848 4107 2930 4143; x_wconf 75' lang='lat' dir='ltr'><strong>se·</strong></span> 
     </span>
     <span class='ocr_line' id='line_1_31' title="bbox 993 4179 2625 4254; baseline 0 -19"><span class='ocrx_word' id='word_1_221' title='bbox 993 4185 1390 4252; x_wconf 71' lang='lat' dir='ltr'><strong>lyemzsinoron</strong></span> <span class='ocrx_word' id='word_1_222' title='bbox 1410 4186 1567 4254; x_wconf 74' lang='lat' dir='ltr'>fflgg,</span> <span class='ocrx_word' id='word_1_223' title='bbox 1591 4201 1627 4237; x_wconf 83' lang='lat' dir='ltr'><strong>a</strong></span> <span class='ocrx_word' id='word_1_224' title='bbox 1651 4184 1816 4238; x_wconf 70' lang='lat' dir='ltr'><strong>budai</strong></span> <span class='ocrx_word' id='word_1_225' title='bbox 1840 4185 1945 4237; x_wconf 85' lang='lat' dir='ltr'><strong>kir.</strong></span> <span class='ocrx_word' id='word_1_226' title='bbox 1973 4185 2217 4236; x_wconf 74' lang='lat' dir='ltr'><strong>kamarai</strong></span> <span class='ocrx_word' id='word_1_227' title='bbox 2244 4179 2625 4248; x_wconf 60' lang='lat' dir='ltr'><strong>leveltfirban.)</strong></span> 
     </span>
    </p>
   </div>
   <div class='ocr_carea' id='block_1_7' title="bbox 1562 4487 2093 4505">
    <p class='ocr_par' dir='ltr' id='par_1_7' title="bbox 1562 4487 2093 4505">
     <span class='ocr_line' id='line_1_32' title="bbox 1562 4487 2093 4505; baseline -0.006 -2"><span class='ocrx_word' id='word_1_228' title='bbox 1562 4487 2093 4505; x_wconf 50' lang='lat' dir='ltr'><strong>m*</strong></span> 
     </span>
    </p>
   </div>
  </div>
 </body>
</html>
