3359 5250
1855 353 1987 418 448

799 548 943 613 Hac
972 548 1181 614 eciam
1232 545 1644 632 obligacione
1693 547 2051 632 interiecta,
2102 549 2278 635 quod
2315 549 2371 616 si
2425 567 2541 635 per
2572 548 2861 634 aliquam
2898 567 3055 632 que·

799 656 1074 723 stionem
1107 655 1189 721 de
1220 654 1412 721 terris
1448 656 1578 722 iam
1600 656 1949 736 nominatis
1981 655 2192 723 amitti
2227 656 2651 742 contingeret,
2684 662 2935 724 tantum
2966 654 3056 722 de

797 763 935 831 alia
963 768 1136 831 terra
1155 768 1380 830 nostra
1399 762 1757 850 Vbicunque
1797 785 1877 831 ex
1896 763 2029 832 ista
2052 769 2239 852 parte
2258 764 2504 831 DPaWa
2524 768 2744 849 preter
2763 770 3054 830 castrum

798 878 1089 940 nostram
1121 869 1527 956 habebimus,
1559 878 1854 940 tenemur
1887 872 2100 941 eidem
2131 873 2277 940 sine
2309 872 2424 939 lite
2453 877 2841 940 restaurare.
2894 870 3053 949 Qui·

801 980 920 1046 bus
953 979 1480 1066 possessionibus
1531 980 1586 1046 si
1620 980 1908 1065 peccatis
1941 980 2351 1067 exigentibus
2402 999 2660 1048 carrere
2698 978 3051 1063 debemus3

798 1088 1254 1156 nichilominus
1304 1087 1387 1156 de
1420 1096 1592 1156 terra
1623 1095 1851 1156 nostra
1878 1088 2163 1177 propria,
2219 1088 2588 1173 vbicunque
2624 1087 2814 1157 nobis
2845 1106 3052 1154 rema-

798 1201 983 1263 neret
1001 1244 1019 1279 ,
1070 1201 1321 1262 tantam
1372 1203 1438 1263 et
1486 1196 1820 1280 equalem;
1886 1196 2073 1264 iuxta
2120 1195 2523 1263 sentenciam
2572 1193 3051 1262 uenerabilium

797 1303 1103 1388 uirorum,
1137 1300 1443 1371 uidelicet
1471 1303 1798 1372 Abbatum
1829 1304 1915 1371 de
1945 1304 2220 1390 Simigio
2252 1312 2317 1373 et
2347 1303 2651 1389 Zaladia‚
2685 1303 2901 1371 eidem
2934 1304 3052 1371 Co-

800 1411 938 1478 miti
969 1411 1042 1477 L.
1078 1416 1365 1478 statuere
1398 1412 1780 1497 tenebimur,
1830 1420 2043 1499 preter
2074 1424 2360 1483 castrum
2394 1418 2685 1483 nostram
2715 1411 3051 1499 supradic-

798 1526 953 1585 tam.
1005 1519 1244 1584 Verum
1279 1518 1506 1605 eciam,
1542 1520 1600 1586 si
1631 1540 1748 1588 nos
1781 1521 1946 1588 mori
1979 1520 2337 1607 contingat,
2386 1523 2632 1609 etipsa
2663 1537 2869 1587 causa
2899 1538 3051 1604 que·

800 1625 1033 1694 stionis
1086 1631 1376 1711 tempore
1424 1626 1537 1710 filij
1589 1628 1795 1695 nostri
1845 1630 2121 1697 forsitan
2172 1628 2634 1714 suscitabitur,
2686 1627 2829 1714 ipse
2881 1626 3051 1694 filius

800 1742 1020 1803 noster
1071 1739 1336 1819 propter
1386 1733 1733 1802 infanciam
1783 1757 2053 1806 causam
2105 1758 2234 1805 non
2270 1738 2465 1805 debet
2513 1754 2890 1824 prorogare,
2934 1732 3051 1801 sed

799 1839 1127 1928 subplebit
1157 1841 1701 1926 composicionem
1749 1846 2166 1929 antedictam,
2199 1847 2366 1914 sicut
2405 1845 2470 1911 in
2521 1843 2757 1911 litteris
2787 1839 3051 1909 Andree

800 1959 955 2018 tunc
988 1947 1259 2017 Comitis
1292 1951 1772 2021 Warosdiensis
1823 1956 2205 2040 continetur,
2260 1955 2371 2041 qui
2401 1953 2572 2022 inter
2618 1973 2738 2022 nos
2776 1971 2860 2019 ex
2911 1969 3052 2038 spe-

798 2058 955 2125 ciali
988 2059 1296 2125 mandato
1316 2059 1474 2126 Bele
1505 2059 1751 2129 domini
1792 2065 1994 2131 nostri
2015 2063 2299 2133 Illustris
2322 2044 2524 2149 Regis
2546 2062 2836 2147 Ungarie
2858 2079 3053 2145 super

798 2168 945 2254 ipso
975 2167 1356 2236 concambio
1391 2169 1604 2237 extitit
1634 2169 2028 2240 ordinatum.
2078 2176 2267 2242 Anno
2300 2170 2565 2241 Domini
2597 2172 2687 2237 Μ’
2708 2168 2841 2236 00⁰
2872 2169 3051 2254 quin-

799 2276 1183 2364 quagesimo
1231 2282 1438 2345 sexto.

801 2475 1074 2541 (Et-edetis
1100 2469 1444 2539 borhzirtyan,
1472 2488 1505 2524 a
1529 2472 1713 2539 penset
1732 2473 2004 2536 elvestat,
2032 2490 2063 2526 a
2083 2476 2248 2530 budai
2277 2476 2381 2526 kir.
2410 2477 2655 2530 kamarai
2675 2469 3053 2543 leva-mrum.)

1672 2761 2180 2774 Ἥ

1851 3192 2009 3263 318.
2118 3203 2142 3258 ,ἑ

801 3382 1067 3466 Rayuza
1120 3383 1178 3443 e's
1213 3377 1472 3443 Ancona
1523 3374 1905 3441 vcirosoknak
1936 3377 2222 3462 bizonyos
2271 3379 2505 3462 tenqeti
2548 3376 3049 3442 hatalmaslrodd-

1076 3485 1304 3550 eol-nale
1333 3484 1777 3569 kieyyenle'te'sdt
1806 3487 2108 3570 tdrqyazo'
2138 3482 2538 3570 ejyezkeddse.
2574 3482 2768 3548 1256.

1013 3684 1089 3749 In
1138 3681 1397 3749 nomine
1446 3677 1713 3747 Domini
1743 3678 1973 3747 Amen.
2020 3678 2212 3747 Anno
2244 3676 2534 3747 eiusdem
2580 3676 2815 3745 MCC.
2841 3681 2917 3746 L.
2940 3680 3051 3747 VI.

798 3802 1087 3877 tempore
1107 3788 1348 3858 domini
1368 3786 1731 3855 Alexandri
1752 3789 1934 3873 Pape
1966 3787 2181 3870 quarti
2214 3823 2304 3834 —
2335 3824 2424 3835 —
2454 3824 2542 3836 —-
2572 3824 2662 3836 —-
2691 3788 3050 3858 Car-bonius

798 3899 1055 3986 Angeli,
1088 3902 1128 3967 J
1135 3901 1378 3966 acobus
1412 3897 1495 3964 de
1526 3896 1915 3982 Patinianis,
1948 3903 2015 3963 et
2044 3896 2160 3963 alii
2192 3896 2589 3984 infrascripti
2620 3898 2800 3965 cives
2839 3899 3050 3966 Anco·

798 4009 1010 4078 nitani
1041 4008 1360 4076 haberent
1411 4006 1756 4074 licenciam
1789 4010 1853 4072 et
1884 4013 2276 4091 potestatem
2308 4026 2351 4073 a
2382 4008 2716 4075 Potestate
2764 4012 2831 4073 et
2869 4005 3051 4073 Com·

800 4119 978 4187 muni
1007 4122 1297 4201 Ancone,
1346 4113 1651 4200 capiendi
1685 4149 2249 4162 —————
2284 4112 2509 4180 uitatis
2543 4112 2820 4196 Ragusii
2849 4132 3054 4197 nsque

800 4228 885 4294 ad
916 4226 1202 4294 valorem
1236 4230 1300 4292 ct
1330 4222 1761 4308 quantitatem
1789 4221 1965 4290 mille
1996 4229 2064 4289 et
2092 4227 2471 4288 sexcentum
2502 4218 2815 4287 librarum
2846 4222 3051 4290 Anco·

796 4334 1169 4402 nitanarum
1220 4337 1285 4398 et
1317 4334 1567 4416 septem
1619 4350 1737 4415 pro
1789 4328 1983 4397 rebus
2031 4328 2129 4395 eis
2179 4326 2421 4395 ablatis
2472 4327 2537 4394 in
2567 4325 2863 4395 banzone
2915 4326 3051 4396 sive

797 4461 967 4508 nave
1017 4439 1231 4523 Sergii
1281 4439 1365 4506 de
1415 4437 1705 4523 Ragusio
1754 4438 1841 4504 ad
1888 4443 2146 4524 portum
2179 4472 2267 4483 -
2304 4474 2385 4484 —
2417 4473 2505 4484 -
2537 4471 2625 4483 —-
2661 4443 2961 4503 natorum
3011 4456 3053 4503 a

801 4547 1076 4636 pyratis,
1129 4545 1250 4614 sub
1282 4542 1437 4612 dolo
1470 4550 1533 4612 et
1568 4544 1799 4611 fraude
1831 4543 1990 4611 dicti
2020 4544 2233 4633 Sergij
2269 4549 2335 4613 et
2365 4542 2864 4611 marinariorum
2904 4562 3049 4611 suo·

799 4675 941 4723 rum
973 4655 1055 4722 de
1074 4654 1307 4722 eadem
1326 4663 1502 4722 terra
1519 4652 1811 4739 Ragusii‚
1844 4652 2167 4737 quierant
2188 4652 2255 4720 in
2275 4652 2453 4721 dicta
2470 4670 2663 4737 naue,
2696 4651 3051 4718 secundum
