3359 5250
1389 287 1528 354 483.

1378 861 1535 930 340.

333 1040 379 1104 I
395 1039 458 1105 V.
494 1040 650 1106 Be'la
698 1043 903 1128 hircily
935 1067 974 1107 a
1007 1043 1288 1109 Dobicha
1338 1047 1456 1108 vair
1506 1044 1640 1107 tiibb
1676 1044 1998 1130 jobbdyya
2044 1049 2106 1107 6⁸
2136 1041 2392 1131 Hytynk
2439 1042 2600 1108 1⁴:62&

329 1146 429 1211 Ko
440 1148 715 1213 ztonicha
763 1155 918 1214 nez-22
949 1149 1204 1215 birtokot
1237 1154 1541 1236 tdryyazo'
1583 1156 2031 1236 pereyyesseyet
2058 1148 2293 1238 hayw'a
2320 1150 2591 1234 helybm.

1316 1256 1512 1323 1258.

572 1452 733 1520 Bela
779 1452 903 1521 Dei
953 1455 1181 1540 gracia
1219 1452 1574 1539 Hungarie,
1620 1453 1981 1537 Dalmacie,
2026 1453 2317 1539 Croacie,
2365 1456 2590 1537 Rame,

332 1560 586 1644 Seruie,
620 1560 913 1648 Gallicie,
937 1562 1344 1647 Lodomerie,
1366 1560 1807 1646 Cumanieque
1833 1565 1971 1629 Rex
1993 1562 2292 1630 omnibus
2323 1581 2593 1651 presens

332 1668 649 1754 scriptum
681 1668 1069 1756 inspecturis
1102 1672 1383 1738 salntem
1415 1669 1484 1737 in
1516 1690 1672 1739 vero
1706 1670 1997 1740 salutari.
2035 1673 2304 1757 Spectat
2335 1671 2421 1738 ad
2453 1669 2591 1738 offi-

335 1776 509 1843 cium
541 1778 744 1861 Regie
775 1780 1163 1868 Maiestatis,
1195 1799 1430 1848 causas
1480 1779 1771 1864 legitime
1802 1780 2187 1848 terminatas
2223 1778 2589 1848 litterarum

336 1884 710 1952 testimonio
741 1887 1069 1971 roborare,
1122 1907 1203 1954 ne
1234 1906 1546 1974 processu
1576 1888 1889 1975 temporis
1930 1889 2194 1956 valeant
2228 1888 2292 1955 in
2326 1886 2592 1954 dubium

337 1993 658 2059 reuocari.
694 1994 979 2062 Proinde
1010 1994 1095 2062 ad
1128 1996 1576 2064 Vniuersorum
1609 1995 1919 2063 noticiam
1953 1997 2183 2063 harum
2214 1995 2386 2063 serie
2420 1995 2595 2063 volu·

341 2121 485 2169 mus
517 2102 880 2190 peruenire,
930 2104 1104 2188 quod
1139 2124 1283 2171 cnm
1322 2103 1645 2189 Georgius
1695 2104 1867 2171 filius
1915 2101 2246 2189 Maladyn,
2300 2103 2594 2188 Bogdan,

337 2210 706 2296 Pozobuch,
740 2211 1090 2279 Farcasins
1120 2233 1238 2298 pro
1258 2212 1545 2300 Wlkina,
1583 2204 1906 2297 Georgius
1938 2213 2109 2280 filius
2141 2214 2385 2300 Zeztup
2418 2213 2594 2280 ioba-

341 2319 574 2404 giones
627 2319 838 2386 Oastri
889 2320 971 2388 de
1020 2320 1340 2403 Dobicha,
1404 2327 1645 2388 terram
1696 2319 2092 2389 Ooztonicha
2137 2326 2507 2408 repeterent
2555 2339 2597 2386 a

339 2426 768 2513 Hytynkone‚
820 2434 1189 2496 asserentes
1242 2424 1515 2496 eandem
1561 2428 1766 2497 fnisse
1797 2426 2011 2495 Castri
2051 2426 2133 2495 de
2165 2428 2483 2511 Dobicha,
2536 2432 2601 2494 et

342 2544 494 2623 post
544 2537 788 2603 obitum
821 2537 1020 2622 Regis
1053 2534 1391 2604 colomani
1423 2534 1632 2603 felicis
1667 2536 2150 2603 recordacionis
2199 2554 2315 2622 per
2356 2531 2599 2603 dictum

343 2644 612 2730 Hetynk
663 2657 1085 2734 occupatam;
1141 2646 1310 2713 idem
1359 2646 1627 2732 Hetynk
1660 2666 1743 2713 ex
1792 2644 2075 2713 aduerso
2123 2642 2481 2732 respondit,
2531 2649 2599 2710 vt

340 2755 556 2839 ipsam
586 2761 828 2822 terram
847 2754 1244 2823 Coztonicha
1277 2754 1540 2822 viuente
1570 2754 1783 2820 adhuc
1804 2755 1985 2840 Rege
2018 2754 2306 2841 predicto
2325 2750 2597 2841 pacifice

345 2881 551 2945 nsque
603 2861 689 2929 ad
741 2863 863 2931 hec
921 2871 1219 2949 tempora
1264 2861 1689 2951 possedisset.
1753 2860 2065 2929 Volentes
2116 2860 2315 2945 igitur
2375 2858 2599 2927 litibus

343 2969 537 3036 finem
570 2970 918 3057 inponerc;
953 2970 1283 3057 predictis,
1319 2967 1604 3054 Georgio
1648 2968 1972 3053 videlicet,
2026 2968 2362 3055 Bogdano,
2402 2968 2598 3037 Pozo·

344 3078 538 3162 buch,
589 3078 903 3145 Farcasio
953 3100 1068 3165 pro
1102 3077 1391 3161 Wlkina‚
1444 3081 1509 3144 et
1540 3078 1826 3160 Georgio
1876 3059 2335 3160 iobagionibus
2385 3076 2600 3143 Castri

345 3187 681 3274 prenotati
714 3206 913 3272 super
945 3185 1097 3271 ipsa
1125 3190 1302 3251 terra
1333 3184 1729 3251 Coztanicha
1775 3203 1990 3250 coram
2025 3180 2323 3271 capitulo
2357 3183 2600 3267 Zagru-

346 3293 561 3360 biensi
612 3291 1137 3360 adiudicauimus
1169 3300 1684 3375 sacramentum;
1736 3289 2129 3357 adueniente
2160 3309 2315 3357 vero
2360 3289 2467 3357 die
2498 3310 2599 3358 sa-

344 3402 663 3469 cramenti
694 3401 848 3468 talis
865 3402 1034 3468 inter
1066 3406 1288 3486 partes
1320 3397 1717 3485 composicio
1748 3396 2115 3482 interuenit,
2147 3403 2339 3484 prout
2361 3396 2603 3464 dictum

346 3510 722 3597 Capitulum
753 3510 940 3578 nobis
973 3508 1042 3576 in
1076 3509 1214 3576 suis
1244 3506 1480 3576 litteris
1511 3503 1856 3593 intimauit,
1896 3505 2074 3591 quod
2104 3503 2319 3573 dictus
2348 3504 2602 3591 Hytink

345 3640 547 3686 vnam
581 3625 833 3704 partem
885 3617 967 3684 de
998 3617 1148 3704 ipsa
1177 3625 1354 3683 terra
1385 3614 1781 3683 Coztonicha
1830 3612 2080 3681 dimisit
2109 3613 2341 3681 Castro
2372 3631 2602 3679 memo-

347 3735 514 3812 rato,
550 3725 745 3793 certis
767 3725 1052 3811 Vndique
1073 3726 1265 3792 metis
1287 3724 1678 3791 distinctam.
1702 3723 1899 3790 Cuius
1917 3722 2133 3808 prima
2171 3728 2349 3789 meta
2378 3720 2607 3809 inc³pit

348 3835 432 3902 de
464 3835 665 3904 fluuio
698 3836 799 3901 Vn
831 3831 1011 3920 apud
1040 3839 1281 3900 metam
1311 3840 1630 3918 terream;
1673 3830 1827 3898 inde
1859 3849 1975 3916 per
2003 3830 2332 3915 quandam
2362 3828 2604 3896 vallem

348 3944 650 4031 procedit
678 3962 905 4011 versus
940 3942 1554 4030 septemtrionalem,
1588 3949 1654 4007 et
1672 3960 1788 4028 per
1820 3936 2095 4006 eandem
2115 3937 2353 4008 vallem
2384 3955 2605 4006 ascen-

352 4053 451 4121 dit
481 4050 572 4122 ad
601 4050 1021 4120 monticulum
1054 4050 1138 4116 ad
1172 4052 1412 4116 metam
1432 4055 1710 4115 terream
1735 4071 1750 4134 ;
1785 4046 1939 4114 inde
1968 4044 2306 4115 descendit
2335 4064 2454 4133 per
2481 4065 2607 4113 me·

352 4171 459 4232 tas
509 4160 599 4229 ad
647 4158 918 4227 fluuium
961 4155 1542 4245 Jeztrebnichicha,
1592 4176 1711 4242 per
1759 4174 1951 4241 quem
1999 4154 2176 4221 venit
2221 4152 2291 4221 in
2337 4152 2607 4222 fluuium

352 4272 575 4356 Tvtja‚
628 4276 695 4336 et
725 4287 842 4354 per
871 4266 1140 4334 fluuium
1170 4265 1368 4332 Tutia
1396 4263 1575 4330 venit
1604 4262 1672 4328 in
1702 4261 1970 4329 fluuium
2000 4260 2306 4346 Polozka,
2351 4280 2470 4348 per
2495 4261 2609 4329 flu-

354 4382 538 4447 uium
587 4373 882 4444 Polozka
931 4392 1138 4459 nsque
1187 4372 1274 4440 ad
1322 4380 1563 4440 terram
1611 4370 1911 4456 Abbatis,
1964 4368 2074 4438 vbi
2104 4375 2281 4436 terra
2321 4369 2535 4437 Castri
2565 4390 2608 4438 a

350 4496 536 4556 terra
561 4484 956 4572 Hytinconis
1008 4489 1369 4570 separatur.
1419 4480 1559 4547 Nos
1606 4479 1810 4564 igitur
1860 4476 2346 4546 ordinacionem
2393 4477 2608 4576 ipsam

353 4605 575 4666 ratam
606 4594 947 4677 habentes,
984 4614 1061 4658 nc
1093 4590 1268 4659 idem
1302 4590 1585 4676 Hytinco
1619 4589 1725 4656 uel
1758 4588 1964 4675 ipsius
1995 4586 2270 4656 heredes
2298 4587 2368 4654 in
2399 4596 2611 4676 poste·

2170 4707 2287 4765 31*
