3359 5250
1783 307 1916 374 428

719 513 851 572 tem
887 503 974 570 ad
1007 509 1247 570 metam
1280 502 1699 589 angularem3
1751 502 1989 570 deinde
2018 522 2139 590 per
2168 505 2517 591 planiciem
2553 503 2740 570 iuxta
2770 500 2971 568 siluu·

716 614 850 681 lam
879 611 946 679 in
980 611 1266 697 quadam
1297 610 1534 681 semita
1565 609 1749 679 uadit
1779 611 2010 681 iterum
2041 612 2127 680 ad
2160 619 2399 681 metam
2438 611 2817 698 angularem
2851 609 2975 676 sub

717 721 952 789 arbore
971 718 1279 806 jurtanfa
1294 744 1323 797 ,·
1372 718 1612 787 abhinc
1640 719 1826 788 iuxta
1856 727 2098 788 terram
2129 721 2323 789 Zulre
2356 718 2760 787 descendens
2796 714 2977 785 cadit

717 827 953 894 iterum
1004 826 1072 893 in
1102 826 1540 894 Hemilinnam
1589 828 1656 894 in
1689 834 1864 896 meta
1894 831 2015 897 sub
2068 831 2302 898 arbore
2350 830 2517 916 tulfa
2533 853 2558 912 ;
2615 825 2857 895 deinde
2887 825 2979 892 ad

717 940 914 1022 caput
944 934 1153 1022 ipsius
1183 935 1594 1019 Hemelinna‚
1646 942 1713 1002 et
1743 935 1896 1003 inde
1925 937 2111 1003 iuxta
2144 942 2391 1004 terram
2429 935 2628 1004 castri
2678 934 2862 1002 uadit
2889 932 2979 999 ad

717 1045 1014 1113 arborem
1053 1046 1353 1132 jurtanfa
1372 1071 1397 1121 ‚·
1447 1044 1688 1112 abhinc
1719 1044 1806 1112 ad
1840 1052 2078 1113 metam
2128 1050 2410 1112 terream
2460 1044 2528 1111 in
2562 1042 2868 1130 planicie,
2909 1049 2981 1109 et

716 1153 871 1220 inde
923 1151 1008 1218 ad
1042 1152 1346 1220 arborem
1377 1151 1592 1240 bykfa,
1643 1153 1766 1220 sub
1800 1173 1932 1239 qua
1962 1161 2061 1221 est
2110 1160 2287 1220 meta
2323 1159 2536 1220 terrea
2572 1170 2895 1238 separans
2932 1170 2979 1217 a

716 1261 872 1347 filijs
906 1259 1244 1345 Chakani3
1297 1258 1536 1327 deinde
1567 1278 1684 1347 per
1735 1259 1911 1327 uiam
1941 1260 2126 1329 uadit
2176 1259 2265 1327 ad
2294 1268 2534 1329 metam
2567 1260 2692 1328 sub
2739 1260 2976 1327 arbore

717 1368 911 1455 amsa
928 1394 954 1446 ,·
1006 1365 1158 1434 inde
1189 1365 1421 1453 incipit
1468 1365 1565 1433 ire
1593 1386 1828 1434 uersus
1880 1366 2407 1455 septemtrionem
2457 1367 2524 1434 in
2557 1366 2696 1434 alia
2724 1366 2857 1451 uia,
2907 1372 2979 1433 et

718 1474 1018 1562 peruenit
1049 1474 1137 1541 ad
1168 1475 1400 1558 locum,
1435 1476 1546 1543 ubi
1581 1475 1859 1543 reflectit
1892 1495 1965 1542 se
1997 1474 2085 1543 ad
2119 1482 2322 1562 caput
2352 1473 2853 1559 Choromisnik3
2909 1478 2979 1538 et

719 1602 837 1668 per
867 1581 1318 1650 Choromisnik
1371 1581 1777 1650 descendens
1809 1581 2112 1669 peruenit
2159 1581 2247 1649 ad
2285 1588 2522 1650 metam
2570 1599 2975 1651 communem

720 1689 886 1757 inter
914 1689 1083 1758 filios
1115 1688 1417 1758 Ghakani
1448 1695 1516 1756 et
1543 1690 1766 1759 Kokot
1796 1691 1918 1757 sub
1950 1690 2296 1760 arboribus
2327 1691 2493 1778 ruffa
2522 1708 2714 1756 crvce
2757 1687 2976 1774 signa-

721 1798 841 1882 tis3
894 1795 1136 1864 deinde
1187 1817 1305 1884 per
1335 1797 1597 1880 siluam,
1650 1816 1779 1880 que
1828 1798 2186 1867 communis
2239 1806 2339 1865 est
2366 1797 2521 1884 filijs
2569 1795 2875 1864 Cbakani
2911 1801 2980 1863 et

719 1902 894 1970 dicto
943 1904 1168 1972 Kokot
1188 1954 1205 1987 ,
1270 1905 1644 1991 peruenitur
1699 1905 1787 1972 ad
1836 1906 2116 1992 priorem
2169 1913 2408 1974 metam
2456 1910 2732 1973 terream
2795 1904 2980 1971 iuxta

721 2010 1095 2079 Camariam
1145 2012 1610 2098 supradictam.
1662 2015 1750 2081 Vt
1780 2013 1979 2099 igitur
2009 2013 2222 2082 dictus
2251 2013 2425 2082 filius
2456 2011 2643 2098 Zelk,
2694 2019 2763 2079 et
2798 2013 2977 2079 here·

722 2120 842 2188 des
891 2120 1118 2207 ipsius,
1164 2140 1245 2187 ac
1296 2127 1685 2207 castrenses,
1736 2124 1849 2206 qui
1899 2123 2192 2208 agebant
2242 2127 2470 2191 contra
2517 2121 2750 2208 ipsum,
2809 2138 2979 2208 paee

720 2233 1037 2316 perpetua
1069 2229 1498 2315 gratulentur,
1549 2237 1894 2317 presentes
1928 2232 2189 2299 litteras
2221 2230 2290 2298 in
2338 2229 2781 2299 testimonium
2831 2248 2975 2315 per-

721 2341 917 2422 petue
947 2320 1273 2404 firmitatis
1325 2335 1466 2403 dari
1497 2337 1773 2405 fecimus
1807 2338 2011 2424 sigilli
2044 2337 2248 2408 nostri
2298 2336 2579 2425 duplicis
2621 2335 2975 2403 munimine

721 2444 1088 2511 roboratas.
1151 2444 1396 2512 Datum
1457 2466 1574 2532 per
1634 2466 1866 2514 manus
1926 2445 2224 2531 Magistri
2272 2444 2618 2529 Smaragdi
2664 2444 2977 2512 Albensis

722 2554 1016 2622 Ecclesie
1047 2552 1372 2642 Prepositi
1420 2556 1571 2625 aule
1604 2561 1821 2625 nostre
1853 2556 2431 2643 Uice-Cancellarij
2471 2554 2694 2625 dilecti
2725 2561 2793 2621 et
2819 2554 2976 2622 fide-

724 2658 891 2729 delis
924 2661 1150 2747 nostri,
1201 2681 1376 2730 anno
1408 2664 1673 2731 Domini
1712 2665 1803 2731 M⁰
1824 2663 1955 2733 00⁰
1980 2665 2053 2731 [θ
2083 2669 2287 2751 sexto,
2322 2665 2473 2731 IIII.
2511 2662 2659 2731 idus
2691 2663 2976 2732 Nouem-

723 2768 881 2853 bris,
914 2769 1122 2855 Regni
1155 2776 1372 2838 autem
1405 2770 1612 2839 nostri
1646 2794 1818 2842 anno
1851 2772 2166 2842 uicesimo
2198 2770 2504 2842 secundo.

720 2965 995 3033 (Ei-edetis
1015 2967 1356 3037 b6rhartyam
1382 2986 1417 3023 a
1433 2971 1922 3024 varus-violaszinti
1944 2970 2395 3038 selyemzsinoron
2412 2971 2609 3040 fflggot
2627 2969 2816 3038 penset
2833 2972 2975 3024 elve-

1247 3066 1400 3123 azett,
1426 3077 1462 3113 a
1484 3060 1650 3114 budai
1674 3061 1775 3112 kir.
1804 3060 2047 3114 kamarai
2070 3058 2445 3128 leveltarban.)
