3359 5250
1370 381 1496 447 199

1346 923 1499 995 130.

297 1092 515 1158 Iste-dn
569 1091 1051 1177 orszdybirdnak
1081 1115 1119 1156 a
1152 1092 1313 1157 tized
1343 1093 1612 1176 fizetdse't
1659 1096 1964 1178 ta'rqyazd
2011 1095 2198 1159 ite'lete
2248 1117 2288 1158 a
2321 1095 2559 1179 nyitrm

751 1200 992 1287 piispo'k
1022 1205 1082 1264 e's
1112 1224 1151 1265 α
1180 1203 1464 1286 razwaqi
1496 1200 1680 1287 nepdc
1711 1201 1864 1266 lcb'zt.
1905 1202 2095 1268 1245.

510 1360 648 1427 Nos
680 1362 1046 1446 Stephanus
1078 1361 1246 1428 Aule
1277 1362 1482 1446 Regie
1513 1359 1748 1444 Judex,
1785 1361 2016 1432 Comes
2051 1362 2423 1448 Nitrieusis,
2469 1364 2550 1431 si·

292 1469 682 1553 gnificamus
732 1469 1035 1537 omnibus
1094 1476 1459 1555 presentem
1511 1469 1826 1556 paginam
1877 1471 2268 1557 inspecturis
2291 1523 2308 1558 ,
2372 1473 2550 1557 quod

290 1577 614 1661 Magistro
647 1578 904 1644 Peccha
935 1574 1262 1644 Canonico
1315 1597 1394 1643 ac
1426 1587 1849 1663 procuratore
1897 1580 2293 1648 venerabilis
2341 1580 2544 1666 patris

290 1684 507 1751 Adam
544 1684 854 1770 Episcopi
888 1684 1256 1768 NitriensiS,
1298 1693 1359 1750 et
1392 1687 1650 1773 populis
1684 1687 1767 1754 de
1799 1687 2087 1773 Razwag
2122 1687 2335 1755 Casti-i
2367 1688 2546 1755 Trin-

291 1790 654 1859 chiniensis
710 1793 776 1858 in
809 1792 1011 1859 nostri
1053 1792 1391 1877 presencia
1443 1794 1834 1876 constitutis,
1887 1802 2266 1880 procurator
2317 1816 2546 1882 propo·

289 1902 423 1969 suit
453 1900 846 1986 antedictus,
901 1899 1075 1984 quod
1107 1921 1253 1967 cum
1284 1899 1410 1987 ipsi
1466 1902 1687 1988 populi
1721 1901 1980 1970 domino
2019 1922 2137 1970 suo
2191 1912 2545 1970 memorato

287 2010 621 2096 Episcopo
655 2011 742 2077 ad
774 2010 1013 2078 iustam
1063 2010 1460 2079 solucionem
1493 2019 1865 2078 tenerentur
1894 2010 2312 2095 decimarum,
2355 2032 2427 2080 se
2458 2013 2544 2079 ab

288 2119 411 2186 hac
443 2119 782 2188 solucione
829 2119 1106 2208 nitentes
1140 2119 1486 2205 retrahere,
1539 2119 1745 2187 iustas
1778 2120 2067 2188 decimas
2117 2120 2538 2206 denegarent.

286 2227 391 2293 Ad
423 2226 602 2310 quod
636 2225 733 2292 illi
765 2226 1249 2311 respondentes,
1303 2246 1432 2292 non
1470 2224 1554 2293 ad
1595 2225 1905 2294 iustarum
1954 2227 2371 2310 decimarum,
2423 2226 2543 2295 sed

284 2335 373 2401 ad
405 2334 709 2401 binarum
742 2334 1148 2401 solummodo
1182 2333 1590 2421 capeciarum
1627 2334 1711 2400 de
1742 2336 2035 2419 qualibet
2064 2334 2406 2402 mansione
2444 2355 2540 2403 so·

282 2443 609 2510 lucionem
658 2443 993 2510 annuatim
1026 2462 1099 2510 se
1122 2442 1367 2509 debere
1416 2442 1641 2528 teneri,
1688 2443 2076 2510 unanimiter
2113 2442 2537 2510 affirmarunt.

281 2551 574 2632 Quorum
606 2550 827 2634 itaque
878 2549 1228 2637 propositis
1265 2548 1361 2616 sic
1395 2547 1656 2636 auditis,
1691 2550 1859 2616 sicut
1893 2550 2050 2616 ordo
2089 2548 2315 2615 iudicii
2344 2548 2538 2635 depo·

281 2658 533 2741 scebat,
569 2656 977 2744 procuratori
1029 2663 1499 2744 prememorato
1533 2676 1727 2742 super
1756 2655 1879 2724 hoc
1930 2655 2392 2741 probacionem
2425 2654 2535 2722 du-

278 2766 496 2833 ximus
528 2763 965 2831 indicendam.
1019 2764 1147 2831 Die
1178 2772 1393 2831 autem
1428 2764 1512 2830 ad
1545 2767 1667 2830 hoc
1700 2773 1943 2832 statuto
1983 2763 2354 2846 accedente,
2390 2782 2534 2827 cum

275 2874 527 2961 pluries
558 2880 775 2940 tactus
807 2880 1189 2960 procurator
1242 2893 1361 2960 per
1391 2874 1649 2941 testium
1680 2872 2177 2959 produccionem
2220 2878 2396 2939 esset
2423 2891 2536 2956 pa-

272 2994 459 3052 ratus
510 2983 599 3050 ad
631 2982 1036 3069 probandum
1089 3002 1273 3050 suum
1324 2984 1748 3069 propositum,
1799 2991 1934 3048 tam
1964 2982 2105 3068 ipse
2137 2985 2532 3066 procurator,

276 3112 476 3178 quam
512 3091 717 3157 eciam
750 3092 970 3178 sepius
1001 3090 1316 3158 nominati
1346 3090 1570 3176 populi
1601 3111 1643 3156 a
1672 3090 1861 3158 nobis
1894 3089 2221 3158 humiliter
2254 3088 2533 3173 postula-

272 3208 450 3285 runt,
503 3207 575 3265 ut
604 3199 787 3286 ipsos
838 3199 925 3264 ad
958 3197 1497 3283 composicionem
1550 3198 2062 3282 permitteremus
2118 3198 2286 3262 inter
2322 3214 2414 3279 se,
2475 3195 2529 3260 si

270 3308 419 3375 fieri
454 3314 700 3393 posset,
731 3306 1164 3374 amicabiliter
1194 3306 1645 3374 ordinandam.
1682 3305 1828 3385 Qua
1854 3305 2053 3390 igitur
2081 3300 2529 3391 postulacione

268 3415 728 3483 fauorabiliter
779 3415 1089 3497 admissa,
1144 3434 1286 3481 cum
1337 3413 1462 3499 ipsi
1502 3414 1586 3479 ad
1637 3433 1756 3480 nos
1807 3411 2132 3498 pacificati
2182 3409 2529 3479 rediissent

269 3522 596 3609 pristaldo
631 3531 850 3589 nostro
886 3521 1136 3588 Comite
1163 3522 1393 3607 Moysa
1423 3521 1506 3587 de
1539 3520 1738 3587 Borth
1791 3517 2136 3601 mediante,
2186 3517 2524 3604 sepissime

269 3631 432 3699 dicti
490 3630 716 3718 populi
767 3638 989 3697 contra
1020 3630 1149 3696 iam
1202 3631 1524 3714 prefatum
1565 3627 1957 3712 Episcopum
2009 3644 2081 3690 se
2111 3624 2323 3691 miuus
2362 3622 2528 3690 iuste

266 3738 676 3827 processisse
700 3744 1188 3822 cognoscentes,
1222 3756 1295 3803 sc
1329 3734 1637 3819 deinceps
1658 3731 1745 3797 ad
1776 3731 2094 3796 iustarum
2130 3730 2524 3796 decimarum

265 3848 674 3916 solucionem
698 3845 967 3932 pacifice
988 3844 1357 3912 faciendam
1379 3859 1593 3909 eoram
1620 3838 1810 3905 nobis
1843 3837 2109 3904 firmiter
2129 3838 2520 3922 obligarunt.

266 3957 362 4024 Ut
395 3963 616 4022 autem
650 3954 842 4021 huius
874 3954 968 4020 rei
1000 3953 1207 4019 series
1257 3950 1446 4018 salua
1474 3965 1733 4032 semper
1765 3953 1828 4011 et
1861 3944 2247 4012 inconcussa
2278 3962 2521 4030 perma-

265 4078 444 4147 neat,
480 4076 547 4132 ct
579 4085 664 4132 ne
697 4083 978 4148 unquam
1004 4062 1091 4127 ab
1124 4060 1255 4128 ullo
1292 4075 1557 4142 prorsus
1589 4054 1916 4120 homiuum
1946 4060 2144 4136 queat
2175 4052 2240 4118 in
2271 4044 2519 4119 irrituin

264 4173 594 4257 reuocari,
646 4179 979 4259 presentes
1033 4165 1470 4236 concessimus
1520 4164 1776 4230 litteras
1809 4162 1874 4227 iu
1911 4168 2356 4247 argumentum
2390 4179 2520 4226 am-

270 4281 507 4369 plioris
557 4279 710 4347 fidei
740 4279 942 4363 sigilli
992 4274 1198 4343 nostri
1244 4272 1595 4339 munimine
1645 4272 2004 4338 roboratas.
2059 4270 2298 4333 Datum
2348 4285 2519 4332 anno

268 4388 618 4456 Dominice
647 4383 1130 4453 Incaruacionis
1162 4385 1252 4450 Μ0
1273 4381 1403 4448 (300
1424 4380 1569 4447 XL⁰
1589 4381 1689 4445 V⁰.

268 4532 549 4584 'Ercdetie
586 4525 932 4594 borbat-tyria,
972 4545 1007 4578 a
1029 4526 1477 4593 hartyazsinegcn
1518 4525 1737 4589 suggott
1763 4521 1945 4589 pecset
1972 4524 2249 4580 alveum,
2287 4535 2323 4571 a
2355 4520 2522 4571 budai

1008 4618 1110 4667 kir.
1139 4617 1379 4668 kamarai
1404 4609 1783 4678 leveltarbau)
