3359 5250
1337 447 1358 453 „
1386 345 1515 421 417

1383 448 1444 453 -n
1467 448 1608 460 *-

331 554 726 617 memoratus
755 556 1042 633 sanctus,
1097 550 1249 617 dum
1282 552 1498 619 adhuc
1547 553 1691 640 ipse
1721 552 1862 619 uita
1911 554 2230 639 potiretur
2265 555 2578 642 presenti,

328 655 621 740 presedit
651 654 719 721 in
750 656 979 722 eadem
1011 655 1375 725 Pontificali
1408 656 1622 727 officio
1654 657 1854 743 digne
1901 658 2177 745 functus,
2217 661 2581 730 interuentu

326 762 729 831 venerabilis
778 783 1020 850 sponse
1051 764 1313 852 Christi,
1365 785 1675 853 germane
1725 773 1945 836 nostre
1975 770 2238 852 sororis,
2275 770 2583 838 uidelicet

326 872 632 941 Salomee
681 872 1009 957 quondam
1041 873 1317 942 Galacie
1347 876 1599 964 Regine
1648 876 1849 963 plena
1879 876 1948 944 in
1997 883 2379 965 perpetuum
2430 899 2583 964 gan·

331 978 489 1047 dere
540 979 952 1048 concedimus
998 980 1325 1050 libertate.
1382 982 1458 1049 Id
1491 1002 1575 1050 ex
1615 992 1844 1053 nostra
1892 982 2248 1054 deuocione
2300 986 2585 1054 racionis

328 1086 602 1156 arbitrio
634 1087 1078 1173 decernentes,
1130 1096 1201 1156 ut:
1232 1109 1455 1157 omnes
1487 1090 1677 1158 liberi
1709 1090 2001 1159 homines
2035 1090 2318 1179 Capituli
2360 1112 2587 1182 supra·

329 1196 514 1282 dicti,
546 1196 986 1283 predictarum
1018 1197 1232 1265 coloni
1266 1205 1333 1265 et
1363 1198 1842 1266 inhabitatores
1869 1199 2194 1287 uillarum,
2227 1220 2371 1268 eam
2401 1201 2587 1268 liber·

331 1310 536 1370 tatem
566 1303 877 1388 habeant,
929 1324 1055 1389 que
1085 1305 1482 1392 ascripticijs
1532 1307 1737 1374 Sacro
1769 1304 2225 1376 Cracouiensis
2254 1308 2444 1376 Sedis
2494 1310 2587 1376 in·

334 1411 526 1480 dulta
556 1432 703 1480 esse
736 1412 1091 1480 dinoscitur
1122 1415 1208 1481 ab
1230 1414 1520 1500 antiquo,
1555 1421 1621 1483 et
1651 1436 1772 1502 per
1804 1436 1921 1484 nos
1951 1415 2156 1483 eciam
2179 1416 2591 1503 postmodum

331 1519 663 1588 roborata.
735 1518 863 1599 Qui
911 1526 1139 1607 utpote
1202 1521 1393 1588 liberi
1445 1522 1743 1590 homines
1792 1521 2080 1609 Capituli
2143 1523 2502 1610 supradicti
2550 1545 2595 1591 a

335 1633 580 1712 nostro,
615 1634 679 1695 et
711 1634 1074 1697 nostrorum
1108 1637 1538 1716 posterorum,
1573 1638 1638 1697 et
1671 1630 2135 1716 Palatinorum,
2183 1639 2250 1698 et
2279 1632 2594 1701 Castella·

335 1757 587 1822 norum,
619 1743 684 1804 et
712 1737 1146 1822 quorumlibet
1168 1737 1463 1822 judicum
1498 1737 1777 1806 aliorum
1807 1739 2218 1826 presencium
2257 1748 2322 1809 et
2352 1740 2593 1809 futuro-

336 1867 478 1912 rum
503 1844 774 1932 judicijs
823 1845 1083 1931 penitus
1114 1845 1179 1912 in
1211 1854 1595 1932 perpetuum
1644 1852 1798 1914 sunt
1832 1846 2175 1929 immunes,
2225 1854 2290 1915 et
2327 1867 2596 1935 prorsus

341 1955 539 2023 liberi
571 1974 613 2020 a
643 1960 875 2040 strosa,
911 1960 975 2019 et
1005 1961 1174 2039 stan,
1226 1961 1292 2021 et
1321 1974 1552 2041 pouoz‚
1585 1962 1653 2023 et
1682 1955 1835 2044 alijs
1867 1954 2292 2024 seruitutibus
2337 1962 2404 2024 et
2432 1955 2600 2022 solu-

341 2062 636 2132 cionibus
686 2060 1038 2148 ordinariJs
1068 2068 1135 2128 et
1165 2062 1734 2149 extraordinarijs,
1787 2082 2171 2148 quocunque
2215 2062 2442 2131 eedem
2487 2082 2597 2130 no·

344 2171 523 2238 mine
554 2177 967 2255 censeantur,
1018 2170 1269 2256 preuod
1299 2169 1565 2239 militari
1597 2177 1895 2258 excepto.
1948 2169 2125 2250 Quos
2158 2170 2454 2237 volumus
2488 2168 2599 2237 do·

343 2278 663 2345 minorum
715 2296 979 2344 suorum
1012 2275 1356 2344 dumtaxat
1405 2275 1801 2344 utilitatibus
1833 2283 1899 2344 et
1947 2275 2245 2360 seruicijs
2288 2280 2602 2364 perpetuo

346 2384 732 2472 mancipari.
769 2382 1164 2469 Adicientes,
1217 2385 1388 2468 quod
1421 2385 1478 2451 si
1512 2387 1658 2470 quis
1691 2385 1862 2451 hanc
1891 2382 2321 2452 donacionem
2358 2390 2423 2449 et
2452 2402 2598 2453 con·

347 2493 717 2562 cessionem
768 2499 1054 2559 nostram
1104 2491 1384 2560 uoluerit
1412 2492 1762 2578 infirmare,
1817 2486 1921 2560 uel
1952 2492 2012 2559 ei
2045 2511 2210 2559 ausu
2259 2492 2605 2560 temerario

350 2599 697 2686 contraire,
735 2596 1260 2684 indignacionem
1284 2599 1763 2688 omnipotentis
1783 2600 1928 2686 Dei,
1963 2606 2028 2668 et
2046 2599 2232 2668 Beati
2274 2599 2413 2668 eius
2444 2619 2607 2666 mar·

351 2710 496 2778 tiris
517 2707 876 2794 Stanizlay,
900 2713 966 2774 et
984 2701 1300 2793 nostram,
1326 2728 1469 2775 cum
1493 2707 2193 2775 excommunicacionis
2222 2713 2442 2776 nostre
2462 2727 2609 2776 seu-

355 2817 577 2885 tencia
606 2816 862 2885 nouerit
891 2837 963 2884 se
995 2816 1418 2884 incursurum.
1470 2817 1713 2884 Datum
1746 2815 1813 2882 in
1846 2816 2170 2885 Cracouia
2199 2836 2316 2902 per
2346 2837 2610 2884 manum

351 2925 578 2993 fratris
610 2924 1049 2992 Bartholomei
1081 2923 1347 2991 Ordinis
1379 2924 1718 3010 Minorum,
1765 2923 2145 2992 mediatoris
2176 2924 2348 2992 inter
2378 2946 2498 2993 nos
2529 2944 2611 2991 ex

355 3054 491 3101 uua
520 3038 728 3119 parte,
780 3039 847 3100 et
877 3031 1252 3120 Capitulum
1305 3031 1744 3100 Craconiense
1794 3052 1876 3100 ex
1909 3032 2119 3100 altera
2161 3038 2388 3120 parte;
2439 3052 2612 3098 anno

358 3143 446 3209 ab
477 3139 947 3207 Incarnacione
982 3138 1243 3208 Domini
1278 3141 1363 3206 M.
1387 3137 1514 3207 CC.
1549 3128 2090 3225 quinquagesimo
2124 3141 2371 3225 quinto,
2407 3138 2611 3205 ludic-

358 3249 548 3317 cione
578 3246 791 3333 xm„
823 3248 966 3314 XV.
1000 3246 1325 3315 kalendas
1356 3247 1574 3332 Junij3
1629 3253 1697 3315 et
1726 3244 2137 3334 postmodum
2171 3246 2616 3316 confirmatum

365 3363 432 3423 et
460 3355 859 3443 publicatum
881 3355 948 3421 in
979 3355 1304 3438 colloquio
1334 3354 1558 3422 habito
1591 3354 1772 3441 apud
1792 3354 2165 3422 Bansouam
2186 3353 2410 3422 eodem
2444 3372 2615 3420 anno

362 3462 630 3531 Domini
680 3463 870 3531 nonis
899 3462 1322 3549 Septembris.
1373 3462 1794 3530 Presentibus
1844 3461 1947 3530 his
1997 3462 2294 3545 testibus,
2346 3481 2615 3545 quorum

361 3571 629 3639 nomina
661 3578 813 3638 sunt
843 3572 965 3638 hec
997 3595 1014 3636 ε
1050 3571 1480 3640 venerabiles
1511 3577 1733 3658 patres
1766 3571 1970 3640 Fulco
2002 3571 2127 3638 Dei
2159 3569 2386 3656 gracia
2417 3568 2617 3636 Gnez·

363 3681 588 3747 nensis
646 3678 1195 3766 Archiepiscopus
1220 3731 1238 3766 ,
1305 3679 1640 3747 Praudota
1702 3677 2161 3747 Craconiensis
2225 3677 2617 3765 Episcopus,

363 3790 568 3855 frater
619 3787 928 3854 Albertus
992 3786 1256 3854 Ordinis
1307 3787 1627 3853 Minorum
1649 3840 1665 3872 ,
1735 3785 2053 3853 Dominus
2104 3785 2187 3853 de
2249 3783 2622 3868 Zauichost,

367 3897 582 3963 Adam
635 3892 1049 3962 castellanus
1079 3894 1556 3979 Craconiensis,
1608 3896 1948 3979 Sengneus
1979 3893 2319 3960 Palatinus
2371 3888 2623 3958 Sando-

369 4004 578 4088 mirie,
630 4001 826 4070 Sulco
860 3999 1276 4069 Castellanus
1305 4000 1389 4068 de
1421 4000 1679 4088 Lublin,
1728 3999 2067 4068 Bronisius
2098 3996 2510 4065 Castellanus
2543 3995 2625 4063 de

367 4112 610 4198 Beycb,
660 4110 1023 4178 Nicholaus
1056 4108 1273 4178 Judex
1325 4109 1803 4196 Cracouiensis,
1856 4108 2085 4175 Petrus
2117 4106 2335 4174 Judex
2384 4102 2625 4172 Sando-

367 4220 579 4307 mirie,
632 4217 795 4286 Smil
827 4217 1152 4285 Pincerna
1184 4217 1661 4301 Cracouiensis,
1715 4217 1910 4284 Sulco
1943 4215 2289 4299 Subagazo
2331 4212 2630 4280 Cracoui.

377 4327 578 4413 ensis,
610 4326 919 4394 Albertus
951 4324 1297 4409 Subagazo
1330 4322 1901 4406 Sandomiriensis,
1954 4322 2188 4388 Petrus
2214 4320 2632 4388 Subuenator

371 4435 945 4519 Sandomiriensis,
968 4433 1144 4501 Char
1168 4433 1584 4502 Camerarius
1604 4430 1850 4498 domini
1864 4416 2377 4515 Archiepiscopi,
2399 4426 2633 4493 Petrus

372 4543 651 4632 Dapifer
702 4544 949 4614 domini
994 4543 1308 4631 Episcopi
1345 4542 1684 4627 Cracouie,
1735 4546 1802 4608 et
1832 4538 1945 4624 alij
1999 4535 2475 4623 quamplurimi.
2528 4533 2636 4599 Ad

372 4654 569 4721 robur
602 4659 820 4720 autem
873 4653 1156 4720 omnium
1207 4650 1674 4737 premissorum
1730 4665 1998 4734 presens
2050 4644 2358 4731 scriptum
2413 4647 2635 4710 nostro

470 4789 675 4827 nom.
709 4788 874 4827 unse.
908 4787 1048 4825 mar.
1087 4798 1161 4809 —
1199 4787 1344 4823 nm..
1379 4776 1450 4816 12.
2230 4761 2310 4817 27
