3359 5250
1505 354 1597 419 25

1481 920 1589 990 16.

414 1101 644 1167 Ender
670 1103 982 1188 pozsonyi
998 1098 1275 1187 fh'iepdn
1309 1105 1373 1167 έε
1403 1100 1725 1167 ΙείΙσΙιῑάὅει
1769 1101 2118 1169 ὂίνόίάνεαί
2147 1103 2387 1169 Monar
2415 1102 2688 1190 helyseq-

416 1209 541 1274 nelo
587 1208 839 1274 lakosai
867 1231 899 1273 3
939 1207 1163 1274 ΜοποῙι
1214 1220 1479 1294 caperest
1511 1212 1574 1275 6³
1625 1211 1913 1276 temeret·
1960 1211 2104 1277 levet
2151 1211 2385 1279 ite'letet
2429 1210 2688 1276 hotmk.

1434 1312 1655 1383 '12:362

641 1512 980 1580 Johannes
1010 1511 1436 1581 Posoniensis
1454 1514 1838 1600 Propositus
1869 1519 2206 1598 totumque
2238 1513 2531 1583 eiusdem
2563 1516 2691 1585 loci
2831 1520 2840 1531 ‘

421 1618 802 1706 Capitulum
835 1621 1136 1690 omnibus
1183 1628 1554 1709 presentem
1596 1622 1912 1711 paginam
1959 1621 2361 1691 intuentibus
2410 1626 2692 1692 salutem

420 1729 492 1794 in
527 1727 827 1797 Domino.
872 1728 1308 1797 Vuiuersitati
1338 1735 1556 1798 vestre
1587 1732 1823 1798 harum
1855 1729 2026 1797 serie
2054 1730 2423 1798 innotescat
2452 1716 2693 1798 littera-

424 1854 596 1919 rum,
649 1836 824 1920 quod
872 1855 1020 1903 cum
1067 1836 1326 1904 diutina
1370 1837 1819 1907 controuersia
1865 1844 2160 1926 tempore
2206 1838 2486 1907 Illustris
2534 1839 2694 1906 Bele

420 1943 652 2027 Regis,
704 1943 972 2011 Andree
1020 1943 1224 2029 Regis
1274 1944 1415 2032 filij,
1468 1945 1538 2012 in
1568 1944 1917 2013 audiencia
1961 1945 2223 2013 Andree
2271 1946 2693 2015 Posoniensis

428 2050 707 2120 Comitis
735 2051 857 2119 filii
886 2051 1258 2139 Seraphini,
1309 2051 1453 2121 vice
1483 2053 1690 2137 Regis
1722 2052 2078 2140 qualitates
2124 2059 2443 2121 terrarum
2473 2055 2543 2121 111
2576 2051 2694 2122 Co·

423 2159 664 2226 mitatu
691 2158 1083 2227 Posoniensi
1115 2159 1615 2228 constitutarum
1660 2158 2035 2247 iudicantis,
2089 2160 2259 2229 inter
2288 2161 2571 2231 villanos
2611 2160 2694 2230 de

424 2269 683 2352 Monar,
716 2266 1028 2336 videlicet
1057 2269 1253 2353 Sena,
1290 2270 1446 2355 Gyr,
1478 2270 1640 2349 Bon,
1675 2269 1944 2356 Chama‚
1987 2270 2281 2357 Chepan,
2318 2269 2597 2338 Chakan
2629 2276 2696 2336 et

426 2377 603 2445 alios
638 2397 721 2444 ex
751 2397 885 2445 una
912 2384 1118 2465 parte,
1174 2387 1239 2446 et
1269 2379 1506 2446 Monch
1537 2381 1879 2447 Decanum
1910 2364 2196 2465 suosque
2234 2377 2490 2462 fratres,
2523 2379 2696 2445 vide-

425 2485 588 2552 licet
615 2485 798 2570 Hyze
828 2491 893 2551 01
926 2486 1318 2571 Gregorium
1369 2506 1452 2553 ex
1485 2487 1622 2554 alia
1648 2493 1858 2574 parte,
1912 2506 2113 2574 super
2140 2486 2425 2572 quodam
2462 2483 2693 2574 predio

426 2593 664 2660 Monar
695 2591 979 2673 nomine,
1030 2593 1208 2679 quod
1255 2594 1434 2663 idem
1465 2595 1705 2664 Μο11011
1737 2603 1803 2663 01
1835 2595 2072 2665 fratres
2124 2594 2225 2663 sui
2255 2591 2694 2681 predictorum
2731 2687 2735 2690 ι

424 2699 827 2769 villanorum
879 2702 1071 2771 terris
1121 2705 1496 2790 contiguum
1516 2754 1534 2787 ,
1588 2702 1948 2789 antiquitus
2000 2712 2064 2771 et
2106 2704 2248 2771 iure
2294 2701 2693 2770 hereditario

426 2808 889 2895 possederant,
945 2810 1215 2897 grauius
1265 2817 1663 2896 uerteretur;
1722 2811 1944 2879 multis
1990 2809 2145 2878 hinc
2193 2809 2348 2878 inde
2396 2809 2695 2879 deductis

424 2916 829 3004 racionibus,
880 2918 1168 2987 dictante
1219 2919 1477 2988 demum
1528 2920 1863 2987 sentencia
1907 2920 2083 2987 idem
2113 2919 2414 2988 Andreas
2463 2920 2695 2989 Comes

428 3023 790 3107 constituit,
825 3025 1003 3112 quod
1031 3027 1271 3094 Manch
1304 3024 1498 3115 (igy)‚
1532 3029 1767 3113 suique
1800 3026 2038 3094 fratres
2070 3026 2172 3094 ius
2203 3027 2692 3111 hereditarium,

430 3130 611 3217 quod
658 3151 731 3199 se
760 3132 830 3198 in
876 3138 1054 3201 terra
1072 3184 1091 3218 ,
1145 3133 1229 3202 de
1259 3154 1391 3218 qua
1421 3134 1506 3201 lis
1537 3135 1878 3220 agebatur,
1927 3134 2174 3201 habere
2220 3134 2695 3220 proponebant,

430 3239 1060 3307 circumsedentibus
1084 3247 1154 3308 et
1181 3240 1470 3310 honestis
1503 3241 1999 3328 comprobarent
2016 3240 2313 3308 testibus.
2354 3239 2696 3309 Productis

426 3347 634 3432 igitur
663 3347 886 3416 multis
919 3368 1002 3416 ac
1019 3348 1296 3434 ydoneis
1331 3350 1607 3418 testibus
1640 3350 1844 3417 castri
1866 3347 2359 3435 jobagionibus,
2391 3346 2699 3416 videlicet

431 3453 673 3539 Kotor,
714 3453 902 3543 Geel,
936 3456 1124 3543 Pyle,
1158 3456 1363 3542 Bodo,
1395 3458 1643 3541 Bochk,
1678 3456 1920 3526 Cosma
1965 3463 2031 3524 et
2062 3457 2213 3524 aliis
2263 3476 2461 3542 quam
2496 3456 2694 3543 pluri-

432 3562 579 3647 bus,
610 3569 749 3628 tam
773 3563 1241 3648 Jobagionibus
1260 3565 1480 3649 castri,
1515 3585 1716 3651 quam
1748 3565 1901 3633 aliis
1919 3564 2269 3649 nobilibus,
2305 3565 2515 3632 coacti
2548 3570 2699 3630 sunt

436 3689 482 3736 a
511 3668 727 3738 iudice
758 3671 967 3741 Sebus
1013 3674 1331 3743 Comitem
1381 3680 1448 3740 et
1478 3673 1712 3742 Buken
1760 3681 2027 3761 propter
2076 3673 2394 3742 maiorem
2442 3672 2697 3755 negocii

438 3775 851 3845 euidenciam
878 3777 950 3846 in
977 3779 1423 3849 testimonium
1454 3781 1837 3868 producere.
1871 3780 2005 3848 Sed
2037 3799 2183 3847 cum
2216 3779 2427 3846 Sebus
2460 3776 2695 3848 Comes

434 3885 642 3960 Restis
675 3895 740 3953 01
767 3888 983 3971 Regni
1034 3888 1324 3975 negociis
1370 3887 1785 3973 detineretur,
1838 3896 2126 3976 tempore
2176 3886 2525 3954 iuramenti
2573 3886 2698 3953 fra·

436 4001 605 4060 trem
635 4011 827 4061 suum
857 3993 1086 4063 Buken
1117 3996 1436 4065 Comitem
1467 3997 1841 4064 destinauit.
1875 3995 2004 4075 Qui
2035 4016 2178 4063 cum
2211 3995 2280 4061 in
2311 4000 2533 4063 nostro
2568 4015 2696 4062 mo·

438 4102 731 4168 nasterio
762 4110 1035 4190 paratus
1067 4112 1244 4173 esset
1274 4106 1507 4190 iurare,
1542 4105 1865 4192 sepedicti
1899 4112 2265 4171 castrenses
2298 4102 2697 4190 perpenden-

436 4216 564 4292 tes,
597 4229 673 4276 se
703 4210 932 4278 ordine
970 4211 1315 4280 iudiciario
1347 4212 1833 4299 condempnari,
1873 4213 2172 4300 personis
2203 4209 2479 4296 ydoneis
2509 4211 2699 4278 inter-

442 4316 683 4403 positis
731 4317 823 4385 ad
882 4319 1052 4387 hanc
1101 4322 1649 4410 composicionem
1712 4320 2112 4388 deuenerunt
2132 4369 2150 4404 ‚
2215 4319 2390 4403 quod
2437 4326 2699 4403 terram,

444 4442 644 4507 quam
674 4444 718 4491 a
747 4426 982 4495 Monch
1011 4430 1281 4497 Decano
1332 4429 1599 4516 suisque
1643 4427 1955 4495 fratribus
2004 4425 2249 4493 iniuste
2296 4426 2699 4512 repetebant,

443 4530 653 4598 libere
687 4539 886 4620 atque
915 4537 1187 4622 pacifice
1235 4538 1663 4625 permiserunt
1694 4535 2054 4625 possidere.
2100 4528 2205 4599 Ita
2234 4539 2473 4621 tamen,
2527 4536 2702 4620 quod

445 4639 868 4709 medietatem
895 4643 1120 4712 iudicii
1151 4645 1434 4714 iudicem
1487 4647 1929 4731 contingentis
1960 4644 2196 4711 Monch
2228 4662 2374 4709 cum
2406 4642 2543 4709 suis
2575 4641 2701 4710 fra-
