3359 5250
1329 433 1364 438 ,,
1415 334 1629 437 3235„

355 551 502 597 cum
536 534 663 621 ipsi
697 532 1163 621 compositores
1182 553 1376 622 super
1404 532 1727 600 diuisione
1755 536 1928 600 terre
1960 529 2294 598 interillos
2326 538 2602 616 utraque

357 649 550 726 parte
600 643 856 710 uolente
892 642 1283 727 extitissent,
1332 644 1535 710 talem
1562 641 1736 708 inter
1764 642 1949 728 ipsos
1998 639 2309 707 fecissent
2349 658 2592 726 compo-

354 746 707 835 sicionem;
740 747 915 834 quod
946 749 1264 817 medietas
1297 750 1506 817 tocius
1535 756 1709 816 terre
1736 749 2025 834 ipsorum
2065 745 2476 832 hereditarie,
2507 747 2601 813 vi-

327 855 599 923 delicet
625 857 695 925 in
726 856 960 945 Sarfw,
992 857 1061 924 in
1093 859 1343 943 Manat,
1393 858 1556 925 etin
1587 857 1880 924 Peschen
1914 855 2289 940 existentes,
2341 853 2603 922 cederet

347 963 419 1030 in
470 964 575 1030 ius
615 965 930 1053 Stephani
978 966 1097 1051 filij
1146 966 1450 1052 Gregorij
1502 966 1645 1034 iure
1696 971 2011 1053 perpetuo
2064 962 2485 1052 possidenda,
2535 968 2603 1030 et

349 1072 622 1159 insuper
649 1073 884 1158 uiginti
913 1073 1144 1160 iugera
1172 1079 1347 1142 terre
1376 1074 1446 1142 in
1476 1073 1713 1142 Sarfev
1744 1093 1828 1140 ex
1858 1079 2048 1160 parte
2068 1071 2271 1157 Hisci,
2305 1072 2599 1159 exceptis

350 1185 604 1247 tantum
636 1180 869 1265 viginti
917 1176 1253 1267 iugeribus
1284 1190 1472 1268 terre,
1523 1203 1651 1267 que
1682 1182 1862 1251 Hisoi
1894 1180 2130 1249 dieitur
2159 1180 2299 1248 iure
2343 1178 2601 1247 emtioio

356 1288 732 1375 possidere;
798 1288 882 1355 de
931 1290 1160 1376 quibus
1209 1290 1384 1358 Hont
1433 1298 1499 1359 et
1547 1293 1883 1361 Johannes
1933 1290 2051 1377 filij
2099 1289 2334 1357 Monch
2391 1289 2600 1357 eidem

351 1395 536 1463 Hisci
567 1397 1055 1465 consencientes
1087 1419 1216 1465 non
1246 1398 1796 1467 contradixerunt.
1852 1401 1926 1466 In
1957 1398 2140 1466 euius
2191 1396 2285 1463 rei
2314 1397 2599 1465 testimo-

356 1508 535 1574 nium
567 1505 654 1572 ad
686 1505 1072 1593 peticionem
1101 1507 1313 1594 partis
1345 1507 1683 1595 utriusque
1712 1507 1967 1575 litteras
1987 1513 2249 1575 nostras
2281 1505 2597 1573 concessi-

355 1635 499 1681 mus
532 1614 737 1699 sigilli
766 1613 975 1681 nostri
1008 1614 1375 1686 municione
1405 1615 1763 1684 roboratas.
1806 1618 2046 1683 Datum
2075 1614 2146 1680 in
2178 1614 2345 1682 festo
2380 1613 2599 1682 Barto-

345 1722 545 1792 lomei
577 1721 879 1810 Apostoli
908 1743 1081 1793 anno
1113 1723 1335 1810 gracie
1363 1727 1456 1792 M⁰
1478 1724 1609 1792 00⁰
1639 1724 2183 1812 quinquagesimo
2216 1727 2465 1809 quarto.

851 1904 912 1970 A
1246 1905 1302 1970 B
1635 1903 1687 1972 c
2023 1905 2084 1971 D
2108 1876 2117 1886 ’

348 2105 629 2171 (Eredetie
652 2103 999 2173 biii-hartyau,
1038 2105 1262 2172 melyro'l
1287 2121 1321 2155 a
1346 2102 1715 2172 kaptalannak
1753 2104 1983 2173 egeszen
2011 2103 2077 2172 ep
2102 2102 2343 2172 pensetje
2382 2100 2595 2170 hartya·

724 2200 982 2265 zsinegen
1009 2199 1162 2264 sugg,
1189 2213 1223 2248 a
1248 2197 1414 2248 budai
1441 2197 1541 2248 kir.
1570 2198 1815 2248 kamarai
1842 2193 2218 2263 leveltarban.)

1205 2485 1727 2498 ————

1404 2974 1560 3041 265.

348 3177 408 3241 A
444 3178 697 3241 vasvdri
725 3176 1155 3262 kdptalannak
1187 3173 1724 3262 bizonysciqlevele,
1764 3173 1926 3258 lzoyy
1954 3170 2128 3235 Jana
2155 3177 2214 3235 εἰς
2247 3172 2534 3249 testverei,
2565 3192 2594 3233 ε

643 3285 832 3351 Belial
863 3290 924 3350 0⁰8
955 3288 1222 3351 testvdrei
1250 3284 1386 3349 kb’zt
1412 3282 1846 3368 birtolcosztdly
1878 3283 2117 3346 ιόνιέπτ.
2150 3277 2343 3345 1254.

1068 3481 1127 3548 Α
1449 3480 1503 3546 Β
1827 3477 1877 3545 C

563 3680 702 3747 Nos
722 3679 1092 3767 Capitulum
1123 3679 1417 3747 Ecclesie
1436 3679 1661 3750 Sancti
1694 3676 2031 3746 Michaelis
2071 3674 2155 3744 de
2186 3675 2414 3743 Castro
2448 3676 2595 3742 Fer·

339 3811 458 3858 reo
493 3788 796 3858 omnibus
843 3795 1066 3857 notum
1096 3787 1392 3873 facimus,
1426 3788 1598 3873 quod
1628 3788 1822 3871 Jana,
1856 3786 2037 3873 Opur
2067 3790 2131 3854 et
2161 3784 2465 3852 Vrbanus
2512 3804 2596 3851 ex

346 3920 482 3967 una
501 3907 689 3986 parte
717 3920 838 3987 pro
859 3920 933 3967 se
964 3904 1031 3966 ct
1049 3898 1188 3966 suis
1208 3896 1708 3984 consanguineis
1732 3922 1747 3983 ς
1781 3895 1992 3982 Belid,
2013 3894 2331 3977 Andreas,
2353 3894 2597 3978 Symon

346 4029 434 4075 ex
466 4009 677 4074 altera
726 4026 849 4093 pro
881 4025 954 4073 se
985 4012 1051 4072 et
1094 4005 1232 4072 suis
1285 4003 1785 4090 consanguineis
1835 4002 2326 4091 respondentes,
2375 4020 2597 4070 coram

346 4117 539 4185 nobis
571 4114 1003 4202 comparendo
1022 4113 1304 4202 professi
1325 4120 1494 4199 sunt,
1527 4115 1729 4181 talem
1757 4113 1825 4180 in
1842 4120 2021 4181 terra
2035 4112 2325 4199 ipsorum
2359 4108 2597 4177 fecisse

350 4225 763 4308 diuisionem,
816 4223 989 4308 quod
1034 4230 1274 4290 terram
1304 4222 1413 4289 Rit
1459 4222 1527 4290 in
1569 4222 1737 4289 duas
1777 4228 2003 4308 partes
2050 4219 2477 4304 diuisissent;
2530 4223 2597 4283 et

354 4331 727 4421 porcionem
750 4351 832 4397 ex
851 4338 1040 4417 parte
1056 4329 1470 4398 meridionali
1489 4330 1556 4397 in
1576 4329 1869 4414 quolibet
1892 4327 2163 4395 circuitu
2181 4326 2598 4411 reliquissent

347 4441 660 4508 maiorem
713 4439 1058 4508 latitudine
1104 4439 1295 4506 unius
1351 4439 1631 4525 iugeris3
1698 4445 1766 4506 et
1813 4437 2107 4505 eiusdem
2154 4440 2326 4502 terre
2385 4441 2596 4502 metas

348 4548 647 4637 predicte
677 4549 772 4615 sie
801 4546 1153 4634 procedere
1203 4549 1598 4615 retulerunt:
1636 4545 1811 4632 quod
1841 4543 2090 4611 seilicet
2138 4542 2467 4628 egreditur
2508 4545 2594 4610 ab

348 4678 525 4744 aqua
555 4657 758 4743 Rabe,
810 4662 876 4724 et
906 4656 1091 4723 uadit
1127 4655 1214 4722 ad
1245 4658 1477 4741 locum,
1535 4656 1644 4740 qui
1676 4651 2067 4723 Bursoteluk
2119 4651 2389 4738 dieitur;
2441 4652 2595 4721 inde
