3359 5250
1854 337 1981 402 146

787 532 1095 619 misisset,
1131 539 1350 601 vestes
1373 551 1446 600 se
1477 531 1802 617 daturum,
1845 537 1911 599 et
1942 531 2293 619 prouidere
2322 551 2469 599 eam
2487 551 2696 616 vsque
2729 530 2817 598 ad
2833 551 3044 600 nouas

780 650 1040 726 segetes
1073 642 1138 708 in
1171 642 1306 709 vite
1336 639 1733 726 necessarijs
1765 639 1891 708 stb.
1923 640 2165 707 Datum
2185 638 2369 708 Bude
2389 639 2497 707 39.
2532 637 2643 707 die
2661 644 3044 707 octonarum

782 748 971 817 Beati
1001 748 1336 818 Michaelis
1368 747 1772 833 Archangeli
1811 766 1986 815 anno
2032 746 2298 814 Domini
2342 748 2435 814 Μο
2466 744 2706 816 00000
2737 748 2892 815 XX⁰
2930 748 3041 815 110.

784 945 956 1012 (Ezen
977 943 1360 999 itelfflevelnek
1380 944 1615 996 eredetie
1632 960 1667 996 a
1686 944 1852 996 budai
1870 944 1974 996 kir.
1997 944 2245 997 kamarai
2264 942 2602 997 leveltarban
2622 945 2891 998 Briztetik.
2904 944 2971 996 V.
2994 951 3043 995 ὅ.

1112 1030 1567 1100 Οὶεωάιιγῐᾶτῐιηῑι
1596 1030 1846 1085 ιιιίεοᾱίῑι
1874 1029 2225 1100 ἰοὶγιωάιιεὶι
2249 1034 2290 1085 1.
2320 1032 2435 1086 ket.
2466 1034 2588 1085 297.
2617 1034 2715 1099 ez.)

1851 1758 1965 1825 99.

786 1939 846 2006 A
879 1942 1110 2027 saepesi
1140 1937 1589 2025 kdptalannak
1640 1937 2189 2024 bizonyedqlevele,
2224 1938 2385 2026 hoyy
2415 1938 2615 2005 Jaech
2660 1937 3045 2024 heltervaqo-

784 2048 890 2113 ναί
918 2045 1098 2113 ΖαΙιοε
1130 2044 1565 2133 uj-ruazbochi
1582 2044 1963 2130 solteszse'qe't
1983 2044 2250 2111 Gabolin
2283 2045 2521 2111 Miletos
2535 2045 2778 2129 fidnak
2812 2044 3047 2109 eladta.

1815 2154 1852 2217 1
1861 2155 2009 2218 243.

1000 2347 1377 2434 Capitulum
1424 2346 1720 2414 Ecclesie
1769 2345 1957 2412 Beati
2005 2345 2272 2413 Martini
2325 2346 2408 2413 de
2440 2345 2688 2433 Scepus
2735 2346 3040 2414 omnibus

786 2451 1025 2522 Christi
1055 2452 1359 2522 fidelibus
1389 2455 1802 2540 presentibus
1832 2452 2080 2540 pariter
2111 2459 2178 2521 et
2206 2454 2460 2539 futuris,
2512 2453 2744 2538 quibus
2777 2472 3040 2541 presen-

786 2567 886 2630 tes
919 2559 1359 2648 ostendentur,
1410 2561 1690 2629 salutem
1722 2560 1788 2627 in
1822 2561 2108 2629 omnium
2142 2562 2506 2629 Saluatore.
2554 2560 2658 2627 Ne
2687 2579 2904 2629 rerum
2935 2578 3040 2646 ge-

785 2675 1030 2737 starum
1081 2669 1394 2736 memoria
1441 2667 1636 2735 simul
1666 2687 1813 2736 cum
1846 2674 2140 2754 tempore
2185 2668 2445 2735 labatur
2494 2687 2611 2735 seu
2660 2673 3036 2751 euanescat‚

782 2775 1138 2860 peritorum
1172 2795 1255 2842 ea
1279 2773 1605 2842 industria
1623 2775 1908 2843 virorum
1936 2776 2302 2844 litterarum
2328 2775 2693 2864 patrocinio
2728 2774 3036 2857 solidare,

787 2901 908 2949 nec
939 2901 1066 2950 non
1118 2887 1506 2970 perpetuare
1537 2881 1895 2956 adinuenit.
1944 2883 2226 2952 Proinde
2263 2882 2351 2951 ad
2383 2884 2830 2952 vniuersorum
2875 2883 3037 2949 noti·

786 2989 956 3058 ciam
1004 2987 1233 3054 harum
1285 2986 1455 3056 serie
1508 2988 1808 3057 volumus
1860 2988 2202 3075 peruenire
2222 3038 2240 3072 ‚
2293 2987 2467 3073 quod
2515 2987 2816 3057 discretis
2874 2986 3038 3054 viris

783 3094 984 3166 Jasch
1034 3093 1117 3161 de
1147 3094 1643 3179 Helterwagora
1695 3095 1780 3162 ab
1813 3113 1965 3180 vna,
2018 3114 2098 3162 ac
2138 3092 2418 3161 Goblino
2465 3094 2601 3162 filio
2648 3094 2908 3161 Nicolai
2955 3092 3038 3161 de

782 3200 1037 3291 Lapide
1069 3202 1154 3268 ab
1186 3201 1400 3268 altera
1429 3210 1636 3289 parte,
1689 3221 1911 3268 coram
1943 3200 2133 3268 nobis
2164 3201 2599 3287 personaliter
2644 3198 3038 3284 constitutis,

781 3310 958 3377 idem
988 3310 1031 3376 J
1034 3308 1193 3374 asch
1224 3308 1488 3375 oraculo
1520 3293 1672 3376 viue
1703 3308 1884 3377 vocis
1916 3317 2019 3376 est
2049 3307 2409 3395 confessus,
2449 3308 2627 3394 quod
2656 3307 3039 3376 sculteciam

784 3435 973 3484 suam
1003 3413 1070 3482 in
1100 3415 1292 3482 Nona
1309 3416 1729 3483 Ruzumbach
1760 3416 2072 3504 habitam,
2106 3436 2305 3502 quam
2326 3416 2763 3485 mediantibus
2796 3414 3038 3483 nostris

783 3521 1019 3589 litteris
1052 3520 1413 3589 dinoscitur
1443 3541 1884 3608 comparasse,
1944 3544 2089 3590 cum
2122 3523 2396 3591 dimidia
2426 3531 2615 3611 parte
2656 3522 3039 3607 molendini,

782 3629 1113 3697 constituti
1145 3627 1213 3695 in
1245 3627 1443 3696 fluuio
1475 3629 1558 3696 de
1590 3629 1824 3697 eadem
1855 3631 2037 3716 villa,
2073 3631 2469 3718 braxatoria,
2503 3651 2583 3698 ac
2604 3631 2859 3699 duobus
2879 3629 3039 3696 libe·

782 3735 873 3804 ris
903 3737 1113 3805 laneis
1145 3743 1478 3821 terrarum,
1514 3744 1583 3805 et
1612 3758 1761 3805 cum
1788 3745 1978 3807 sexta
2007 3745 2195 3827 parte
2226 3759 2459 3807 census
2483 3737 2552 3805 in
2576 3735 3038 3806 exaccionibns

778 3844 1245 3932 prouenientis,
1298 3865 1443 3912 cum
1474 3844 1695 3913 causis
1726 3864 1936 3930 vsque
1983 3843 2302 3914 fertonem
2321 3844 2702 3932 judicandis
2750 3864 2898 3912 cum
2931 3863 3035 3911 ea·

779 3971 919 4019 rum
955 3950 1264 4038 birsagijs
1316 3972 1400 4019 ex
1430 3951 1687 4037 integro
1716 3952 2177 4042 percipiendis,
2229 3975 2311 4021 ac
2339 3954 2556 4022 causis
2604 3973 2802 4040 supra
2833 3952 3033 4019 ferto·

778 4078 924 4127 nem
945 4057 1326 4145 judicandis
1378 4079 1557 4128 more
1588 4061 1785 4129 solito
1838 4082 1956 4148 per
2005 4062 2318 4129 scultetos
2349 4068 2415 4129 et
2464 4062 2836 4144 obseruato‚
2888 4078 3042 4126 cum

774 4165 976 4234 tercia
1010 4172 1200 4252 parte
1223 4164 1457 4252 jndicij
1490 4167 1843 4236 earundem
1883 4186 2231 4235 causarum
2275 4166 2717 4256 percipienda,
2753 4185 2834 4233 ac
2881 4163 3042 4250 alijs

775 4278 842 4340 et
870 4271 1158 4360 singulis
1191 4271 1586 4341 Vtilitatibus
1637 4279 1704 4340 et
1732 4273 2154 4361 pertinenciis
2191 4273 2281 4341 ad
2329 4273 2606 4342 eandem
2652 4270 3041 4340 sculteciam

777 4381 1247 4468 spectantibus,
1295 4380 1706 4450 vendidisset
1737 4392 1800 4451 et
1830 4381 2127 4450 vendidit
2162 4382 2417 4471 prefato
2449 4382 2732 4453 Goblino
2761 4381 2897 4449 filio
2926 4381 3043 4449 Ni-

775 4488 945 4556 colai
978 4508 1098 4577 pro
1127 4490 1259 4576 vigi
1269 4488 1363 4558 nti
1396 4508 1515 4558 sex
1565 4488 1805 4558 marcis
1837 4509 2207 4577 grossorum
2240 4488 2654 4560 denariorum
2701 4493 2895 4579 plene
2925 4489 3043 4557 ha-

773 4594 930 4665 bitis
958 4597 1045 4665 ab
1077 4597 1308 4666 eodem
1340 4602 1406 4665 et
1435 4596 1746 4685 acceptis,
1796 4594 1923 4664 sibi
1956 4603 2023 4664 et
2070 4596 2207 4666 suis
2236 4599 2724 4668 successoribus
2756 4596 2826 4665 in
2855 4597 3033 4667 filios
