3359 5250
1432 380 1563 458 46⁶1

1465 967 1619 1036 330.

371 1152 645 1242 Eynard
674 1166 910 1237 mester,
943 1178 984 1219 a
1013 1152 1306 1239 kirdlyne'
1346 1151 1804 1216 lovdszmeetere
1834 1154 1896 1214 e'a
1931 1150 2223 1237 qalqdczi
2235 1147 2632 1238 fdispdnnalc

370 1286 485 1351 eyy
519 1264 756 1330 Μόνίστ
803 1274 1040 1344 mester,
1080 1285 1139 1327 ee
1174 1260 1363 1348 Moyk
1392 1284 1432 1325 a
1479 1258 1887 1347 kirdlyne'nak
1924 1262 2277 1346 praedialis
2308 1261 2629 1348 jobbdyya

781 1372 946 1437 ko‘zti
962 1393 1147 1459 peres
1158 1369 1372 1456 fo‘ldet
1400 1369 1770 1455 szabdlyozd
1785 1368 1989 1434 ite'lete.
2023 1365 2219 1434 1257.

597 1567 796 1659 (NJos
825 1567 1142 1655 Magister
1171 1567 1516 1655 Eynardus
1547 1568 1934 1652 Agasonum
1980 1566 2241 1637 domine
2269 1566 2517 1653 Regine
2567 1568 2631 1630 et

377 1676 612 1745 Comes
662 1676 744 1746 de
793 1677 1089 1764 Golgoch
1138 1676 1581 1762 significamus
1629 1675 1931 1744 omnibus
1983 1673 2238 1743 litteras
2289 1679 2628 1762 presentes

373 1784 803 1872 inspecturis:
835 1783 1024 1864 Quod
1078 1803 1222 1852 cum
1254 1784 1574 1871 Magister
1626 1782 1981 1852 Mauricius
2014 1782 2230 1851 Judex
2279 1783 2472 1851 Ourie
2509 1781 2624 1849 do-

374 1894 550 1960 mine
579 1892 831 1979 Regine
862 1899 930 1961 et
960 1893 1192 1961 Comes
1222 1892 1573 1962 Nitriensis
1621 1892 1964 1979 petiuisset
1995 1913 2039 1959 a
2077 1890 2343 1961 domina
2371 1891 2631 1977 Regina

371 2000 654 2070 iudicem
703 2002 831 2070 sibi
859 2001 1003 2070 dari
1034 2022 1232 2091 super
1279 2022 1483 2072 eausa
1513 2009 1685 2071 terre
1714 2021 1854 2088 sue,
1910 2021 2101 2088 quam
2144 2000 2435 2069 habebat
2482 2019 2630 2067 cum

375 2110 579 2197 Moyk
611 2108 960 2199 iobagione
1008 2111 1288 2199 prediali
1318 2110 1576 2180 domine
1612 2110 1863 2197 Regine
1894 2109 1977 2176 de
2009 2109 2367 2194 Vereucha‚
2414 2106 2630 2194 ipsam

376 2238 646 2287 causam
665 2219 930 2288 domina
952 2221 1207 2306 Regina
1237 2228 1455 2290 nostre
1473 2219 1803 2289 sentencie
1834 2218 2154 2289 commisit
2173 2214 2625 2285 decidendam.

373 2327 582 2414 Igitur
598 2349 744 2397 cum
776 2327 1109 2416 predictus
1128 2329 1330 2417 Moyk
1360 2350 1480 2417 per
1496 2329 1838 2415 Wyllanth
1869 2328 2155 2396 uillicum
2176 2326 2261 2394 de
2291 2323 2630 2394 Vereucha
2772 2356 2779 2363 ·

373 2435 764 2524 pristaldum
812 2436 1006 2506 huius
1055 2457 1273 2526 cause,
1326 2437 1550 2507 datum
1599 2459 1719 2525 per
1768 2436 2099 2506 dominam
2148 2437 2468 2522 Reginam
2486 2485 2507 2521 ,
2556 2433 2624 2501 in

371 2544 650 2614 termino
682 2545 1024 2634 assignato
1075 2565 1294 2614 coram
1324 2547 1516 2616 nobis
1547 2547 2047 2635 comparuisset,
2098 2544 2415 2631 Magister
2444 2543 2622 2611 Mau·

375 2654 574 2722 ricius
623 2662 854 2723 contra
884 2656 1090 2742 Moyk
1137 2657 1476 2743 proposuit
1506 2656 1928 2741 antedictum,
1981 2654 2155 2740 qnod
2195 2651 2370 2723 idem
2400 2652 2625 2739 Moyk,

377 2782 525 2831 eum
557 2763 646 2831 sit
675 2764 884 2851 ipsius
932 2765 1437 2853 conterminalis,
1491 2765 1824 2852 quandam
1855 2764 2239 2851 particulam
2284 2769 2458 2831 terre
2487 2780 2625 2846 sue,

377 2872 809 2960 pertinentem
841 2872 928 2941 ad
964 2875 1276 2943 Sanctum
1320 2874 1676 2966 Georgium
1718 2873 1803 2942 de
1840 2874 2150 2942 Lochnna
2190 2870 2491 2961 predium
2527 2886 2627 2938 sn·

374 3002 508 3070 um,
539 2980 668 3049 sibi
705 2982 1159 3067 subtraxisset,
1213 2989 1280 3051 et
1329 2983 1506 3071 apud
1554 3002 1627 3052 se
1669 2983 1990 3052 detineret
2018 2980 2307 3049 indebite
2355 2996 2625 3063 occupa-

373 3098 533 3159 tam.
565 3091 806 3158 Contra
854 3111 1048 3177 quem
1081 3090 1290 3161 dictus
1329 3092 1532 3176 Moyk
1582 3090 1939 3177 respondit,
1992 3085 2166 3173 quod
2217 3087 2366 3174 ipsa
2424 3093 2621 3173 terra,

375 3219 574 3283 qnam
603 3199 921 3286 Magister
969 3200 1323 3269 Mauricius
1373 3203 1462 3268 ab
1492 3221 1568 3268 eo
1599 3200 1891 3285 requirit,
1942 3204 2117 3267 esset
2145 3217 2269 3264 sua
2319 3195 2624 3283 empticia

372 3307 460 3375 de
487 3307 697 3376 Paulo
731 3315 797 3376 et
824 3307 1028 3376 fratre
1078 3329 1196 3377 sno
1227 3308 1380 3396 filijs
1409 3309 1606 3395 Petri,
1643 3316 1707 3376 et
1739 3328 1886 3375 eam
1914 3308 2083 3376 sicut
2119 3307 2222 3375 ius
2253 3304 2625 3391 empticium

372 3413 800 3503 possedisset.
853 3416 1064 3504 Super
1095 3437 1222 3503 quo
1262 3435 1383 3485 nos
1433 3415 1674 3486 auditis
1721 3411 2284 3503 proposicionibus
2331 3411 2623 3502 parcium

374 3522 602 3593 ordine
650 3523 998 3592 iudiciario
1031 3523 1458 3611 decreuimus,
1508 3524 1684 3610 quod
1714 3525 1886 3592 idem
1917 3524 2144 3609 Moyk,
2190 3524 2347 3610 quia
2394 3521 2624 3610 empti-

369 3633 545 3702 ciam
575 3653 760 3702 suam
790 3652 934 3702 esse
967 3632 1231 3702 dicebat
1262 3633 1507 3701 dictam
1535 3640 1797 3720 terram,
1836 3653 2034 3720 super
2050 3631 2174 3701 hoc
2206 3631 2625 3719 expeditores

372 3760 552 3827 suos,
597 3740 876 3809 Paulum
925 3740 1176 3810 scilicet
1205 3747 1271 3809 et
1315 3741 1584 3810 fratrem
1635 3761 1823 3810 suum
1870 3740 2199 3828 predictos
2250 3738 2621 3809 adduceret.

368 3848 778 3918 Adueniente
826 3856 1045 3916 autem
1075 3849 1352 3919 termino
1402 3848 1822 3919 adduccionis
1851 3847 2301 3936 expeditorum
2339 3866 2621 3935 suorum,

372 3963 772 4026 memoratus
800 3955 1004 4043 Moyk
1036 3956 1271 4025 iterato
1300 3977 1521 4027 coram
1552 3957 1742 4027 nobis
1774 3976 2175 4044 comparens,
2208 3954 2623 4043 expeditores

370 4079 549 4152 suos,
580 4065 753 4134 sicut
782 4062 1086 4152 debebat,
1139 4086 1267 4133 uon
1301 4064 1597 4152 adduxit,
1630 4066 1874 4152 dicens,
1926 4064 2102 4153 quod
2141 4064 2465 4134 adducere
2508 4084 2622 4135 cos

367 4174 741 4244 nullatenus
789 4173 1129 4261 potuisset.
1187 4176 1270 4240 Et
1312 4174 1468 4242 licet
1514 4174 1804 4243 iudicare
1835 4174 2288 4261 noluissemus,
2326 4193 2404 4241 eo
2448 4171 2621 4259 quod

367 4286 532 4354 iuris
560 4290 727 4369 erat,
757 4281 936 4366 quod
965 4282 1175 4352 dictos
1207 4282 1622 4369 expeditores
1654 4293 1821 4353 suos·
1849 4283 2111 4368 citatos,
2162 4282 2220 4350 si
2252 4281 2469 4370 uellet,
2504 4281 2618 4349 ad-

369 4391 671 4479 duceret;
720 4391 905 4479 dixit,
938 4391 1112 4479 quod
1142 4391 1353 4460 nollet
1401 4392 1491 4460 ad
1519 4413 1789 4480 presens
1837 4413 1912 4462 se
1954 4392 2379 4460 intromittere
2426 4410 2623 4477 super

368 4502 496 4572 hoe
526 4521 675 4570 cum
707 4500 804 4569 eis
834 4500 924 4569 ad
951 4500 1304 4587 accionem,
1356 4500 1484 4569 nisi
1515 4499 1690 4589 quod
1721 4510 1973 4588 postea,
2020 4500 2079 4568 si
2109 4497 2439 4568 uideretur
2467 4498 2618 4584 sibi,

368 4631 486 4682 eos
513 4631 638 4699 pro
667 4609 951 4698 pecunia
998 4630 1122 4679 sua
1151 4610 1547 4681 conueniret.
1596 4610 1873 4698 Propter
1901 4609 2077 4696 quod
2116 4607 2332 4696 ipsam
2378 4615 2620 4675 terram

375 4719 591 4794 eidem
621 4717 938 4807 Magistro
966 4719 1281 4789 Mauricio
1331 4718 1667 4788 uoluntate
1707 4740 1831 4788 sua
1876 4718 2144 4807 propria
2192 4720 2315 4790 sub
2362 4715 2623 4788 nomine

2182 4837 2299 4898 80·
