3359 5250
1461 347 1593 415 533

394 539 656 610 nimode
689 541 955 610 deberet
976 543 1341 630 possidere.
1379 545 1460 609 Et
1482 543 1576 610 sic
1609 545 1676 610 in
1709 547 1912 612 nostri
1932 547 2279 633 presencia
2311 567 2457 615 cum
2479 548 2651 616 bona

395 648 580 734 pacis
635 650 1102 733 tranquillitate
1136 652 1222 718 ab
1275 652 1548 719 inuicem
1585 658 1735 719 sunt
1788 654 2098 739 separati.
2152 653 2287 719 Nos
2334 654 2532 739 igitur
2562 656 2650 723 ad

395 755 585 822 huius
634 756 1070 825 testimonium
1127 760 1380 827 litteras
1412 767 1674 827 nostras
1726 758 2163 828 concessimus
2205 759 2411 846 sigilli
2443 762 2648 830 nostri

395 862 748 1038 munggine
806 867 1173 935 roboratas.
1247 869 1490 935 Datum
1541 869 1607 935 in
1660 868 1822 936 uilla
1872 869 2100 937 Buzad
2155 889 2327 939 anno
2383 871 2647 939 Domini

393 972 484 1036 M⁰
616 979 639 1004 ο
660 971 822 1040 LX„

393 1166 638 1229 (Eredeti
619 1186 674 1222 ιθ
699 1168 1053 1240 Ῑιόιίιέήγὲιι,
1092 1189 1126 1225 ιι
1154 1171 1606 1243 Ιιότιγειῑείιιθςοιι
1643 1178 1862 1242 ffiggott
1899 1175 2082 1243 pecset
2108 1176 2192 1227 elv
2197 1182 2387 1237 eszett,
2425 1191 2459 1227 a
2484 1175 2645 1228 budai

1129 1265 1188 1314 ki
1168 1281 1230 1314 ιι·
1260 1256 1507 1316 k'amarai
1533 1265 1619 1317 lev
1625 1263 1913 1331 eltarban.)

1259 1544 1787 1561 Μ-

1440 1990 1597 2060 378.

385 2173 651 2239 Ldrincz
670 2171 901 2258 ja'drai
931 2173 1212 2239 e'rselctoelc
1242 2196 1320 2237 ει.
1342 2172 1579 2238 ΜίΙεΙόε
1597 2173 1835 2257 jaid-rai
1865 2173 2295 2258 apciczaza'rda
2316 2175 2634 2261 szabdlyo-

964 2285 1140 2345 zdsdt
1169 2283 1479 2365 tdryyazd
1509 2280 1822 2345 rendeletc.
1866 2282 2055 2346 1260.

600 2474 771 2555 Quia
794 2476 979 2542 iuxta
999 2494 1318 2543 canonum
1350 2470 1723 2541 sanctiones
1746 2476 1914 2542 bone
1948 2475 2046 2541 rei
2067 2476 2226 2543 dare
2248 2478 2634 2565 consultum,

384 2591 464 2680 et
482 2583 614 2652 vite
645 2581 969 2688 presentis
1002 2582 1277 2656 habetur
1309 2581 1691 2669 subsidium,
1743 2590 1807 2650 et
1849 2590 2072 2651 eterne
2102 2586 2636 2690 remunerationis

384 2669 736 2780 expectare
770 2682 1049 2760 cernitur
1078 2693 1438 2780 premium3
1474 2689 1714 2761 idcirco
1747 2709 1877 2761 nos
1898 2694 2287 2778 Laurentius
2333 2695 2454 2762 Dei
2489 2715 2635 2780 gra-

383 2805 480 2870 tia
532 2801 876 2871 Jadrensis
909 2801 1459 2890 Archiepiscopus
1499 2821 1641 2869 cum
1683 2809 1904 2871 nostro
1950 2802 2258 2890 capitulo
2308 2804 2630 2890 uniuerso,

363 2911 861 2986 ,deliberatione
912 2910 1022 2978 diu
1055 2910 1225 2978 inter
1255 2931 1377 2979 nos
1409 2910 1660 2997 habita,
1714 2919 1780 2978 et
1811 2912 2293 2984 communicato,
2320 2934 2463 2980 eum
2498 2916 2634 3001 plu-

385 3022 564 3090 ribus
595 3018 1004 3116 sapientibus
1057 3025 1121 3085 et
1151 3019 1477 3104 religiosis
1509 3020 1676 3086 viris:
1701 3021 1993 3106 consilio,
2049 3020 2398 3107 diligenter
2428 3022 2632 3104 consi-

386 3129 713 3224 derantes,
737 3136 802 3196 et
819 3128 1063 3197 utiliter
1082 3127 1517 3215 attendentes,
1541 3129 1712 3215 quod
1734 3149 1851 3216 per
1873 3127 2289 3200 donationem
2311 3150 2427 3210 sen
2449 3118 2630 3217 obla·
2696 3182 2700 3186 -

382 3219 626 3306 tionem
650 3237 1029 3304 Monastcri
999 3257 1030 3323 J
1052 3236 1273 3304 Sancti
1293 3237 1552 3306 Nicolai
1574 3238 1658 3304 de
1677 3237 1882 3306 Jadra
1903 3238 2165 3306 Ordinis
2183 3239 2406 3307 Sancti
2427 3229 2631 3308 Bene.-

386 3348 561 3432 dicti,
595 3347 770 3433 quod
799 3345 1156 3413 Abbatissa
1188 3352 1386 3442 caret,
1409 3366 1550 3413 cum
1585 3345 1884 3414 omnibus
1904 3347 2094 3414 rebus
2128 3349 2264 3415 suis
2286 3347 2633 3414 mobilibus

383 3465 448 3525 et
478 3454 938 3539 immobilibus,
992 3439 1186 3540 quarn
1229 3454 1531 3521 uniuerse
1569 3455 1886 3522 moniales
1928 3445 2240 3540 ejusdein
2251 3455 2629 3542 Monasterij

379 3585 548 3653 pura
579 3570 644 3631 et
666 3564 780 3649 pia
810 3562 1168 3628 intentione
1188 3561 1270 3629 de
1305 3580 1621 3630 consensu
1647 3571 2069 3649 patronorum
2100 3561 2306 3647 ipsius
2344 3560 2631 3631 fecerunt

378 3670 740 3740 liberaliter
773 3676 838 3737 et
870 3669 1103 3737 devote
1136 3670 1277 3737 Deo
1312 3676 1375 3736 et
1410 3669 1637 3738 Ordini
1678 3669 1901 3737 Sancti
1933 3668 2240 3736 Damiani
2273 3688 2629 3757 pauperum

381 3779 810 3865 dominarum,
864 3798 986 3847 sua
1019 3777 1213 3844 simul
1244 3778 1451 3847 eidem
1488 3776 1714 3845 Ordini
1757 3796 2031 3862 corpora
2062 3775 2446 3861 offerentes3
2500 3797 2626 3844 non

379 3889 588 3956 solum
622 3888 690 3955 in
722 3885 1033 3955 Jadrensi
1064 3885 1423 3973 provincia,
1466 3884 1584 3953 sed
1615 3885 1683 3952 in
1716 3890 1853 3951 tota
1884 3883 2222 3951 Dalmatia
2250 3889 2629 3971 procuratur

380 4002 446 4064 et
496 3994 853 4080 acquiritur
901 3999 1036 4061 tam
1084 3994 1266 4061 salus
1317 4013 1678 4081 corporum,
1732 4012 1925 4079 quam
1977 3991 2173 4059 etiam
2225 3992 2627 4077 animarum3

378 4100 738 4190 predictam
789 4102 1237 4187 donacionem,
1291 4122 1403 4169 seu
1463 4102 1859 4170 oblationem
1905 4101 2060 4170 totis
2112 4097 2326 4167 cordis
2367 4100 2626 4167 visceri-

379 4210 520 4297 bus,
555 4214 762 4276 ratam
795 4216 859 4277 et
909 4216 1168 4293 gratam
1200 4208 1532 4294 habentes,
1568 4207 1934 4296 predictum
1966 4207 2430 4276 Monasterium
2481 4226 2628 4275 cum

378 4315 680 4385 omnibus
725 4317 983 4402 juribus
1016 4316 1171 4400 suis,
1224 4323 1288 4382 et
1321 4316 1638 4384 moniales
1691 4336 1934 4401 omnes,
1987 4334 2114 4400 que
2144 4334 2314 4382 nunc
2361 4320 2529 4401 sunt,
2565 4320 2630 4381 et

377 4445 502 4512 que
534 4425 618 4493 de
652 4432 866 4492 cetero
899 4444 1017 4512 per
1046 4431 1340 4510 tempora
1372 4424 1628 4511 fuerint,
1679 4425 1766 4491 ab
1806 4423 1977 4491 omni
2005 4421 2476 4509 jurisdictione,
2511 4441 2628 4490 seu

377 4531 783 4618 subjectione
804 4529 1109 4598 duximus
1140 4539 1458 4620 perpetuo
1492 4531 1899 4614 eximendas,
1940 4529 2139 4597 nichil
2172 4528 2431 4597 omnino
2454 4528 2626 4614 juris

377 4640 566 4708 nobis
599 4639 667 4706 in
718 4636 944 4705 eodem
978 4640 1373 4708 Monasterio
1413 4644 1842 4708 reservantes.
1893 4639 1969 4705 In
2004 4638 2185 4723 cnjus
2237 4633 2625 4723 donationis,
