3359 5250
1400 377 1527 442 231
1600 465 1625 477 φ

1387 939 1540 1009 156.

326 1121 375 1185 Ι
385 1122 449 1186 V.
480 1122 643 1189 Be'la
672 1122 1023 1209 hirdlynak,
1056 1145 1097 1187 a
1129 1122 1415 1208 Myholai
1443 1121 1666 1189 csaldd
1702 1121 1954 1207 Myhola
1985 1122 2249 1188 birtokcit
2282 1124 2584 1208 tdrqyazd

1103 1230 1565 1316 privilegium.
1597 1225 1793 1295 1247.

538 1424 677 1494 Nos
707 1423 943 1495 Comes
975 1423 1290 1494 Nieolaus
1324 1423 1407 1493 de
1427 1426 1602 1494 Zeeh
1632 1424 1849 1494 Judex
1881 1424 2074 1494 Ourie
2106 1425 2348 1494 domini
2378 1423 2582 1495 Lodo-

320 1536 450 1603 uiei
482 1533 609 1602 Dei
658 1532 885 1620 gracia
914 1534 1115 1620 Regis
1147 1534 1507 1620 Hungarie,
1560 1532 2050 1618 Comitatusque
2083 1534 2166 1603 de
2203 1533 2464 1602 Turueh
2495 1542 2581 1602 te-

319 1664 489 1712 nens
519 1645 852 1728 honorem,
886 1642 1117 1709 damus
1150 1662 1268 1730 pro
1302 1641 1639 1728 memoria,
1674 1642 1848 1729 quod
1878 1663 2023 1710 eum
2054 1643 2239 1710 iuxta
2255 1641 2581 1711 eontinen-

321 1751 493 1819 eiam
524 1749 812 1838 priorum
845 1750 1207 1818 litterarum
1240 1756 1610 1818 nostrarum
1642 1750 1904 1817 modum
1937 1758 2003 1818 et
2033 1749 2307 1820 formam
2346 1747 2579 1834 judieij

317 1860 527 1929 nostri
559 1859 1090 1947 exprimendum,
1123 1858 1425 1927 Andreas
1458 1858 1629 1926 filius
1661 1858 1835 1928 Petri
1875 1857 1957 1925 de
1987 1857 2259 1944 Mykola
2305 1858 2373 1924 in
2405 1856 2579 1925 faeto

318 1968 615 2037 eiusdem
665 1969 1100 2056 possessionis
1150 1988 1268 2037 sue
1299 1966 1572 2055 Mykola
1604 1974 1838 2036 vocate
1887 1969 1971 2037 ab
2002 1988 2155 2055 una,
2197 1972 2263 2035 et
2291 1966 2579 2034 Brieeius

319 2078 405 2147 de
435 2073 709 2146 Zondou
737 2077 805 2143 in
838 2096 1106 2145 eausam
1139 2083 1456 2146 attractus
1504 2075 1806 2145 similiter
1835 2077 1903 2144 in
1935 2075 2108 2145 faeto
2139 2075 2577 2163 possessionis

315 2182 615 2274 predicte
644 2181 916 2254 Zondou
947 2185 1281 2255 nominate
1311 2185 1746 2254 instrumenta
1777 2203 1999 2253 eorum
2030 2190 2259 2254 eontra
2288 2201 2439 2251 sese
2469 2199 2576 2251 ex-

316 2293 547 2361 hibere
595 2291 973 2362 debuissent
1022 2312 1243 2362 eoram
1280 2293 1510 2380 nobis;
1570 2291 1837 2362 tandem
1888 2293 2031 2380 ipso
2078 2292 2353 2361 termino
2385 2288 2577 2358 adue-

312 2401 535 2468 niente
564 2401 692 2468 stb.
724 2436 814 2451 —
843 2437 932 2451 —-
963 2438 1051 2451 -
1081 2439 1169 2451 -—
1197 2402 1408 2491 primo
1439 2400 1612 2469 idem
1643 2398 1945 2469 Andreas
1997 2397 2326 2486 quoddam
2378 2396 2574 2485 priui-

311 2510 560 2594 legium
592 2507 1001 2579 Serenissimi
1032 2509 1356 2599 Prinoipis
1385 2509 1628 2579 domini
1659 2510 1817 2579 Bele
1848 2510 2028 2600 olym
2059 2507 2342 2577 Illustris
2371 2505 2573 2592 Regis

311 2618 654 2705 Hungarie
701 2618 882 2687 elate
930 2618 1262 2703 memorie,
1327 2637 1529 2687 aurea
1577 2638 1700 2687 sua
1748 2617 1933 2686 bulla
1981 2613 2455 2702 consignatum,
2504 2613 2575 2680 in

312 2746 483 2794 anno
504 2724 772 2794 Domini
801 2725 894 2793 Μ’)
913 2724 1043 2795 00⁰
1061 2725 1208 2793 ΧΠ
1239 2726 1518 2813 septimo
1550 2726 1717 2793 inter
1736 2731 1958 2794 eetera
1987 2724 2055 2792 in
2073 2724 2248 2793 faeto
2284 2719 2577 2810 predicte

311 2833 746 2919 possessionis
776 2832 1050 2920 Mykola
1101 2840 1473 2903 emanatum
1504 2840 1571 2902 et
1602 2833 1970 2902 eonfeotum
2019 2832 2209 2902 nobis
2241 2836 2574 2919 presenta-

309 2942 422 3009 uit.
454 2945 864 3029 Demumque
892 2942 1185 3031 prefatus
1215 2942 1507 3011 Brieeius
1540 2941 1865 3031 quasdam
1910 2941 2167 3010 litteras
2198 2937 2571 3028 priuilegia·

307 3049 405 3117 les
423 3048 713 3138 Capituli
733 3049 1032 3118 Eeelesie
1053 3051 1115 3117 N
1115 3051 1433 3137 ytrinnsis
1453 3052 1522 3120 in
1547 3071 1720 3121 anno
1741 3048 2013 3119 Domint
2041 3048 2133 3116 Μο
2150 3044 2335 3115 000⁰
2354 3044 2572 3112 XXX⁰

306 3156 585 3244 septimo
635 3156 968 3226 eonfeetas
1018 3156 1520 3229 demonstrauis.
1580 3157 2028 3248 (Elhalasztas
2077 3156 2146 3240 uj
2196 3150 2571 3239 idezessel.)

303 3265 545 3333 Datum
576 3266 646 3334 in
677 3264 1004 3352 Visegrad
1052 3274 1286 3336 oetauo
1337 3266 1447 3337 die
1484 3267 1745 3336 termini
1795 3260 2126 3354 prenotati
2155 3280 2217 3329 a.
2251 3261 2335 3329 D.
2375 3259 2568 3329 1356.

642 3462 918 3529 (Eredetie
945 3468 1175 3534 papiron
1202 3482 1234 3526 a
1260 3466 1427 3520 budai
1451 3466 1556 3521 kir.
1584 3466 1831 3519 kamarai
1855 3457 2237 3526 leveltarban.)

1154 3748 1695 3760 m
