3359 5250
1405 347 1493 414 33

1295 437 1402 446 ...-

317 551 378 609 et
423 544 746 628 fenetum;
797 549 1039 608 terram
1090 561 1242 610 uero
1280 542 1466 610 Ebed
1515 542 1605 610 ad
1635 545 1937 613 Castrum
1985 549 2328 633 Golguoch
2379 553 2576 637 perti-

312 659 588 737 nentem,
621 652 711 717 ad
742 657 887 719 octo
909 656 1131 717 aratra
1160 650 1606 739 sufficientem,
1642 661 1709 721 et
1739 655 2029 723 fenetum
2049 659 2115 723 in
2147 660 2571 743 septuaginta

311 760 663 847 iugeribus,
715 764 781 826 et
810 759 1135 846 piscinam
1184 780 1328 827 cum
1379 762 1524 830 loco
1556 763 1906 851 piscature,
1958 764 2134 849 quod
2182 767 2379 850 uulgo
2420 781 2568 833 tona

314 866 567 951 dicitur,
600 873 665 933 ct
694 866 975 934 insulam
1025 888 1428 936 communem
1461 891 1607 937 eum
1642 872 1794 940 aliis
1825 874 2066 958 multis,
2119 874 2227 941 ubi
2264 883 2416 942 sunt
2447 877 2569 941 vir-

310 974 508 1060 gulta,
546 981 611 1042 et
639 974 872 1061 viginti
896 983 1146 1061 septem
1182 976 1307 1063 piri
1341 978 1666 1047 silvestris
1700 982 1993 1063 arbores,
2030 983 2115 1048 ab
2149 982 2285 1049 illis
2316 982 2565 1051 Castris

306 1090 616 1166 exemtas,
669 1080 885 1149 eidem
918 1082 1213 1149 Ecclesie
1244 1085 1659 1171 contulimus,
1711 1089 1852 1154 iure
1882 1095 2196 1175 perpetuo
2229 1091 2565 1175 possiden·

307 1195 439 1262 das.
493 1193 583 1258 Vt
612 1191 811 1275 igitur
841 1191 1033 1256 huius
1065 1199 1282 1259 nostre
1316 1195 1758 1263 concessionis
1792 1197 1992 1263 series
2034 1198 2227 1264 salua
2256 1202 2322 1262 et
2350 1199 2565 1264 incon-

306 1322 495 1368 cussa
526 1305 946 1385 permaneat3
997 1305 1366 1383 presentem
1404 1300 1720 1386 paginam
1758 1303 2083 1390 dupplicis
2115 1304 2322 1388 sigilli
2357 1306 2564 1373 nostri

303 1409 651 1477 munimine
683 1406 986 1472 duximus
1019 1407 1473 1474 roborandam.
1525 1410 1770 1477 Datum
1801 1411 1868 1477 in
1902 1413 2177 1480 Zoulom
2231 1431 2401 1480 anno
2433 1415 2563 1480 Do-

302 1518 531 1584 miniee
580 1513 1073 1582 Incarnacionis
1127 1516 1475 1583 millesimo
1528 1519 1976 1587 ducentesimo
2007 1521 2336 1587 tricesimo
2370 1522 2564 1609 septi-

301 1648 420 1710 mo,
468 1623 676 1691 tercio
730 1619 981 1688 decimo
1034 1621 1355 1689 kalendas
1388 1623 1793 1692 Decembris.
1843 1625 2058 1710 Regni
2099 1633 2317 1694 autem
2357 1630 2564 1695 nostri

302 1757 462 1804 anno
500 1732 727 1799 tercio.

742 1932 957 1999 (Knauz
984 1933 1222 1998 Nandor,
1250 1937 1484 2002 Magyar
1508 1936 1639 1987 Sion
1665 1937 1743 1986 11.
1771 1937 1886 1987 kot.
1915 1937 2037 1986 435.
2066 1934 2123 2002 1.)

1152 2240 1678 2251 ————

1360 2732 1473 2800 21.

300 2933 412 3000 IV.
446 2933 605 2998 Bata
639 2929 859 3016 kirdly
887 2952 930 2994 a
963 2928 1206 2992 Garum
1238 2927 1494 2994 melloni
1539 2951 1623 2993 az.
1656 2928 1951 2996 benedeki
1996 2939 2331 2994 monostort
2359 2952 2402 2993 a
2434 2932 2548 2996 Ζό-

303 3043 491 3130 lyomt'
527 3039 803 3128 fb'iapa'n
835 3037 1141 3103 ellene'ben
1174 3036 1393 3101 hdo-om
1425 3035 1774 3124 helysei-qb&
1797 3040 1965 3123 jdrd
2003 3037 2553 3102 vdmhamadnak

923 3144 1294 3210 birtokdban
1322 3146 1698 3231 meyerb'dti.
1744 3147 1938 3209 1237.

502 3345 666 3411 Bela
696 3343 823 3409 Dei
872 3342 1097 3425 gracia
1128 3341 1486 3425 Hungarie,
1517 3339 1880 3426 Dalmacie,
1922 3337 2260 3424 Chroacic,
2312 3340 2541 3422 Rame,

290 3454 535 3540 Seruie,
569 3451 868 3534 Gallicie‚
902 3446 1284 3516 Lodomerie
1304 3447 1756 3533 Cumanieque
1791 3449 1951 3531 ReX,
1975 3447 2273 3514 omnibus
2308 3446 2548 3514 Christi

290 3561 590 3629 fidelibus
642 3557 956 3645 paginam
1004 3561 1375 3644 presentem
1414 3556 1809 3641 inspecturis
1849 3556 2128 3623 salutem
2159 3556 2227 3621 in
2257 3574 2412 3620 uero
2445 3574 2546 3621 sa·

287 3670 507 3755 lutarj.
538 3671 660 3751 Ea,
693 3685 821 3752 que
848 3664 1138 3749 legitime
1169 3664 1570 3747 ordinantur,
1623 3663 1810 3730 firma
1841 3664 2081 3731 debent
2114 3672 2179 3731 ct
2224 3667 2544 3750 perpetua

286 3793 705 3863 permanere;
742 3782 807 3839 et
837 3793 919 3839 ne
949 3772 1015 3838 in
1046 3772 1337 3838 rediciue
1363 3771 1722 3856 questionis
1745 3772 2118 3857 scrupulum
2148 3771 2541 3852 relabantur,

284 3885 681 3952 authoritate
714 3882 923 3965 Regia
973 3882 1273 3946 conuenit
1330 3880 1666 3964 comunirj.
1722 3880 1892 3945 Hinc
1924 3884 2044 3962 est,
2078 3878 2254 3963 quod
2294 3878 2383 3943 ad
2411 3878 2545 3943 vni·

286 4010 617 4059 uei-sorum
667 3988 978 4057 noticiam
1031 3988 1261 4053 harum
1310 3993 1531 4055 tenore
1583 3989 1882 4055 uolumus
1932 3985 2274 4072 peruenire
2294 4036 2310 4068 ‚
2376 3988 2549 4067 quod

283 4098 742 4169 accedentibus
774 4096 863 4162 ad
891 4097 1299 4182 presenciam
1330 4105 1620 4163 nostram
1655 4098 1912 4163 Abbate
1944 4102 2009 4162 et
2042 4095 2379 4161 Conuentu
2410 4096 2540 4161 Mo·

279 4210 552 4295 nasterij
585 4207 809 4275 Sancti
839 4206 1179 4273 Benedicti
1229 4204 1313 4270 de
1346 4208 1590 4291 Grana,
1646 4226 1916 4291 grauem
1950 4203 2321 4272 eorumdem
2373 4221 2541 4268 rece·

279 4321 495 4407 pimus
527 4316 1000 4403 querimoniam
1032 4321 1256 4380 contra
1290 4313 1605 4381 Comitem
1648 4323 1943 4382 nostrum
1976 4315 2057 4380 de
2089 4314 2315 4379 Zolum
2346 4331 2542 4397 super

275 4451 377 4514 eo,
412 4428 588 4515 qnod
620 4427 795 4492 idem
825 4425 1097 4491 terciam
1128 4430 1378 4507 partem
1411 4423 1634 4490 tributi
1667 4425 1751 4490 de
1786 4424 1994 4489 tribus
2026 4422 2205 4488 uillis
2226 4473 2242 4504 ‚
2296 4422 2539 4489 Genne-

277 4539 401 4604 cha
452 4534 724 4615 scilicet,
781 4529 1122 4598 Gelednek
1176 4534 1239 4594 et
1271 4527 1542 4615 Cristur,
1597 4528 1685 4594 ad
1732 4530 2025 4615 ipsorum
2073 4530 2536 4596 monasterium

273 4645 727 4731 pertinentem,
784 4638 1125 4706 occasione
1158 4638 1437 4702 duarum
1468 4636 1760 4723 parcium
1809 4634 2102 4701 eiusdem
2131 4635 2375 4716 tributi,
2412 4654 2535 4718 que

362 4799 564 4836 notun.
599 4797 764 4836 nuno.
798 4795 936 4831 msr.
975 4803 1048 4814 ——
1088 4792 1228 4827 nrm..
1252 4782 1319 4822 ῆι.
2177 4772 2211 4824 3
