3359 5250
1841 325 1974 396 238

1756 417 2059 429 -ψ

1840 901 1991 972 165.

776 1081 824 1145 Ι
833 1082 897 1147 V.
929 1080 1111 1150 Incze
1148 1088 1333 1169 papa
1371 1077 1692 1149 Galiczt'dt
1738 1104 1798 1147 es
1839 1081 2241 1150 Lodomen'dt
2284 1108 2325 1149 a
2353 1086 2562 1150 romaz·
2594 1083 2726 1149 sze'k
2774 1084 3041 1150 Ῐηῖῑῦπὸε

1412 1188 1794 1277 pdrffoydsa
1825 1190 1934 1256 ald
1963 1193 2142 1257 veszi.
2195 1185 2389 1255 1247.

996 1383 1415 1454 Innocentius
1434 1384 1800 1473 Episcopus
1819 1404 2046 1460 servus
2087 1404 2423 1455 servorum
2454 1386 2579 1456 Dei
2599 1385 2857 1454 dilectis
2876 1384 3032 1454 filiis

780 1492 1151 1564 Illustribus
1190 1492 1454 1563 Danieli
1482 1494 1715 1562 Russie
1748 1500 1813 1561 et
1841 1493 1943 1560 W.
1975 1493 2404 1562 Laudemerie
2434 1491 2622 1562 fratri
2653 1493 2794 1562 eius
2843 1493 3037 1580 Regi-

781 1600 922 1688 bus,
957 1606 1021 1669 et
1038 1606 1194 1669 nato
1215 1601 1506 1688 ejusdem
1528 1599 1825 1670 Danielis
1848 1601 2124 1670 salutem
2157 1607 2222 1669 et
2251 1600 2701 1688 Apostolicam
2733 1600 3038 1670 benedic-

778 1712 1040 1779 tionem.
1087 1710 1230 1778 Etsi
1259 1728 1697 1797 proponamus
1727 1709 2095 1797 illustrium,
2150 1729 2229 1777 ac
2259 1708 2598 1796 nobilium,
2649 1715 2716 1778 et
2755 1711 3034 1779 aliorum

780 1817 1070 1886 Ecclesie
1113 1816 1490 1887 devotorum
1523 1837 1857 1905 personas,
1909 1826 2220 1905 qnantum
2276 1837 2422 1886 cum
2472 1819 2613 1887 Deo
2660 1835 3032 1905 possumus,

781 1927 1119 2014 honorare,
1146 1945 1262 1995 vos
1288 1931 1528 2011 tamen,
1562 1945 1727 2013 quos
1751 1927 1932 1995 Deus
1954 1932 2020 1995 et
2035 1926 2353 1995 Dominus
2373 1931 2592 1995 noster
2611 1923 2808 1994 Jesus
2829 1923 3039 1992 Chris-

780 2039 889 2100 tus
917 2053 1036 2122 per
1069 2053 1255 2102 suam
1294 2032 1810 2103 misericordiam
1842 2032 1930 2102 ad
1960 2034 2275 2102 unitatem
2307 2030 2821 2102 ecclesiasticam
2850 2052 3034 2102 revo-

780 2142 974 2227 cavit,
1006 2147 1256 2211 tantum
1275 2140 1687 2228 propensiori
1706 2161 1733 2209 t
1750 2141 2003 2210 olumus
2021 2140 2327 2229 prosequi
2348 2140 2771 2228 prerogativa
2787 2138 3036 2209 favoris

780 2257 846 2318 et
864 2251 1113 2339 gratiss
1133 2248 1428 2336 pecialis,
1461 2255 1703 2337 quanto
1723 2249 1791 2319 in
1824 2249 2237 2319 revocatione
2256 2254 2479 2320 vestra
2509 2248 2600 2317 ad
2617 2247 3031 2318 devotionem

777 2356 1236 2449 Ecclesiessnon
1274 2356 1579 2445 hominis,
1628 2356 1750 2426 sed
1788 2357 2025 2428 Divino
2061 2356 2350 2445 potentie
2394 2373 2625 2425 manus
2674 2355 3035 2425 dinoscitur

781 2473 1073 2555 operata.
1104 2467 1491 2555 Eapropter,
1525 2466 1887 2536 carisssimi
1904 2468 1973 2535 in
1993 2465 2250 2537 Christo
2282 2464 2421 2553 filii,
2453 2465 2694 2536 vestris
2725 2464 3031 2554 precibus

777 2573 1074 2646 inclinati
1106 2594 1422 2665 personas
1454 2582 1708 2646 vestras
1731 2629 1749 2663 ,
1802 2582 1868 2644 et
1905 2576 2155 2663 Regna,
2205 2574 2513 2662 familias,
2563 2573 3034 2664 possessiones,

777 2693 843 2754 et
874 2684 1013 2754 alia
1052 2684 1273 2755 omnia
1308 2687 1481 2756 bona
1518 2691 1759 2769 vestra,
1790 2692 1929 2755 tam
1957 2682 2227 2755 mobilia
2255 2704 2453 2770 quam
2484 2681 2862 2769 immobilia,
2911 2700 3040 2769 que

773 2795 840 2861 in
883 2790 1382 2881 presentiarinm
1434 2790 1914 2863 rationabiliter
1941 2788 2330 2879 possidetis,
2386 2797 2498 2859 aut
2527 2790 2597 2859 in
2625 2787 2914 2859 futurum
2936 2791 3036 2876 ju·

773 2899 1140 2985 stis'modis
1172 2906 1503 2989 prestante
1522 2898 1803 2970 Domino
1830 2897 2129 2987 poteritis
2151 2896 2449 2985 adipisci,
2480 2899 2604 2966 snb
2633 2897 2824 2966 Beati
2857 2896 3036 2966 Petri

776 3015 843 3077 et
872 3015 1100 3079 nostra
1128 3008 1528 3096 protectione
1558 3007 1969 3095 suscipimus,
2002 3012 2068 3074 et
2102 3023 2219 3075 eas
2239 3006 2427 3077 vobis
2458 3004 2821 3091 vestrisque
2851 3004 3032 3072 here-

778 3116 966 3185 dibus
1026 3117 1094 3184 in
1155 3114 1603 3185 ecclesiastica
1662 3111 2011 3184 devotione
2073 3111 2571 3201 persistentibus
2643 3111 3036 3181 auctoritate

781 3224 1165 3312 Apostolica
1203 3224 1658 3294 confirmamus
1708 3228 1777 3291 et
1824 3222 2150 3309 presentis
2197 3219 2419 3308 scripti
2451 3219 2812 3308 patrocinio
2863 3238 3039 3288 com-

779 3330 1128 3401 munimus.
1175 3331 1356 3399 Nulli
1405 3350 1561 3417 ergo
1592 3328 1855 3400 omnino
1888 3327 2220 3398 hominum
2259 3326 2455 3398 liceat
2501 3328 2672 3395 hanc
2719 3325 3035 3412 paginam

779 3447 1006 3511 nostre
1044 3438 1463 3528 protectionis
1513 3445 1577 3507 et
1628 3436 2135 3507 confirmationis
2186 3432 2563 3521 infringere,
2615 3434 2721 3503 vel
2774 3432 2838 3500 ei
2870 3453 3039 3502 ausu

780 3549 1129 3618 temerario
1160 3547 1500 3618 contraire.
1551 3546 1626 3614 Si
1656 3545 1804 3632 quis
1847 3550 2064 3613 autem
2093 3543 2220 3612 hoc
2265 3545 2653 3629 attemptare
2690 3549 3032 3628 presump-

784 3659 941 3728 serit
977 3657 1489 3744 indignationem
1540 3653 2018 3743 Omnipotentis
2067 3652 2192 3720 Dei
2245 3657 2312 3719 et
2360 3650 2708 3719 Beatorum
2753 3648 2938 3716 Petri
2971 3656 3038 3716 et

783 3766 977 3835 Pauli
1005 3766 1460 3854 Apostolorum
1491 3763 1635 3850 ejus
1667 3781 1740 3831 se
1796 3761 2051 3830 noverit
2099 3759 2519 3828 incursurum.
2571 3756 2812 3823 Datum
2864 3755 3034 3841 Lug-

784 3875 940 3944 duni
969 3873 1056 3942 11.
1088 3873 1238 3942 idus
1268 3871 1693 3960 Septembris.
1724 3868 2146 3938 Pontificatus
2175 3865 2378 3936 nostri
2410 3882 2585 3934 anno
2617 3863 2866 3949 quinto.

1450 4069 1764 4137 (Turgonov
1787 4065 1858 4122 id.
1884 4082 1955 4121 m.
1982 4066 2024 4121 1.
2052 4067 2165 4120 hut.
2193 4064 2278 4122 67.
2305 4064 2368 4133 1.)

2023 4390 2074 4404 ν
2107 4394 2112 4399 ,
2125 4390 2177 4400 „0
2259 4381 2368 4397 ava-v
