3359 5250
1447 339 1533 404 47

1445 948 1559 1016 29.

360 1145 429 1212 A
462 1150 647 1211 vdczi
676 1146 1124 1233 kdptalannak
1155 1147 1702 1234 bizonysdqlevele,
1759 1146 1921 1231 hoqy
1951 1170 1994 1210 a
2023 1145 2225 1233 Zidoy
2273 1150 2634 1235 nemzctse'q·

361 1254 569 1319 baliolo
608 1254 815 1318 Turul
845 1253 1186 1320 birtoknak
1225 1254 1561 1341 solere-§zet
1591 1277 1633 1317 a
1654 1256 1835 1341 Ρέοεί
1875 1253 2319 1339 ka'ptalammk
2357 1253 2634 1325 eladtdk.

360 1385 365 1388 ’
1410 1364 1604 1431 1237.
2389 1396 2392 1401 ·

1202 1543 1262 1608 A
1479 1542 1534 1606 B
1753 1540 1805 1607 C

594 1719 909 1787 Omnibus
941 1721 1113 1786 hanc
1163 1720 1474 1806 paginam
1505 1721 1900 1807 inspecturis
1941 1720 2313 1786 vniuersum
2342 1718 2639 1786 Wacien-

373 1827 469 1894 sis
500 1827 799 1895 Ecclesie
835 1828 1210 1915 Capitulum
1261 1830 1540 1896 salutem
1592 1832 1658 1896 in
1691 1850 1847 1898 vero
1901 1830 2196 1896 salutari.
2237 1828 2449 1906 Quum
2502 1846 2640 1914 pre-

374 1937 584 2002 sentis
612 1936 910 2004 stabilita
940 1957 1022 2004 ex
1042 1936 1528 2005 successoribus
1549 1936 1941 2023 calumpnijs
1961 1957 2167 2023 prona
2180 1936 2422 2003 fuerint
2446 1956 2642 2021 quam

376 2045 602 2131 sepius
634 2044 721 2110 ad
754 2044 1178 2129 uariandum3
1214 2066 1299 2111 ne
1329 2044 1532 2128 igitur
1564 2042 1710 2128 quis
1738 2046 2161 2131 imposterum
2192 2044 2437 2111 habeat
2467 2040 2642 2127 quod

376 2152 744 2235 retractari,
779 2153 1034 2220 nouerit
1064 2154 1458 2220 uniuersitas
1487 2160 1752 2220 uestra:
1792 2153 1971 2237 quod
2003 2174 2200 2238 quum
2230 2151 2469 2220 nobilis
2499 2172 2645 2236 pro·

381 2260 577 2345 sapia
608 2261 874 2326 nomine
903 2259 1146 2327 Acilles
1198 2261 1369 2327 filius
1405 2260 1639 2327 Cosme
1672 2260 1945 2327 Comitis
1999 2260 2080 2326 de
2111 2278 2350 2343 genere
2385 2259 2642 2345 Zydoy,

377 2372 553 2434 tutor
585 2366 772 2452 pueri
822 2368 1082 2435 nomine
1112 2367 1349 2433 Macha
1393 2368 1513 2452 filij
1546 2367 1892 2434 Michaelis
1928 2366 2200 2435 Comitis
2250 2367 2366 2453 filij
2406 2366 2645 2434 Macha

380 2495 466 2541 ex
497 2472 731 2541 eodem
764 2495 1025 2561 genere,
1049 2477 1468 2543 medietatem
1499 2475 1886 2543 hereditatis
1919 2476 2001 2542 de
2019 2476 2241 2559 Turul,
2275 2496 2401 2559 que
2440 2494 2644 2563 puero

378 2583 778 2671 pertinebat,
812 2583 982 2650 inter
1002 2584 1197 2651 villas
1221 2583 1513 2671 Capituli
1534 2583 2295 2669 Quinque-Ecclesiensis
2314 2585 2643 2665 collatam,

382 2690 596 2757 eidem
630 2688 955 2775 Capitulo-
970 2691 1275 2757 videlicet
1295 2689 1594 2775 Quinque
1618 2690 2022 2757 Ecclesiensi
2051 2710 2172 2775 pro
2194 2689 2421 2756 matris
2459 2690 2646 2775 pueri

384 2797 538 2866 dote
571 2797 914 2883 soluenda,
945 2817 1064 2884 pro
1097 2800 1218 2864 XL
1247 2799 1486 2865 marcis
1538 2800 1792 2882 argenti
1825 2798 2126 2865 uendidit
2146 2800 2294 2882 jnre
2326 2796 2649 2864 heredita-

382 2907 484 2973 rio
513 2907 728 2973 libere
760 2904 1265 2993 possidendam3
1326 2909 1444 2976 sed
1474 2915 1695 2974 tamen
1730 2944 1818 2956 —-
1847 2945 1936 2955 —
1967 2945 2056 2956 —-
2089 2946 2178 2956 -—
2209 2907 2538 2990 insertam,
2592 2908 2650 2973 si

381 3014 721 3101 predictus
753 3036 918 3102 puer
947 3015 1015 3083 in
1064 3018 1317 3084 uirilem
1349 3015 1738 3102 perueniens
1771 3021 2033 3099 etatem,
2088 3015 2194 3080 uel
2226 3015 2370 3097 quis
2418 3035 2651 3097 cogna-

384 3129 599 3188 torum
652 3143 935 3208 suorum,
990 3144 1108 3191 seu
1142 3126 1381 3210 aliquis
1432 3144 1548 3192 sue
1595 3121 2018 3207 cognacionis
2069 3122 2373 3206 extiterit,
2424 3122 2651 3189 uolens

386 3230 559 3296 hanc
590 3229 954 3297 emcionem
1003 3251 1313 3299 reuocare
1344 3269 1433 3280 —-
1463 3269 1552 3279 —-
1583 3250 1781 3316 posse
1810 3227 2007 3294 fuerit
2044 3233 2388 3313 reuocata3
2439 3233 2653 3315 preta-

390 3344 587 3403 xatus
618 3337 871 3405 Acilles
919 3340 1060 3406 siue
1093 3340 1195 3406 sui
1244 3340 1314 3406 in
1345 3339 1815 3406 hereditatibus
1866 3338 2006 3405 suis
2047 3336 2470 3404 succedentes
2520 3336 2656 3403 iam

391 3444 570 3512 dicto
593 3443 900 3532 Capitulo
923 3446 1645 3533 Quinque-Ecclesiensi
1678 3446 2009 3532 duplicem
2039 3464 2359 3512 summam
2398 3446 2654 3511 soluere

394 3557 719 3618 tenentur.
752 3555 943 3620 Nunc
960 3560 1176 3622 autem
1208 3592 1297 3604 --
1330 3591 1420 3605 —-·
1452 3592 1538 3604 --
1570 3592 1659 3603 —-
1691 3553 1977 3621 racionis
1999 3552 2362 3638 formulam,
2398 3552 2654 3638 prefato

392 3658 609 3726 Acille
642 3662 815 3727 hanc
866 3662 1222 3731 emcionem
1266 3669 1332 3729 et
1363 3662 1869 3730 conueneionem
1904 3661 2324 3727 confirmante
2363 3665 2516 3725 ante
2548 3680 2659 3726 no·

396 3773 603 3835 stram
655 3769 1086 3855 presenciam,
1138 3771 1662 3857 prenominatum
1694 3768 2073 3855 Capitulum
2113 3767 2658 3854 Quinque-Eccle-

399 3875 619 3943 siense
653 3876 775 3942 XL
808 3897 1061 3944 marcas
1096 3878 1352 3963 argenti
1389 3899 1506 3966 per
1558 3877 1891 3965 proprium
1926 3876 2345 3959 Canonicum,
2399 3879 2660 3946 nomine

399 3982 722 4050 Jacobum
757 3984 1058 4053 videlicet
1087 3987 1405 4072 per-soluit
1438 3986 1733 4074 plenarie
1765 4006 1844 4053 ac
1876 3985 2132 4051 deuote.
2172 3985 2272 4051 Ne
2305 3991 2523 4053 autem
2554 3988 2662 4054 hic

402 4089 771 4157 stabilitum
802 4114 921 4180 per
947 4095 1200 4179 aliquos
1231 4114 1661 4181 successores,
1696 4114 1816 4161 seu
1847 4090 2191 4160 modernos
2211 4099 2478 4160 uocetur
2508 4112 2662 4176 quo-

403 4216 532 4281 quo
554 4198 748 4267 modo
781 4201 851 4266 iu
872 4200 1157 4287 dubium,
1191 4203 1280 4270 ad
1313 4225 1542 4291 preces
1560 4204 1854 4292 parcium
1886 4203 2139 4269 litteras
2168 4209 2427 4268 nostras
2456 4201 2664 4269 nostri

405 4304 612 4388 sigilli
643 4310 1002 4377 munimine
1033 4314 1377 4380 roboratas
1425 4314 1725 4380 duximus
1758 4311 2213 4395 indulgendas.
2262 4309 2664 4378 Reuerendis

405 4413 703 4482 Ecclesie
753 4432 979 4487 nostre
1009 4421 1320 4489 fratribus
1352 4423 1635 4507 Atolpho
1669 4419 1764 4508 (1²)
1799 4419 2159 4504 Preposito,
2212 4418 2340 4485 Job
2370 4419 2663 4505 Lectore,

409 4524 730 4608 Gregorio
766 4527 1068 4613 Cantore,
1123 4530 1287 4597 Ozia
1318 4529 1638 4597 Pestiensi
1679 4526 2179 4610 Archidiacono,
2231 4526 2510 4595 Martino
2545 4525 2667 4592 Cu·

408 4640 619 4725 stede,
673 4639 938 4706 Jaucka
971 4638 1468 4723 Archidiacono,
1517 4637 1733 4704 Adam
1762 4635 2261 4721 Archidiacono,
2320 4642 2386 4705 et
2435 4637 2670 4704 ceteris
