3359 5250
1840 342 1976 420 480

1843 930 2000 1002 338.

795 1115 912 1181 IV.
947 1114 1107 1180 Be'la
1153 1113 1488 1202 kirdlynak
1517 1114 1714 1201 Glup,
1747 1138 1826 1179 az
1861 1112 2078 1198 Abavj
2119 1112 2352 1178 vdrhoz
2399 1118 2636 1181 tartozd
2658 1084 2873 1198 felda
2918 1117 3052 1178 tcir-

793 1229 994 1310 9yazo
1038 1223 1397 1309 adomdnya
1447 1222 1879 1303 Andronikus,
1930 1221 2188 1308 Ma'tyds
2238 1223 2469 1308 στερεοί
2508 1226 2761 1309 μήκει
2804 1227 3052 1288 testum

1653 1337 1965 1399 szdmcira.
1990 1329 2187 1396 1258.

1013 1530 1233 1617 (B)ela
1258 1529 1388 1597 Dei
1417 1530 1645 1616 gracia
1675 1527 2032 1615 Hungarie,
2056 1528 2420 1616 Dalmacie,
2441 1528 2795 1615 Crowacle,
2824 1531 3050 1615 Ranae,

794 1638 1037 1725 Seruie,
1060 1636 1358 1727 Gallicie,
1387 1637 1798 1725 Lodomerie,
1828 1637 2267 1725 Gumanieque
2298 1639 2438 1706 Rex
2459 1638 2760 1708 omnibus
2789 1657 3051 1725 presen-

793 1755 896 1812 tes
927 1746 1182 1815 litteras
1228 1747 1618 1836 inspecturis
1647 1748 1928 1815 salutem
1955 1746 2026 1814 in
2055 1766 2211 1817 uero
2240 1747 2539 1817 salutari.
2585 1748 2797 1818 Justis
2822 1756 3049 1836 poten·

795 1855 963 1922 cium
997 1857 1300 1943 precibus
1331 1855 1623 1924 fauorem
1644 1856 1964 1944 impertiri
1984 1856 2378 1945 beniuolum,
2411 1858 2601 1943 uigor
2636 1858 2949 1945 equitatis
2983 1866 3052 1925 et

795 1965 954 2034 ordo
987 1964 1196 2050 exigit
1227 1963 1553 2051 racionis;
1604 1964 1955 2033 dummodo
1986 1964 2075 2050 id,
2109 1962 2286 2050 quod
2313 1965 2557 2052 petitur
2584 1965 2715 2033 iuri
2742 1985 2873 2035 non
2904 1984 3049 2053 pre·

794 2074 1038 2141 iudicet
1068 2074 1309 2142 alieno.
1357 2072 1641 2141 Proinde
1666 2074 1753 2141 ad
1803 2073 2254 2143 uniuersorum
2284 2074 2596 2144 noticiam
2644 2082 2871 2144 tenore
2901 2092 3045 2162 pre·

795 2183 1088 2251 seucium
1114 2184 1417 2252 nolumus
1446 2183 1790 2270 peruenire
1813 2207 1831 2250 ε
1861 2182 2037 2269 quod
2055 2183 2468 2252 Andronicus
2494 2183 2703 2252 frater
2728 2183 2952 2253 dilecti
2980 2190 3051 2253 et

793 2289 1007 2359 fidelis
1056 2290 1264 2360 nostri
1289 2292 1594 2377 Magistri
1623 2291 1894 2378 Mathye
1923 2291 2251 2380 Prepositi
2302 2291 2385 2359 de
2413 2293 2670 2380 Scypus
2719 2291 2911 2361 nobis
2953 2292 3048 2360 in-

795 2400 1199 2469 stantissime
1226 2400 1599 2488 suplicauit,
1632 2399 1809 2488 quod
1834 2406 2077 2470 terram
2096 2401 2317 2471 Castri
2333 2401 2540 2471 nostri
2565 2400 2652 2469 de
2667 2400 3047 2490 Abanywar

796 2509 919 2577 Gla
924 2533 969 2599 p
1000 2519 1323 2599 uocatam,
1356 2530 1635 2580 uacuam
1665 2519 1733 2579 et
1761 2511 2237 2581 habitatoribus
2287 2510 2689 2597 destitutam,
2738 2511 2868 2581 sibi
2899 2532 3047 2580 con·

795 2621 967 2689 ferre
1015 2622 1375 2691 liberaliter
1422 2621 1858 2712 dignaremur.
1912 2620 2074 2692 Cum
2122 2622 2325 2708 igitur
2370 2622 2564 2692 iustis
2609 2620 3049 2711 peticionibus

795 2730 1197 2800 subditorum
1228 2730 1557 2820 Principis
1587 2731 1846 2799 animus
1876 2733 1966 2800 sit
1993 2732 2448 2800 fauorabiliter
2464 2730 2902 2820 inclinandus,
2934 2751 3047 2818 pe·

794 2840 1098 2910 ticionem
1130 2841 1287 2910 dicti
1317 2842 1676 2911 Andronici
1710 2841 1954 2910 iustam
1985 2840 2419 2928 attendentes,
2450 2841 2774 2929 prefatam
2803 2847 3047 2911 terrm

797 2949 972 3041 Glnp
1004 2951 1214 3020 eidem
1245 2959 1311 3021 et
1340 2949 1478 3019 suis
1527 2951 1876 3019 heredibus
1926 2950 2311 3022 contulimus
2343 2958 2661 3040 perpetuo
2708 2950 3047 3039 possiden-

797 3060 971 3146 dam,
1004 3059 1146 3128 sine
1174 3059 1336 3128 iuris
1365 3057 1727 3147 preiudicio
1758 3058 1996 3145 alieni3
2045 3066 2111 3128 et
2141 3058 2210 3126 in
2238 3058 2721 3147 possessionem
2751 3057 3048 3128 eiusdem

794 3176 964 3237 terre
994 3170 1334 3257 pacificam
1383 3190 1502 3258 per
1531 3168 1922 3237 Michaelem
1950 3166 2273 3239 Comitem
2301 3169 2384 3238 de
2412 3170 2601 3238 Zana
2646 3167 2909 3236 fidelem
2939 3189 3050 3237 no-

795 3288 1001 3348 strum
1030 3279 1248 3366 ipsum
1277 3279 1550 3347 fecimus
1582 3278 1947 3365 introduci;
1991 3278 2089 3347 ita
2118 3285 2357 3366 tamen,
2389 3277 2565 3364 quod
2593 3278 2768 3347 idem
2796 3277 3048 3346 Andro·

797 3391 1004 3475 nicuS,
1057 3389 1164 3456 uel
1193 3387 1467 3457 heredes
1513 3389 1635 3475 sui,
1690 3387 1802 3475 qui
1831 3386 2156 3477 prefatam
2202 3395 2449 3457 terram
2496 3387 2928 3476 possederint,
2978 3388 3050 3455 in

796 3505 1021 3566 nostro
1053 3498 1340 3568 exercitu
1371 3497 1518 3566 cuni
1567 3497 1824 3566 duabus
1854 3496 2042 3566 nobis
2092 3502 2437 3566 teneantur
2470 3496 2797 3585 pancerijs
2833 3495 3051 3563 deser·

797 3607 962 3675 nire.
1010 3610 1184 3675 Mete
1215 3613 1431 3676 antem
1465 3607 1762 3676 eiusdem
1788 3612 1984 3693 terre,
2028 3608 2198 3675 sicut
2225 3606 2295 3674 in
2326 3607 2568 3694 prefati
2596 3604 2892 3673 Micaelis
2918 3601 3048 3673 Go-

799 3717 977 3784 mitis
1007 3716 1295 3785 uidimus
1325 3716 1563 3785 litteris
1597 3715 1937 3801 contineri,
1954 3713 2154 3783 'cuius
2184 3714 2603 3802 inquisicioni
2644 3713 3046 3801 qualitatem,

801 3837 867 3894 et
900 3824 1348 3913 quantitatem,
1383 3832 1449 3893 et
1478 3832 1692 3893 metas
1724 3823 2013 3893 eiusdem
2032 3832 2203 3893 terre
2234 3823 2787 3907 commiseramus,
2818 3822 3041 3889 taliter

799 3932 1276 4021 distinguntur:
1325 3933 1548 4003 Prima
1578 3939 1753 4001 meta
1780 3931 2010 4020 incipit
2040 3952 2083 4000 a
2112 3939 2302 4019 parte
2351 3931 2651 4002 orientali
2687 3949 2886 4018 super
2915 3930 3047 4017 rip-

799 4066 952 4133 pam
983 4046 1317 4131 Zeremch,
1351 4044 1463 4113 ubi
1494 4049 1646 4112 sunt
1682 4044 1808 4110 due
1855 4048 2024 4110 mete
2051 4048 2301 4129 terree;
2352 4049 2419 4109 et
2465 4040 2822 4129 procedens
2863 4037 3049 4106 uadit

797 4178 919 4245 per
947 4156 1400 4225 arundinetum
1448 4173 1646 4241 super
1676 4152 1944 4220 arbores
1973 4150 2347 4220 frvctiferas
2394 4150 2719 4222 frvctuum
2761 4149 3047 4218 diuerso·

799 4288 963 4355 rum,
1013 4275 1078 4335 et
1108 4264 1205 4332 ibi
1236 4271 1387 4334 sunt
1416 4263 1544 4331 due
1573 4269 1745 4330 mete
1774 4266 2006 4347 terree,
2042 4260 2110 4328 in
2140 4260 2374 4346 quibus
2420 4264 2572 4328 sunt
2601 4259 2730 4327 due
2777 4257 3047 4326 arbores

801 4375 1042 4445 merasi
1071 4381 1136 4444 et
1160 4377 1525 4466 qymulclzen
1542 4399 1569 4451 ‚·
1616 4391 1738 4460 per
1765 4368 2053 4439 medium
2083 4390 2359 4456 quarum
2388 4369 2714 4438 transiens
2743 4367 2931 4436 uadit
2961 4365 3048 4434 ad

801 4491 1040 4553 metam
1090 4485 1427 4571 antiquam
1472 4501 1679 4570 prope
1727 4480 1905 4549 uiam
1955 4480 2276 4568 positam;
2333 4488 2399 4550 et
2448 4477 2691 4547 cadens
2744 4475 2817 4545 in
2865 4475 3042 4543 uiam

803 4608 1074 4678 uertitur
1105 4596 1193 4665 ad
1238 4594 1647 4682 aquilonem3
1700 4588 1783 4657 de
1814 4610 1947 4676 qna
1975 4589 2201 4658 exiens
2231 4609 2364 4658 non
2414 4589 2612 4673 longe
2660 4585 2929 4655 uertitur
2960 4584 3044 4651 ad

804 4719 1222 4801 occidentem,
1255 4714 1321 4775 et
1341 4705 1581 4774 cadens
1610 4706 1678 4772 in
1706 4699 1885 4768 uiam
1919 4698 2239 4785 erbosam,
2273 4698 2459 4765 iuxta
2479 4715 2673 4782 quam
2704 4701 2858 4763 sunt
2876 4697 3043 4761 mete
