3359 5250
1557 355 1689 418 257

491 549 907 638 postmodum
958 548 1288 617 humiliter
1337 548 1727 635 suplicando
1777 569 1820 615 a
1867 549 2059 618 nobis
2108 550 2486 638 postulauit,
2538 559 2610 620 ut
2641 558 2762 619 ter·

492 676 637 724 ram
665 655 1003 725 cuiusdam
1035 654 1383 723 seruientis
1412 653 1619 723 nostri
1652 656 1838 721 Iwan
1875 655 2091 724 uocati
2126 656 2208 724 de
2240 657 2404 724 uilla
2433 656 2564 742 Pyr
2592 659 2760 727 wsui

493 765 777 852 quinque
828 772 1190 831 aratrorum
1225 761 1672 850 sufficientem,
1724 762 1866 831 sine
1897 761 2139 832 herede
2179 764 2579 852 decedentis,
2629 766 2758 834 sibi

492 872 789 940 conferre
827 869 1273 956 dignaremur,
1323 888 1650 954 asserens,
1703 888 1778 937 se
1825 877 1991 956 paty
2041 867 2368 937 defectum
2416 870 2489 938 in
2541 873 2760 944 terris.

493 982 620 1048 Pro
671 979 858 1046 cuius
896 977 1190 1064 seruicijs
1237 977 1431 1045 nobis
1482 976 1722 1063 iugiter
1758 985 1825 1045 et
1873 977 2154 1046 fideliter
2205 976 2517 1045 exhibitis
2548 980 2762 1065 Regia

492 1086 899 1173 benignitate
951 1084 1223 1172 inducti,
1276 1105 1508 1172 preces
1558 1087 1700 1153 cius
1748 1085 1818 1151 in
1848 1085 1976 1152 hac
2028 1092 2218 1170 parte
2267 1084 2640 1155 audiuimus
2693 1093 2760 1156 et

494 1194 950 1263 exaudiuimus
988 1214 1135 1262 cum
1189 1193 1445 1281 effectu,
1496 1203 1563 1265 et
1608 1202 1848 1261 terram
1900 1194 2225 1279 prenotati
2276 1194 2456 1262 Iwan
2507 1196 2759 1283 absque

494 1304 742 1371 solacio
773 1303 1032 1371 heredis
1065 1301 1375 1387 defuncti,
1427 1321 1554 1387 que
1584 1302 1944 1370 secundum
1976 1303 2511 1371 consuetudinem
2543 1303 2755 1390 Regni

493 1409 579 1477 ad
611 1429 844 1477 manus
873 1415 1136 1479 nostras
1163 1409 1375 1477 fuerat
1405 1410 1720 1477 dcuoluta
1760 1419 1828 1478 et
1856 1410 2218 1497 assignata,
2269 1410 2483 1498 ipsam
2510 1418 2753 1480 terram

493 1537 637 1583 cum
688 1515 939 1585 eisdem
968 1516 1162 1583 mctis
1213 1522 1280 1583 et
1308 1515 1621 1599 terminis,
1672 1534 1755 1583 ac
1783 1516 2173 1585 utilitatibus
2223 1525 2290 1585 et
2328 1517 2750 1603 pertinenciis

492 1624 648 1711 suis,
704 1623 939 1709 quibus
972 1623 1060 1691 ad
1089 1624 1608 1711 prenominatum
1639 1621 1824 1691 Iwan
1864 1623 2208 1712 spectabat
2237 1630 2303 1691 et
2353 1625 2744 1713 pertinebat,

492 1745 624 1799 tam
656 1732 791 1819 ipsi
819 1732 1124 1818 Weyteh,
1178 1753 1372 1818 quam
1406 1732 1546 1799 eius
1595 1728 1947 1800 heredibus
1996 1732 2433 1815 heredumque
2482 1751 2748 1800 suorum

494 1840 1006 1925 successoribus,
1042 1839 1360 1925 dedimus,
1412 1839 1803 1907 donauimus
1835 1844 1900 1906 et
1931 1840 2321 1908 contulimus
2352 1839 2495 1907 iure
2523 1858 2748 1927 perpe-

492 1958 601 2014 tuo
636 1955 704 2016 et
731 1947 1255 2016 irreuocabiliter
1284 1948 1557 2035 pacifice
1580 1953 1645 2015 ct
1676 1946 1895 2031 quiete
1924 1946 2392 2034 possidendam
2423 1955 2490 2014 et
2506 1947 2747 2013 haben·

493 2057 665 2142 dam,
698 2077 739 2122 a
770 2054 1028 2123 nemine
1060 2063 1483 2141 cognatorum
1515 2074 1675 2140 sepe
1707 2055 1870 2122 dicti
1901 2057 2106 2139 Iwan,
2139 2074 2255 2122 seu
2285 2054 2745 2142 propincorum

488 2164 594 2230 uel
626 2170 1080 2232 extraneorum
1131 2183 1389 2230 suorum
1422 2172 1572 2249 post
1622 2164 1922 2249 clapsum
1964 2164 2149 2249 longi
2198 2162 2508 2249 temporis
2536 2160 2744 2229 alika-

486 2281 677 2338 tenus
728 2271 1161 2358 expetendam
1213 2279 1279 2339 et
1323 2271 1801 2356 requirendam.
1843 2274 1920 2338 In
1971 2272 2158 2339 cuius
2189 2281 2355 2339 terre
2392 2269 2745 2357 possessio·

486 2397 635 2444 nem
686 2379 965 2446 cundem
1012 2379 1291 2464 Weyteh
1329 2400 1447 2467 per
1494 2379 1749 2448 fidelem
1801 2380 2127 2448 hominem
2175 2391 2462 2448 nostrum
2513 2379 2743 2446 Jacow

487 2498 639 2552 tunc
688 2488 998 2573 temporis
1040 2487 1356 2556 Comitem
1407 2488 1492 2557 de
1521 2488 1859 2556 Zowoliun
1910 2488 2299 2555 auctoritate
2346 2484 2557 2570 Regia
2593 2483 2741 2551 feci·

486 2613 630 2661 mus
660 2593 1005 2662 introduci.
1057 2594 1141 2661 Et
1174 2602 1243 2661 ut
1272 2594 1394 2661 hec
1426 2602 1652 2661 nostra
1702 2593 1979 2662 donacio
2013 2602 2146 2662 tam
2177 2591 2323 2677 sibi,
2375 2609 2570 2676 quam
2601 2591 2744 2658 eius

487 2701 976 2769 successoribus
1025 2709 1337 2788 perpetue
1394 2702 1778 2770 stabilitatis
1824 2702 2023 2771 robur
2075 2700 2386 2782 obtineat,
2437 2698 2503 2767 in
2553 2716 2745 2781 argu-

490 2816 775 2875 mentum
806 2808 1078 2877 maioris
1111 2809 1437 2876 firmitatis
1485 2809 1741 2878 litteras
1772 2816 2032 2876 nostras
2062 2806 2503 2875 concessimus
2534 2802 2744 2891 dupli-

491 2918 584 2984 cis
639 2915 844 2999 sigilli
891 2917 1100 2984 nostri
1152 2917 1505 2985 munimine
1552 2918 1916 2985 roboratas.
1966 2918 2210 2984 Datum
2261 2934 2431 2981 anno
2478 2910 2741 2979 Domini

484 3027 575 3091 M·
596 3022 728 3090 00⁰
752 3023 1259 3110 quadragesimo
1291 3030 1545 3093 octauo.

485 3240 735 3301 (1321-ki
761 3236 1021 3293 atiratbol
1044 3278 1057 3301 ,
1104 3241 1305 3306 melyet
1354 3241 1581 3291 kiadtak
1612 3240 1815 3308 „frater
1841 3235 2107 3289 Nicolaus
2131 3235 2397 3301 Magister
2420 3238 2477 3285 ot
2500 3233 2744 3283 vniuersi

482 3331 681 3382 fratres
708 3330 1094 3381 cruciferorum
1138 3331 1344 3381 Domus
1369 3329 1672 3395 Hospitalis
1716 3327 1961 3379 Ecclesia
1986 3327 2173 3378 Sancti
2196 3325 2365 3390 Regis
2389 3321 2650 3388 Stephani
2675 3321 2742 3371 de

482 3415 815 3485 Sti-igonio“‚
845 3420 1131 3488 „Thomas‚
1155 3419 1414 3472 Nicolaus
1443 3424 1498 3470 et
1516 3419 1798 3470 Johannes
1817 3414 1913 3480 filij
1935 3414 2227 3480 Laurencij
2250 3413 2349 3479 filij
2373 3410 2624 3476 Weyteh‚
2650 3427 2743 3462 no-

482 3509 633 3567 biles,
682 3509 747 3559 de
774 3509 908 3560 uilla
934 3506 1074 3575 Pyr“
1105 3516 1194 3561 azt
1219 3506 1441 3571 kerven,
1470 3509 1559 3577 „in
1597 3504 1793 3573 vigilia
1834 3504 2240 3570 Assumpcionis
2285 3503 2455 3553 Beate
2497 3500 2740 3565 Virginis

479 3593 705 3657 Marie“‚
750 3613 775 3649 s
801 3597 1050 3665 melynek
1076 3598 1313 3649 credetis
1340 3597 1559 3648 abudai
1604 3597 1710 3647 kir.
1751 3595 1995 3646 kamarai
2038 3590 2379 3644 leveltdrban
2419 3586 2737 3655 talailtatik.)

567 4757 773 4795 norun.
808 4757 971 4795 nune.
1006 4756 1144 4793 nis-r.
1183 4767 1256 4778 —
1294 4756 1436 4791 nm.
1476 4740 1543 4780 18-
2330 4731 2409 4789 17
