3359 5250
1880 318 2015 387 364

1863 883 2012 955 255.
2043 898 2051 906 ·

809 1066 852 1132 I
865 1066 931 1133 V.
969 1067 1145 1134 Incze
1170 1074 1348 1156 pcipa
1381 1093 1422 1134 a
1453 1071 1722 1134 vianizai
1750 1080 2083 1133 monostort
2112 1093 2189 1134 az
2222 1070 2487 1154 apostoli
2525 1064 2768 1133 sze'lmdc
2806 1063 3073 1130 kiilc‘ino'e

1438 1177 1819 1265 pa'rffoydsa
1850 1178 1957 1243 ala
1992 1179 2165 1244 vesei.
2215 1176 2409 1243 1254.

1015 1375 1435 1446 Innocentius
1460 1375 1825 1463 Episcopus
1844 1395 2072 1442 servus
2091 1394 2429 1443 servorum
2451 1376 2575 1444 Dei
2606 1377 2870 1449 dilectis
2906 1382 3062 1451 filiis

802 1533 818 1550 .
852 1535 867 1551 .
908 1484 1183 1552 ,Abbati
1203 1483 1586 1552 Monastcrii
1619 1483 1845 1550 Sancti
1865 1484 2097 1553 Jacobi
2132 1483 2217 1551 de
2238 1482 2524 1570 Visniza,
2565 1487 2711 1570 ejus
2742 1487 3060 1558 fratribus

799 1604 932 1663 tam
982 1593 1458 1681 praesentibus,
1508 1612 1705 1679 quam
1756 1590 1989 1662 suturis
2041 1594 2414 1679 regularem
2464 1595 2667 1663 vitam
2714 1595 3057 1682 professis.

795 1702 1200 1789 Religiosam
1233 1701 1435 1769 vitam
1469 1699 1867 1786 eligentibus
1899 1699 2347 1788 Apostolicum
2380 1701 2686 1771 convenit
2731 1723 2882 1771 csse
2910 1725 3054 1792 pre·

798 1809 1060 1898 sidium,
1112 1832 1197 1878 ne
1244 1809 1411 1879 forte
1458 1810 1811 1896 cujuslibet
1861 1810 2247 1879 temeritatis
2297 1808 2619 1897 incursus,
2678 1821 2795 1880 aut
2844 1833 2961 1882 eos
3010 1834 3056 1880 a

797 1918 1136 2007 proposito
1167 1926 1447 2002 revocet,
1496 1925 1615 1987 aut
1647 1918 1860 2004 robur,
1913 1918 2085 2003 quod
2116 1918 2313 2006 absit,
2364 1938 2551 1987 sacre
2579 1920 2925 2006 religionis
2956 1922 3051 1990 in-

796 2028 1061 2113 fringat.
1099 2028 1535 2115 Quapropter,
1581 2027 1808 2094 dilecti
1845 2025 1912 2095 in
1944 2027 2226 2097 Domino
2261 2025 2399 2111 filii,
2451 2028 2689 2097 vestris
2720 2029 2911 2099 iustis
2942 2052 3053 2117 po·

793 2136 1253 2205 stulationibus
1283 2137 1636 2204 clementer
1667 2134 2038 2221 annuimus,
2090 2144 2156 2203 et
2186 2136 2648 2205 Moirasterium
2679 2139 2903 2206 Sancti
2934 2138 3047 2207 Ja-

791 2244 935 2311 cobi
966 2242 1050 2312 de
1083 2242 1351 2312 Visniza
1381 2244 1718 2331 Bagusine
1748 2245 2074 2330 Dionaeis,
2125 2244 2191 2310 in
2228 2264 2356 2330 quo
2392 2244 2630 2313 Divino
2670 2245 2829 2313 estis
2862 2247 3049 2315 obse·

792 2352 946 2439 quio
979 2352 1356 2440 mancipati,
1409 2351 1531 2419 sub
1563 2352 1752 2419 Beati
1783 2352 1958 2420 Petri
2011 2358 2076 2419 et
2128 2359 2357 2421 nostra
2391 2352 2797 2441 protectione
2844 2356 3047 2424 susci-

792 2463 1030 2549 pimus,
1064 2467 1130 2528 et
1160 2461 1487 2548 presentis
1518 2459 1748 2547 scripti
1803 2459 2147 2547 privilegio
2181 2460 2670 2529 communimus.
2710 2464 2783 2529 In
2819 2464 3050 2549 primis

792 2569 1113 2672 siquidem
1147 2574 1527 2656 statuenteS,
1558 2575 1633 2638 ut
1652 2568 1812 2637 ordo
1836 2568 2256 2658 monasticus,
2287 2569 2400 2655 qui
2434 2570 2785 2639 secundum
2813 2571 3048 2656 Deum,

789 2683 853 2744 et
882 2680 1069 2748 Beati
1121 2679 1457 2747 Benedicti
1511 2681 1830 2765 regulam,
1884 2680 1950 2748 in
1983 2677 2212 2748 eodem
2264 2679 2663 2749 Monasterio
2712 2681 3049 2750 institutus

791 2807 939 2855 esse
989 2785 1415 2873 dignoscitur,
1466 2789 1804 2875 perpetuis
1836 2786 2078 2857 ibidem
2130 2787 2529 2874 temporibus
2575 2787 3048 2857 inviolabiliter

787 2904 1226 2965 conservetur.
1280 2899 1590 2965 Preterea
1638 2916 2086 2983 quascumque
2116 2896 2585 2985 possessiones,
2638 2916 3049 2982 quecumque

788 3005 965 3073 bona
1008 3004 1184 3074 idem
1233 3007 1706 3073 Monasterium
1760 3006 2328 3093 impresentiarum
2372 3006 2550 3092 juste
2601 3026 2680 3074 ac
2729 3007 3048 3075 canonice

783 3113 1105 3201 possidet,
1161 3119 1275 3180 aut
1307 3112 1377 3179 in
1426 3112 1714 3181 futurum
1764 3115 2184 3181 conccssione
2236 3114 2639 3198 Pontificum,
2688 3113 3045 3199 largitione

781 3223 1055 3307 Regum,
1105 3223 1209 3287 vel
1249 3219 1623 3308 Principum
1657 3221 2015 3306 oblatione,
2067 3242 2184 3290 scu
2217 3220 2367 3289 aliis
2389 3222 2588 3307 justis
2638 3219 2850 3291 modis
2899 3240 3039 3308 pre·

784 3336 1001 3399 stante
1034 3330 1315 3398 Domino
1347 3328 1589 3415 poterit
1619 3327 1925 3416 adipisci,
1960 3328 2148 3396 firma
2172 3328 2362 3396 vobis
2393 3330 2756 3414 vestrisque
2787 3349 3043 3398 succes·

783 3436 1061 3523 cotibus,
1098 3442 1164 3504 et
1196 3436 1453 3504 illibata
1482 3444 1930 3524 permaneant,
1971 3457 2091 3524 pro
2124 3436 2362 3521 quibus
2397 3437 2516 3504 hec
2537 3436 2825 3525 propriis
2858 3436 3044 3505 duxi-

783 3567 928 3615 mus
977 3543 1407 3635 exprimenda
1456 3544 1817 3613 vocabulis.
1882 3545 2124 3611 Locum
2180 3544 2414 3631 ipsum,
2466 3545 2533 3611 in
2584 3563 2712 3632 quo
2761 3544 3043 3632 primum

778 3653 1253 3724 Monasterium
1285 3655 1481 3722 situm
1514 3658 1638 3737 est,
1670 3672 1816 3719 cum
1850 3650 2149 3720 omnibus
2169 3651 2584 3737 pertinentiis
2615 3653 2776 3736 suis,
2810 3650 3045 3722 vineas

780 3769 848 3829 et
865 3771 1099 3849 terras,
1130 3780 1300 3849 quas
1332 3760 1591 3828 habetis
1611 3780 1819 3848 prope
1851 3759 2028 3828 idem
2050 3759 2538 3846 Monasterium,
2573 3780 2719 3828 cum
2741 3760 3045 3829 omnibus

781 3870 1193 3960 pertinentiis
1225 3870 1406 3955 suis;
1456 3868 1690 3938 vineas
1721 3876 1788 3937 et
1818 3875 2046 3954 terras,
2098 3887 2264 3952 quas
2298 3868 2559 3937 habetis
2589 3868 2656 3935 in
2691 3867 2875 3954 locis,
2929 3870 3041 3956 qui

782 3980 1123 4050 Subi-ende
1154 3980 1282 4047 Ver
1313 4015 1402 4027 —
1437 4017 1514 4026 —
1553 4015 1641 4026 —
1671 4014 1761 4026 -
1808 3983 1877 4046 et
1923 3974 2339 4044 Junchettum
2388 3976 2745 4064 vulgariter
2792 3995 3040 4045 nuncu-

781 4095 1041 4176 pantur,
1076 4107 1222 4155 cum
1251 4087 1556 4157 omnibus
1587 4085 2003 4174 pertinentiis
2035 4083 2426 4171 eorundem;
2461 4085 2692 4152 domos
2723 4104 2894 4170 quas
2926 4086 3041 4154 ba·

778 4198 949 4268 betis
968 4194 1038 4266 in
1071 4195 1340 4266 civitate
1357 4195 1702 4282 Ragusina
1735 4215 1878 4264 cum
1915 4192 2211 4263 omnibus
2231 4192 2632 4281 pertinentiij
2654 4194 3042 4279 earundem,

778 4327 924 4374 cum
974 4305 1185 4390 terris,
1219 4304 1450 4392 pratis,
1500 4302 1733 4387 vinem,
1776 4303 2148 4372 nemoribus
2180 4339 2267 4351 —-
2298 4340 2388 4353 -
2418 4339 2506 4351 —
2538 4309 2605 4370 et
2652 4300 2919 4391 pascuis
2966 4299 3042 4367 in

779 4415 976 4482 bosco
1025 4420 1092 4481 et
1121 4412 1344 4500 plane,
1396 4411 1463 4477 in
1495 4411 1686 4496 aquis
1718 4417 1783 4478 et
1815 4409 2231 4496 molendinis,
2286 4412 2354 4477 in
2387 4409 2510 4478 viis
2542 4417 2610 4478 et
2641 4408 2917 4494 semitis,
2970 4415 3041 4476 et

780 4522 1079 4592 omnibus
1127 4515 1279 4589 aliis
1311 4519 1727 4588 libertatibus
1777 4525 1843 4586 et
1870 4517 2389 4587 immunitatibus
2416 4519 2573 4587 suis.
2626 4519 2804 4585 Sane
2838 4535 3037 4586 nova·

782 4631 946 4699 lium
1000 4633 1382 4712 vestrorum,
1436 4645 1562 4713 que
1594 4625 1879 4715 propriis
1930 4626 2234 4696 manibus
2284 4633 2349 4696 et
2379 4626 2746 4714 sumptibus
2792 4623 3037 4710 colitis,
