3359 5250
1776 451 2090 462 nn-ovmm

800 571 997 639 quam
1045 552 1329 639 illorum,
1385 553 1497 637 qui
1531 553 1598 619 in
1630 555 1754 622 hoc
1806 554 2122 622 dederunt
2171 554 2516 623 consilium
2535 606 2553 640 ‚
2608 556 2923 624 auxilium
2959 556 3069 624 vel

797 657 1107 746 favorem,
1160 665 1372 727 utrum
1406 658 1580 727 idem
1613 661 1981 748 Episcopus
2016 661 2282 729 eosdem
2337 663 2658 747 sarilegos
2691 663 3065 751 receptarit,

799 789 879 836 ac
911 769 993 836 de
1023 769 1322 837 omnibus
1372 768 1878 838 circumstantiis
1910 768 2154 854 negotii
2188 764 2700 856 diligentissime
2736 772 3067 856 inquiren·

797 885 919 962 tes,
976 897 1103 964 que
1152 877 1535 946 inveneritis
1584 877 1907 946 studeatis
1959 878 2154 946 nobis
2207 878 2448 947 vestris
2503 878 2738 947 litteris
2788 879 3069 948 fideliter

797 985 1120 1072 intimare,
1160 994 1230 1053 ut
1262 1005 1381 1072 per
1410 986 1797 1055 relationem
1825 993 2119 1053 vestram
2165 987 2558 1055 sufficienter
2591 987 2893 1055 instructi
2920 1010 3068 1075 pro-

801 1093 1111 1162 cedamus
1144 1094 1402 1178 exinde,
1451 1102 1645 1182 prout
1675 1095 2030 1163 secundum
2063 1096 2276 1163 Deum
2306 1095 2665 1163 viderimus
2711 1096 3066 1183 proceden-

798 1200 975 1270 dum.
1035 1201 1226 1281 Quod
1257 1203 1313 1269 si
1347 1224 1478 1272 non
1508 1222 1736 1271 omnes
1767 1209 1888 1271 etc.
1939 1205 2184 1270 Datum
2215 1205 2570 1273 Interamni
2600 1199 2787 1273 XIII.
2835 1204 3068 1271 kalen-

798 1309 921 1378 das
955 1310 1135 1395 Julii‚
1167 1312 1600 1380 Pontificatus
1629 1311 1836 1380 nostri
1868 1332 2040 1381 anno
2073 1311 2349 1380 decimo.

797 1505 1056 1577 (Theiner
1076 1546 1090 1569 ‚
1127 1510 1331 1562 Vetera
1364 1510 1717 1562 Monumenta
1756 1509 2036 1566 Histoi-ica
2073 1512 2420 1579 Huugariam
2457 1511 2676 1564 Sacram
2713 1512 3063 1573 illustrantia,

792 1601 840 1652 1.
866 1600 980 1653 kot-
1011 1602 1130 1652 144.
1156 1602 1192 1653 1.
1218 1597 1381 1666 Fejer
1405 1616 1537 1652 ezen
1571 1598 1741 1668 papai
1776 1598 2052 1653 brevenek
2078 1602 2211 1652 csak
2240 1598 2556 1668 kivonatjat
2578 1602 2725 1654 hezli
2750 1601 2885 1654 Cod-
2910 1600 3063 1668 Dipl.

1639 1688 1734 1741 1v.
1760 1690 1874 1743 kot-
1901 1691 1945 1742 1.
1972 1691 2028 1743 k.
2055 1692 2141 1742 ⁴2.
2168 1690 2230 1758 1.)

1657 1975 2191 1986 0-————.-

1883 2458 1950 2525 8.

792 2637 912 2705 IX.
947 2637 1219 2727 Gorqely
1247 2637 1556 2727 pdpdnak
1605 2638 1986 2705 inacho-16⁸0
2017 2663 2059 2704 α
2092 2638 2327 2705 vdradi
2366 2642 2618 2728 pnepbk
2664 2640 3057 2708 υάῑαεεεάεά-

1575 2746 1707 2810 mk
1734 2746 2029 2834 thye'ben.
2079 2749 2277 2813 1236.

1009 2943 1370 3028 Gregorius
1422 2944 1793 3033 Episcopus
1843 2963 2074 3013 seruus
2126 2964 2462 3013 seruorum
2512 2945 2638 3013 Dei
2685 2944 3054 3013 venerabili

790 3049 977 3119 fratri
1013 3102 1028 3119 .
1058 3102 1072 3118 .
1097 3102 1112 3118 .
1147 3052 1473 3142 Episcopo
1513 3050 2258 3138 Quinque-Ecclesiensi‚
2311 3050 2569 3120 dilectis
2620 3052 2772 3122 filiis
2802 3051 3054 3120 Abbati

791 3209 807 3225 .
830 3210 846 3226 .
871 3210 887 3227 .
922 3159 1345 3227 waradiensi
1375 3156 2093 3245 Quinqueecclesiensis
2122 3158 2442 3243 Diocesis‚
2477 3164 2542 3226 et
2574 3208 2591 3227 .
2614 3208 2630 3226 .
2651 3208 2667 3225 .
2700 3159 3046 3246 Prepesito

790 3269 1284 3356 Wesprimiensi
1315 3268 1598 3335 salutem
1629 3274 1696 3334 et
1714 3265 2160 3353 Apostolicam
2198 3265 2738 3335 benedictionem.
2765 3266 3050 3336 Alexan·

791 3374 910 3442 der
940 3384 1009 3442 et
1037 3377 1079 3442 J
1083 3376 1376 3443 ohannes
1409 3373 1726 3442 canonici
1757 3372 2211 3441 waradiensis
2243 3374 2537 3441 Ecclesie
2585 3395 2704 3444 suo
2734 3380 2804 3443 et
2852 3374 3052 3442 maio-

789 3483 881 3550 ris
913 3503 992 3550 ac
1024 3482 1308 3550 sanioris
1338 3482 1548 3569 partis
1581 3479 1871 3567 Capituli
1905 3480 2188 3565 nomine,
2239 3487 2313 3546 ut
2341 3480 2671 3570 dicebant,
2721 3481 2790 3548 in
2820 3488 3050 3552 nostra

785 3611 1187 3681 proposuere
1236 3590 1568 3677 presentia
1599 3586 1957 3672 constituti,
2011 3588 2189 3673 quod
2235 3607 2382 3656 cum
2415 3589 2565 3677 ipsa
2593 3591 2896 3659 Ecclesia
2932 3612 3049 3678 pa-

788 3702 983 3769 storis
1017 3702 1253 3769 solatio
1286 3698 1598 3768 destituta
1618 3749 1636 3784 ‚
1682 3696 1885 3767 iidem
1914 3698 2301 3782 Magistrum
2343 3698 2853 3786 Primogenitum
2883 3697 3048 3766 Sub-

789 3810 1133 3878 diaconum
1165 3815 1458 3876 nostrum
1511 3807 1867 3892 elegissent
1898 3806 2028 3874 sibi
2060 3805 2372 3873 canonice
2402 3806 2471 3872 in
2501 3814 2853 3894 pastorem,
2906 3807 3046 3894 qui—

785 3921 937 3988 dam
970 3921 1053 3988 de
1084 3917 1385 4005 Capitulo
1434 3922 1585 4002 post
1614 3914 1998 3983 electionem
2036 3914 2250 4001 ipsam
2279 3916 2354 3980 B.
2389 3915 2728 3983 Lectorem
2759 3915 3046 4002 Srigoni·

785 4050 1008 4101 ensem
1069 4025 1702 4097 excommunicatum
1747 4032 1815 4091 et
1859 4024 2028 4090 alias
2092 4023 2177 4089 ad
2224 4024 2622 4112 Episcopale
2671 4047 2833 4094 onus
2880 4025 3045 4093 indi·

783 4161 1005 4227 gnum,
1035 4139 1281 4221 eligere
1298 4138 1854 4222 presumpserunt,
1886 4132 2191 4216 idemque
2223 4132 2540 4201 electione
2561 4153 2683 4202 sua
2711 4155 2832 4223 per
2850 4155 3043 4220 quas·

783 4247 935 4315 dam
966 4247 1222 4314 litteras
1254 4241 1678 4328 surrepticias
1729 4237 2061 4307 confectas
2089 4240 2353 4306 nomine
2385 4238 2673 4327 Capituli
2704 4261 2824 4329 per
2850 4262 3042 4310 vene-

780 4357 1056 4424 rabilem
1086 4355 1352 4422 fratrem
1384 4359 1678 4419 nostrum
1713 4398 1729 4415 .
1754 4398 1770 4413 .
1794 4400 1810 4415 .
1846 4346 2268 4417 Colocensem
2304 4348 2886 4436 Archiepiscopum
2909 4351 3041 4419 loci

781 4465 1354 4552 Metropolitanum
1404 4477 1751 4548 perperam
1800 4459 2197 4542 confirmata,
2250 4456 2321 4523 in
2366 4456 2642 4524 eandem
2674 4459 3042 4526 Ecclesiam

777 4596 896 4664 per
923 4573 1227 4642 laicalem
1277 4568 1638 4657 potentiam
1668 4565 1917 4633 faciens
1948 4584 2022 4633 se
2053 4565 2315 4650 intrudi,
2367 4573 2434 4633 et
2465 4566 3040 4637 amministrationi

780 4684 920 4752 eius
952 4700 1025 4748 se
1055 4679 1366 4764 ingerens
1396 4675 1828 4762 impudenter,
1878 4679 2121 4740 temere
2152 4671 2515 4761 impedivit,
2547 4698 2632 4745 ne
2663 4671 2874 4742 dictus
2905 4675 3038 4743 Ma·
