3359 5250
1446 389 1521 455 11

329 582 584 653 aelium
614 583 1027 668 monachum,
1059 584 1167 650 vel
1198 583 1415 672 potius
1447 584 1919 673 demoniacum,
1970 588 2052 657 de
2084 590 2399 662 mandato
2439 596 2607 662 eins-

332 690 489 756 dem
508 689 874 756 Prenestini
905 709 947 755 a
977 693 1376 760 monasterio
1407 691 1558 781 ipso
1589 693 2004 777 exigentibus
2037 696 2177 766 suis
2207 698 2415 786 culpis
2442 701 2603 770 eiec-

331 807 497 883 tum,
530 798 932 867 Monasterio
964 798 1242 887 prefecit
1272 800 1523 868 eidem:
1559 811 1831 890 propter
1860 804 2054 892 quod,
2090 827 2173 876 ne
2205 814 2340 875 tam
2365 830 2603 895 graves

333 926 670 990 excessus,
704 906 763 973 si
792 926 922 974 non
956 927 1069 976 eos
1101 927 1276 993 pena
1298 907 1522 976 debita
1545 910 1921 998 castigaret,
1959 914 2315 983 transirent
2346 916 2500 986 aliis
2533 918 2599 985 in

329 1015 730 1103 exemplum,
764 1014 1017 1082 dilectis
1048 1014 1205 1082 filiis
1240 1065 1256 1082 .
1280 1065 1297 1082 .
1321 1067 1336 1082 .
1368 1017 1594 1086 Sancti
1627 1017 1948 1106 Stephani
1979 1022 2203 1112 Regis,
2241 1074 2256 1091 .
2282 1074 2298 1090 .
2323 1075 2339 1092 .
2373 1025 2600 1093 Sancti

330 1122 679 1190 Benedicti
711 1129 777 1189 et
810 1172 827 1191 .
850 1171 866 1188 .
891 1173 906 1190 .
941 1122 1167 1189 Sancti
1217 1123 1540 1210 Stephani
1571 1126 2080 1212 Protomartiris,
2121 1129 2350 1197 Sancti
2382 1128 2600 1214 Augu·

328 1233 491 1300 stini
509 1231 777 1300 Ordinis
802 1230 1176 1298 Abbatibus
1195 1231 1647 1299 Waradiensis
1668 1232 1992 1320 Diocesis,
2024 1235 2268 1304 nostris
2301 1236 2598 1304 dedimus

328 1340 549 1408 literis
597 1341 666 1406 in
717 1337 1072 1425 mandatis,
1123 1344 1196 1405 nt
1245 1338 1305 1408 si
1334 1358 1473 1406 rem
1522 1340 1885 1408 invenirent
1933 1343 2156 1410 taliter
2206 1362 2279 1411 se
2330 1344 2595 1431 habere,

322 1447 695 1536 predictum
724 1446 1124 1534 Episcopum
1147 1495 1166 1529 ,
1218 1453 1291 1514 nt
1321 1446 1583 1515 eosdem
1617 1447 1943 1517 Abbatem
1974 1459 2042 1516 et
2077 1452 2435 1521 monachos
2467 1454 2595 1539 pri-

326 1557 505 1624 stine
556 1555 906 1624 restituens
935 1553 1247 1640 libertati,
1301 1574 1417 1622 eos
1449 1555 1535 1622 ad
1569 1559 2035 1626 monasterium
2085 1559 2320 1647 ipsum,
2372 1569 2592 1632 amoto

327 1669 418 1736 ab
450 1687 529 1734 eo
556 1666 848 1752 quolibet
865 1663 1205 1733 detentore
1223 1665 1479 1764 illicito,
1514 1665 1972 1736 libere-redire
1999 1672 2424 1756 permitteret,
2461 1693 2593 1740 mo·

322 1776 578 1845 nitione
608 1775 951 1863 premissa,
986 1776 1373 1844 auctoritate
1395 1783 1624 1846 nostra
1652 1778 1775 1845 sub
1796 1778 2178 1865 Apostolica
2219 1780 2592 1848 obedientia

326 1890 764 1971 coarctarent,
796 1881 1128 1972 predictos
1162 1904 1468 1952 manuum
1487 1884 1834 1953 iniectores
1865 1886 2116 1953 tamdiu
2139 1888 2588 1976 appellatione

319 2001 577 2062 remota
626 1991 1223 2061 excommunicatos
1274 1992 1540 2079 publice
1569 1995 1981 2078 nunciantes,
2036 2014 2115 2062 ac
2144 1993 2460 2063 facientes
2502 1996 2586 2063 ab

322 2101 629 2171 omnibus
662 2099 907 2167 arctius
945 2098 1201 2186 euitari,
1256 2096 1464 2167 donec
1499 2101 1719 2186 passis
1770 2101 2075 2169 iniuriam
2125 2100 2587 2170 satisfacerent

321 2213 775 2295 competenter
810 2233 826 2272 ε
879 2213 945 2273 et
975 2225 1121 2272 cum
1168 2206 1541 2272 eorumdem
1564 2206 1861 2291 judicum
1908 2208 2270 2275 litterarum
2301 2209 2585 2277 testimo-

318 2318 435 2386 nio
464 2315 765 2383 venirent
814 2312 900 2379 ad
937 2310 1176 2380 Sedem
1207 2313 1657 2399 Apostolicam
1691 2315 2099 2401 absolvendi,
2151 2316 2401 2403 prefixo
2453 2317 2584 2404 ipsi

318 2425 661 2512 Episcopo
708 2422 981 2490 termino
1015 2421 1451 2509 peremptorio
1499 2424 1930 2509 competenti,
1979 2444 2108 2509 quo
2147 2444 2582 2511 responsurus

322 2532 408 2599 de
456 2529 762 2618 dampnis
793 2536 860 2595 et
905 2528 1162 2597 iniuriis
1213 2529 1630 2617 supradictis,
1683 2552 1761 2599 ac
1799 2530 2140 2600 auditurus
2188 2552 2386 2619 super
2435 2552 2584 2616 que-

318 2649 539 2717 stione
568 2645 914 2734 premissa,
947 2662 1074 2729 que
1105 2642 1357 2711 iustitia
1388 2642 1715 2728 suaderet,
1755 2643 2136 2732 Apostolico
2168 2664 2241 2711 se
2271 2662 2580 2730 conspec-

317 2759 419 2827 tui
448 2758 878 2844 presentaret.
931 2751 1221 2838 Cumque
1269 2752 1503 2839 prefati
1534 2753 1794 2838 judices
1842 2753 2154 2839 inquisita
2203 2773 2400 2840 super
2453 2752 2580 2820 hiis

319 2865 600 2934 sollicite
628 2862 927 2944 veritate,
979 2860 1178 2946 longe
1208 2860 1402 2947 plura
1446 2869 1672 2929 contra
1722 2870 2117 2931 memoratos
2152 2862 2481 2929 Abbatem
2515 2870 2580 2930 et

318 2975 729 3043 Conventum
776 2976 1156 3058 presumpta
1208 2988 1327 3056 per
1375 2970 1653 3037 eundem
1701 2971 2101 3058 Episcopum
2160 2969 2576 3055 invenissent,

322 3105 520 3171 quam
552 3081 796 3149 nostris
852 3078 1128 3146 fuissent
1177 3078 1444 3145 auribus
1474 3079 1813 3166 intimata;
1872 3078 2280 3166 sepedictum
2313 3078 2578 3164 Episco-

320 3213 481 3281 pum
511 3188 872 3258 efficaciter
902 3191 1305 3271 monuerunt,
1355 3192 1427 3253 ut
1454 3188 1784 3273 premissa
1814 3186 2033 3254 omnia
2062 3185 2313 3253 faciens
2366 3204 2581 3251 emen·

316 3300 483 3384 dari,
517 3294 868 3363 iamdictos
896 3292 1221 3359 Abbatem
1252 3298 1318 3359 et
1348 3294 1722 3378 monachos,
1776 3292 2012 3362 amotis
2044 3293 2286 3361 exinde
2316 3292 2578 3378 quibus·

314 3409 479 3476 libet
506 3402 759 3472 illicitis
790 3399 1255 3488 detentoribus,
1309 3402 1512 3468 libere
1545 3401 1761 3470 redire
1792 3402 2193 3489 permitteret
2240 3402 2329 3469 ad
2358 3421 2576 3470 mona-

321 3514 595 3585 sterium
626 3508 1021 3579 eorumdem.
1066 3507 1198 3575 Sed
1226 3507 1373 3595 ipse
1401 3530 1532 3578 non
1563 3509 1773 3577 solum
1803 3507 1874 3576 id
1903 3509 2160 3579 efficere
2189 3509 2452 3597 penitus
2481 3529 2576 3577 re·

314 3623 596 3705 cnsavit,
647 3637 870 3686 verum
921 3617 1119 3685 etiam
1168 3623 1444 3704 peccata
1499 3618 1791 3705 peccatis
1841 3618 2258 3685 accumulans
2278 3667 2297 3701 ‚
2347 3617 2574 3704 peiora

312 3730 644 3819 prioribus
676 3722 799 3790 fnit
829 3723 926 3790 eis
956 3722 1335 3790 terribiliter
1364 3725 1836 3793 comminatus:
1870 3731 2138 3811 propter
2157 3722 2331 3809 quod
2361 3711 2573 3811 ips‘um

317 3837 484 3906 dicti
506 3831 771 3922 judices
803 3834 891 3899 ab
921 3830 1136 3900 officio
1187 3837 1252 3900 ct
1282 3832 1599 3902 beneficio
1631 3833 2128 3920 suspendentes,
2182 3833 2390 3901 dictos
2441 3854 2574 3900 ma·

314 3967 522 4015 nuum
570 3942 916 4010 iniectores
964 3941 1557 4008 excommunicatos
1617 3941 1880 4027 publice
1929 3941 2343 4025 nuntiarunt,
2407 3960 2572 4027 quos

312 4053 495 4121 idem
523 4050 893 4139 Episcopus
922 4049 991 4114 in
1044 4048 1301 4115 malitia
1330 4069 1453 4116 sua
1482 4048 1735 4136 fovens,
1787 4070 1907 4118 nec
1938 4052 2118 4137 ipsos
2149 4070 2189 4115 a
2223 4069 2345 4116 sua
2389 4048 2574 4116 fami·

306 4160 607 4230 liaritate
636 4155 931 4242 removit,
963 4175 1085 4223 nec
1114 4176 1187 4224 se
1217 4176 1446 4241 gerere
1475 4157 1684 4225 voluit
1711 4178 1831 4245 pro
1862 4177 2201 4244 suspenso,
2251 4158 2320 4224 in
2351 4157 2568 4227 anime

306 4290 431 4338 sue
461 4265 825 4355 periculum
871 4269 936 4332 ct
969 4283 1174 4350 grave
1207 4265 1594 4333 scandalum
1625 4266 1920 4335 aliorum.
1974 4267 2060 4333 At
2090 4264 2286 4333 iidem
2309 4266 2569 4352 judices

305 4393 697 4464 processum
743 4392 931 4441 suum
962 4369 1052 4438 ad
1102 4392 1381 4440 examen
1411 4372 1860 4459 Apostolicum
1897 4373 2319 4456 remittentes,
2368 4375 2569 4441 nomi-

305 4491 469 4555 nato
501 4483 833 4570 Episcopo
882 4480 1231 4549 terminum
1260 4480 1788 4569 peremptorium,
1840 4480 2164 4548 kalendas
2195 4481 2443 4569 Aprilis
2475 4482 2566 4548 vi-

304 4594 556 4662 delicet
604 4591 859 4658 futuras
907 4595 1062 4657 tunc
1107 4589 1440 4678 proximo,
1492 4590 1892 4677 prefixerunt
1911 4640 1930 4674 ‚
1983 4609 2108 4674 quo
2160 4597 2569 4678 compareret

300 4693 744 4789 personaliter
774 4718 997 4767 coram
1028 4698 1242 4781 nobis,
1294 4717 1492 4785 super
1520 4698 1861 4786 premissis
1893 4697 2193 4768 omnibus
2225 4718 2568 4787 responsu-
