3359 5250
1299 482 1348 488 -
1391 392 1524 459 423

319 583 496 652 filios
529 584 807 652 filiorum
835 591 1153 673 perpetuo
1183 586 1667 674 possidendam,
1703 590 2051 659 tenendam
2086 600 2153 660 et
2193 594 2582 664 habendam.

320 691 496 759 Mete
528 694 735 760 eciam
782 693 995 781 ipsius
1026 695 1483 782 possessionis,
1536 698 1708 766 sieut
1737 699 1929 768 nobis
1980 699 2158 768 idem
2188 703 2431 788 Symon
2461 705 2583 773 sub

322 801 698 871 testimonio
729 801 1014 890 Capituli
1047 802 1397 872 Nitriensis
1429 805 1743 895 exhibuit,
1795 807 1919 875 hoe
1951 805 2187 875 ordine
2220 808 2582 896 distingun-

320 918 464 977 tur:
515 910 896 997 Incipiendo
941 910 1007 976 in
1040 915 1227 998 parte
1272 911 1580 980 orientali
1618 913 1687 979 in
1719 911 2050 999 quoddam
2081 914 2257 1005 (igy)
2291 925 2509 987 monte
2539 937 2583 984 a

319 1017 612 1104 quadam
665 1024 841 1087 meta
871 1017 1046 1086 eirea
1077 1017 1254 1087 uiam
1304 1019 1647 1106 existente,
1700 1041 1828 1106 que
1853 1031 2123 1110 separat
2152 1045 2197 1092 a
2223 1024 2584 1092 Keleehent

319 1136 386 1198 et
416 1128 678 1215 Dyohy,
729 1133 794 1196 et
824 1125 1279 1197 descendendo
1310 1127 1395 1196 de
1425 1131 1571 1215 ipso
1602 1137 1819 1198 monte
1848 1129 1915 1197 in
1953 1130 2237 1216 quodam
2266 1131 2581 1200 valliculo

319 1237 561 1305 transit
608 1236 944 1322 quandam
998 1236 1172 1304 uiam
1222 1236 1313 1305 ad
1342 1236 1674 1322 quoddam
1704 1263 1891 1329 ωηερε,
1942 1245 2012 1308 et
2039 1260 2159 1327 per
2205 1239 2482 1308 eundem
2518 1245 2584 1308 et

317 1366 523 1431 agros
552 1345 762 1414 tendit
811 1345 900 1413 ad
931 1346 1108 1413 uiam
1139 1348 1495 1432 antiquam,
1548 1366 1744 1433 quam
1775 1348 2016 1416 transit
2062 1349 2131 1415 in
2163 1354 2384 1418 monte
2421 1367 2574 1434 quo·
2638 1364 2651 1381 ⁸

319 1457 513 1542 dam;
548 1453 791 1522 abinde
811 1451 1149 1522 deseendit
1165 1473 1398 1522 uersus
1420 1454 1649 1523 uillam
1665 1453 1738 1521 in
1767 1455 2052 1540 quodam
2093 1480 2263 1544 ωερε
2291 1463 2358 1524 et
2378 1475 2578 1539 agros

316 1564 501 1632 eirea
529 1565 802 1631 arbores
847 1561 1128 1631 fructum
1158 1561 1335 1651 (igy)
1386 1561 1798 1650 procedendo
1848 1564 2147 1648 peruenit
2193 1562 2283 1631 ad
2328 1563 2577 1646 uillam,

318 1691 519 1757 quam
570 1670 806 1738 transit
849 1687 968 1756 per
1017 1669 1471 1754 latitudinem3
1524 1668 1763 1736 abinde
1811 1668 1881 1735 in
1926 1676 2117 1756 parte
2168 1667 2583 1738 meridionali

319 1777 533 1848 tendit
562 1775 650 1844 ad
702 1781 987 1843 montem
1038 1774 1124 1842 ad
1174 1775 1507 1858 quandam
1540 1775 1741 1859 viam,
1796 1774 1908 1841 ubi
1961 1774 2030 1841 in
2080 1774 2364 1861 quodam
2412 1798 2584 1863 moys

316 1895 423 1956 est
464 1892 663 1971 meta,
714 1885 889 1952 eirea
917 1902 1117 1968 quam
1163 1883 1232 1949 in
1264 1881 1505 1949 uallem
1559 1880 1893 1966 quoddam
1943 1880 2117 1971 (lgy)
2168 1882 2447 1952 flectitur
2492 1884 2583 1951 ad

315 2012 647 2078 oeoasum,
699 1998 766 2059 et
793 1990 1092 2079 peruenit
1134 1987 1540 2057 transeundo
1593 1989 1773 2056 eirea
1800 1991 2073 2058 arbores
2121 1989 2442 2059 fructuum
2490 1992 2582 2060 ad

315 2103 547 2170 alliam
576 2098 754 2189 (igy)
787 2100 986 2184 uiam,
1034 2101 1103 2164 et
1126 2093 1525 2164 transeundo
1557 2114 1677 2182 per
1707 2115 1908 2180 agros
1954 2095 2293 2165 deseendit
2322 2116 2440 2185 per
2469 2098 2579 2168 sil·

315 2231 496 2293 uam,
530 2208 599 2277 in
631 2227 762 2293 qua
795 2211 897 2275 est
925 2211 1103 2275 meta
1133 2203 1223 2272 ad
1254 2202 1589 2290 quandam
1619 2203 1887 2289 vallem,
1932 2203 2003 2271 in
2033 2222 2165 2288 qua
2196 2203 2375 2272 eirea
2403 2205 2581 2274 uiam

313 2324 422 2386 est
452 2323 653 2402 meta,
701 2315 929 2398 ibique
957 2311 1239 2380 flectitur
1288 2309 1379 2378 ad
1412 2310 1789 2396 aquilonem
1819 2311 1888 2378 in
1920 2312 2034 2379 via
2080 2312 2402 2401 predicta,
2452 2334 2583 2397 que

313 2429 590 2512 separat
619 2422 786 2490 duas
835 2421 1029 2489 uillas
1057 2422 1195 2505 Sag
1227 2439 1271 2487 a
1301 2418 1682 2504 Boymuoh3
1738 2422 1807 2485 et
1835 2419 1903 2485 in
1936 2419 2170 2487 eadem
2211 2419 2326 2488 uia
2356 2441 2581 2509 prooe-

316 2532 540 2603 dendo
573 2529 872 2619 peruenit
902 2529 990 2596 ad
1023 2527 1228 2596 aliam
1257 2527 1454 2614 uiam,
1490 2532 1556 2593 et
1570 2525 1976 2593 transeundo
2005 2525 2222 2613 ipsam
2259 2527 2585 2597 uioinatur

311 2648 458 2731 Sag
485 2661 634 2710 oum
665 2641 903 2727 Dyohy
933 2645 1002 2706 et
1029 2637 1399 2723 Boymooh;
1431 2633 1676 2702 abinde
1706 2633 2061 2705 uicinando
2092 2636 2331 2722 Dyohy
2362 2657 2583 2708 aseen-

314 2752 420 2821 dit
448 2756 736 2818 montem
766 2756 834 2816 et
862 2745 1101 2815 transit
1130 2744 1306 2812 uiam
1337 2744 1409 2810 in
1439 2743 1585 2831 ipso
1618 2749 1857 2827 monte,
1888 2761 2020 2827 que
2057 2743 2272 2811 tendit
2296 2764 2417 2832 per
2441 2746 2583 2832 pla-

314 2858 560 2928 niciem
589 2857 792 2942 Regis
822 2854 1264 2941 Kyralmezey
1295 2851 1581 2935 diotam;
1634 2847 1879 2948 abinde
1907 2849 1976 2917 in
2005 2848 2326 2921 desoensu
2372 2852 2585 2922 ouius-

314 2968 476 3035 dam
509 2963 848 3033 monticuli
879 2961 1089 3030 tendit
1117 2979 1348 3028 uersus
1379 2958 1608 3027 uillam
1640 2958 1914 3044 Dyohy3
1966 2958 2209 3027 abinde
2244 2957 2586 3029 deseendit

315 3076 407 3144 ad
456 3074 637 3142 uiam
666 3091 999 3158 magnam,
1049 3074 1118 3137 et
1152 3087 1272 3155 per
1321 3068 1597 3134 eandem
1639 3063 2052 3153 procedendo
2101 3067 2447 3134 reuertitur
2493 3067 2584 3136 ad

317 3189 563 3254 metam
594 3179 892 3268 primam.
947 3178 1032 3245 Et
1061 3182 1135 3245 ut
1165 3194 1444 3264 presens
1476 3178 1706 3242 nostra
1754 3169 2032 3239 donacio
2062 3171 2259 3239 robur
2289 3173 2585 3242 obtineat

315 3296 639 3381 perpetue
667 3286 1016 3372 firmitatis,
1061 3292 1405 3373 presentes
1435 3282 1652 3351 eidem
1671 3279 2051 3349 Alexandro
2082 3278 2383 3349 dedimus
2412 3282 2583 3351 litte-

315 3421 436 3469 ras
455 3396 771 3485 duppliey
790 3394 1013 3480 sigillo
1031 3398 1257 3462 nostro
1277 3390 1633 3477 sigillatas.
1667 3390 1910 3457 Datum
1928 3407 2047 3476 per
2067 3407 2300 3457 manus
2319 3388 2585 3458 disereti

316 3508 452 3576 uiri
472 3504 772 3590 Magistri
789 3501 1097 3588 Farkasij
1122 3497 1448 3587 Prepositi
1467 3497 1677 3565 Alben
1685 3497 1781 3564 sis
1806 3494 2033 3564 dilecti
2063 3500 2131 3562 et
2149 3493 2363 3565 fidelis
2381 3497 2586 3565 nostri

314 3636 492 3685 anno
532 3610 799 3680 Domini
839 3612 930 3677 Μ’
951 3608 1082 3678 000
1112 3607 1653 3694 quinquagesimo
1706 3612 1895 3674 sexto
1916 3655 1935 3690 ‚
1987 3603 2213 3691 quinto
2260 3603 2586 3674 kalendas

317 3720 745 3811 Septembris,
777 3718 989 3806 Regni
1019 3724 1239 3786 autem
1270 3714 1478 3785 nostri
1507 3734 1683 3782 anno
1719 3712 2031 3780 vicesimo
2061 3710 2368 3780 seeundo.

317 3922 607 3990 (Etedetie
631 3914 978 3986 bothartyam
1020 3914 1243 3982 melyr61
1268 3929 1304 3966 a
1321 3909 1502 3981 kirssy
1528 3913 1711 3967 hott&
1748 3908 2101 3980 peesetjenek
2139 3908 2396 3963 teredeke
2422 3918 2587 3966 votos

612 4006 1064 4077 selyemzsinoron
1084 4007 1237 4073 fflgg,
1263 4020 1299 4057 a
1320 4004 1486 4057 budai
1511 4003 1612 4055 kir.
1641 4002 1890 4054 kamarai
1917 3995 2300 4068 leveltarban.)

1204 4307 1714 4326 m
