3359 5250
1756 395 2057 404 --η-*κιρ

771 502 976 566 missa
1028 496 1304 565 eandem
1356 499 1683 567 dominam
1705 549 1723 583 ,
1778 499 1883 564 uel
1937 499 2039 565 cui
2090 501 2236 584 ipsa
2288 496 2552 566 domina
2606 499 2687 564 ob
2739 498 3025 567 remedio

777 609 992 674 anime
1024 626 1143 673 sue
1175 606 1464 673 conferre
1496 605 1895 692 dignaretur,
1924 606 2175 674 nullam
2216 605 2583 674 molestiam
2623 628 2741 692 pro
2775 626 3025 692 posses·

775 714 1068 781 sionibus
1119 733 1320 801 supra
1370 714 1559 781 dictis
1611 714 1825 781 facere
1881 712 2215 792 deberent,
2267 733 2387 781 nec
2446 721 2860 799 conarentur,
2913 714 3029 781 sed

776 822 1000 908 pocius
1034 821 1302 904 eisdem,
1335 821 1403 887 in
1436 821 1668 906 quibus
1702 829 1991 908 possent,
2028 821 2344 889 auxilium
2376 829 2442 887 et
2472 820 2778 887 iuuamen
2808 820 3029 888 facere

775 934 1287 1015 assumpserunt.
1341 927 1685 1012 Obligauit
1716 933 1927 996 eciam
1959 950 2032 997 se
2065 928 2297 997 Comes
2329 928 2559 995 Buken
2612 929 2880 1014 propria
2909 948 3029 995 sua

774 1036 1145 1117 woluntaxe,
1178 1033 1354 1118 quod
1373 1035 1787 1121 priuilegium
1821 1037 2077 1103 domine
2110 1036 2338 1104 matris
2369 1055 2488 1103 sue
2518 1055 2636 1124 per
2651 1055 2772 1104 nos
2805 1036 3027 1103 datum

775 1163 918 1210 cum
967 1142 1314 1229 priuilegio
1365 1144 1567 1229 Regis
1617 1144 1775 1211 Bele
1826 1150 2069 1229 quanto
2120 1145 2322 1211 cicius
2373 1150 2599 1231 posset
2642 1144 3029 1212 confirmare

774 1256 1117 1316 teneretur.
1168 1249 1307 1315 Nec
1356 1251 1480 1318 hoc
1527 1253 2087 1337 pretermittimus,
2141 1252 2316 1336 quod
2365 1250 2631 1319 domina
2686 1250 3028 1317 Elisabeth

776 1353 1208 1444 personaliter
1242 1374 1460 1423 coram
1492 1356 1680 1424 nobis
1714 1362 1940 1425 astans
1975 1377 2105 1424 vna
2150 1376 2296 1424 cum
2328 1355 2464 1424 filia
2497 1355 2768 1423 Comitis
2799 1355 3028 1421 Buken

776 1461 1000 1530 Katha
1028 1458 1288 1528 nomine
1320 1468 1513 1549 nepte
1544 1483 1668 1530 sua
1699 1466 2156 1550 possessiones
2189 1482 2392 1549 supra
2419 1461 2717 1549 scriptas,
2749 1482 2919 1546 quas
2948 1481 3028 1528 ex

778 1577 967 1656 parte
1018 1569 1135 1637 filii
1189 1570 1288 1636 sui
1320 1570 1621 1638 recitauit
1652 1592 1725 1638 se
1757 1572 2091 1656 habuisse,
2146 1568 2233 1636 ad
2281 1575 2544 1656 neptem
2594 1589 2779 1636 suam
2811 1568 3029 1635 Katha

774 1677 1056 1765 nomine,
1091 1685 1162 1746 ut
1193 1677 1500 1767 diximus,
1554 1701 1699 1747 cum
1733 1681 2032 1749 omnibus
2063 1677 2513 1746 instrumentis
2546 1676 2704 1761 suis,
2756 1696 2885 1762 que
2914 1677 3021 1743 ha·

777 1782 916 1851 buit
946 1790 1011 1851 et
1043 1786 1258 1859 adhuc
1288 1785 1535 1853 habere
1567 1787 1825 1872 poterit,
1860 1786 2090 1853 statuit
2117 1792 2183 1853 et
2213 1784 2485 1851 donauit
2516 1785 2694 1872 nepti
2725 1803 2845 1851 sue
2874 1803 3028 1871 sepe

774 1894 1108 1960 nominate
1139 1914 1358 1961 coram
1390 1894 1602 1962 nobis.
1658 1897 1744 1962 Vt
1773 1896 1971 1980 igitur
2005 1895 2197 1962 huius
2230 1892 2731 1980 composicionis
2763 1900 2831 1960 et
2860 1891 3019 1960 ordi·

776 1998 1073 2067 nacionis
1126 2000 1391 2090 (series)
1423 2003 1623 2069 robur
1670 2010 1982 2090 perpetue
2020 2002 2346 2069 firmitatis
2398 2000 2712 2086 obtineat,
2764 2020 2885 2067 nec
2914 2021 3027 2087 per

775 2107 1146 2192 quempiam
1197 2129 1506 2195 processu
1558 2118 1921 2198 temporum
1972 2112 2037 2177 in
2089 2109 2338 2177 irritum
2372 2109 2614 2175 waleat
2664 2110 3022 2194 retractari,

777 2213 862 2280 ad
893 2216 1279 2285 instanciam
1313 2225 1378 2286 et
1409 2219 1800 2306 peticionem
1835 2219 2106 2287 Comitis
2139 2218 2370 2286 Buken
2405 2226 2471 2286 et
2501 2217 2764 2284 domine
2803 2217 3025 2285 matris

776 2340 892 2386 sue
923 2330 1264 2407 presentes
1315 2326 1759 2394 concessimus
1808 2325 2011 2412 sigilli
2045 2326 2252 2394 nostri
2284 2326 2538 2392 litteras
2581 2324 3025 2412 priuilegiales

774 2429 1128 2498 munimine
1178 2433 1539 2501 roboratas.
1615 2436 1855 2503 Datum
1909 2456 2080 2502 anno
2131 2435 2395 2503 Domini
2445 2436 2536 2500 Μ0
2585 2432 3023 2501 ducentesimo

774 2556 1210 2621 sexageslmo.

781 2720 894 2771 XV.
924 2718 1057 2772 Bela.
1081 2719 1370 2788 kiralynak
1397 2719 1777 2791 okmzinyabffl,
1805 2727 1943 2791 moly
1971 2726 2151 2778 annak
2177 2722 2562 2792 megertisftsse
2588 2723 2773 2789 vegott
2796 2719 3023 2782 kris-aiut,

1048 2813 1185 2863 mint
1210 2809 1374 2864 alabb
1402 2816 1523 2866 387.
1552 2832 1624 2864 ετ.
1652 2830 1702 2865 a.
1744 2815 1899 2866 Kozli
1927 2813 2075 2866 molt.
2103 2812 2233 2866 bai-6
2258 2817 2306 2866 N
2310 2810 2446 2880 yary
2473 2814 2663 2865 Albert
2692 2811 2774 2879 tir)

1647 3111 1951 3121 ——--...—..-..-
1960 3114 2170 3122 ψ*
