3359 5250
1790 261 1923 329 380

728 463 1011 533 Gozonis
1044 463 1263 531 dilecti
1311 463 1519 530 nostri
1553 463 1714 530 civis
1745 461 2133 549 Anconiani,
2183 461 2445 529 nomine
2480 463 2687 550 ipsius
2720 462 2820 529 sui
2852 460 2975 527 viri

724 574 916 661 plene
947 573 1403 657 deliberantes,
1444 594 1571 659 que
1602 573 1864 660 petebat
1895 574 2025 641 sibi
2056 592 2176 659 pro
2205 571 2380 640 dicto
2412 592 2531 641 suo
2561 571 2727 655 viro,
2766 577 2832 637 et
2862 590 2978 655 per

724 703 869 749 eum
917 681 1104 748 fratri
1157 682 1259 749 sui
1307 682 1430 747 viri
1483 682 1815 749 licentiam
1865 682 2116 749 exiberi
2167 699 2286 769 per
2335 701 2456 749 nos
2507 688 2573 747 et
2621 680 2975 746 Commune

723 790 989 858 Ancone
1038 800 1425 875 nostrosque
1476 810 1903 875 successores,
1958 788 2284 878 capiendi,
2335 786 2858 876 reprehendendi
2910 794 2977 853 et

724 897 1183 967 manutenendi
1234 899 1316 966 de
1363 900 1555 966 bonis
1588 905 1652 965 et
1703 900 1898 966 rebus
1929 898 2261 967 hominum
2297 897 2588 983 Rugusie
2639 915 2843 981 nsque
2891 895 2976 961 ad

725 1011 1153 1093 quantitatem
1203 1008 1622 1096 septuaginta
1673 1007 1987 1075 librarum
2020 1006 2577 1076 Anconitanarum
2627 1026 2744 1091 pro
2776 1006 2972 1072 rebus

724 1116 962 1185 ablatis
997 1117 1170 1186 dicto
1202 1118 1492 1185 Mattheo
1525 1136 1641 1185 suo
1673 1118 1814 1184 viro
1845 1118 1913 1183 in
1944 1118 2243 1185 banzone
2275 1114 2416 1182 sive
2454 1133 2624 1182 nave
2651 1113 2865 1199 Sergii
2894 1114 2977 1179 de

723 1226 1021 1312 Ragusia
1051 1223 1226 1312 apud
1273 1234 1531 1313 portum
1565 1227 2031 1311 Inganatorum
2064 1244 2108 1290 a
2138 1223 2370 1311 piratis
2421 1224 2543 1290 sub
2575 1222 2977 1309 protectione

726 1341 792 1401 et
840 1336 1253 1403 fraudelenta
1303 1337 1664 1421 occasione,
1730 1335 1880 1404 dolo
1933 1341 1998 1402 et
2047 1333 2531 1405 machinatione
2585 1332 2885 1400 adhibita
2935 1353 2978 1398 a

724 1443 1175 1529 prenominato
1208 1443 1436 1529 Sergio
1470 1449 1535 1509 et
1564 1443 1763 1510 sociis
1796 1463 1912 1509 seu
1964 1441 2336 1509 marinariis
2367 1443 2451 1509 de
2488 1440 2785 1526 Ragusia
2815 1440 2976 1507 dicti

725 1551 1036 1620 banzonis
1088 1572 1204 1620 seu
1257 1554 1466 1637 navis,
1521 1559 1715 1639 prout
1763 1552 2099 1638 allegabat
2145 1553 2363 1620 taliter
2413 1571 2561 1618 esse
2605 1550 2974 1637 probatum.

725 1656 886 1724 Cum
917 1660 1270 1726 Commune
1301 1658 1590 1745 Ragusie
1625 1658 1823 1727 fuerit
1854 1664 2334 1743 sequestratum
2362 1678 2479 1747 per
2498 1659 2976 1726 Ambaxatores

725 1773 790 1833 et
842 1764 1099 1834 litteras
1132 1766 1502 1837 Communis
1534 1766 1801 1837 Ancone
1834 1768 1958 1836 stb.
1993 1767 2119 1835 stb.
2168 1764 2241 1855 (a
2271 1767 2418 1834 kert
2468 1766 2791 1853 engedely
2823 1764 2977 1833 neki

723 1874 1157 1961 megadatik.)

1179 2040 1455 2106 (Eredetie
1482 2058 1515 2093 a
1540 2039 1689 2092 becsi
1718 2057 1790 2092 cs.
1819 2040 1921 2091 kir.
1949 2039 2116 2090 titkos
2144 2034 2520 2105 leveltbaeban.)

1601 2328 2110 2338 om*—

1787 2853 1938 2921 269.

729 3034 992 3100 Ancona
1029 3041 1207 3101 υάνοε
1256 3036 1691 3122 hato'sdqdnak
1741 3038 1873 3102 t5bb
1923 3042 2061 3102 ma'e
2106 3036 2332 3122 polqdr
2383 3039 2673 3103 szcimcira
2720 3041 2978 3105 haconlo'

1565 3146 1903 3232 enyede'lye.
1943 3145 2141 3211 1254.

951 3342 1200 3410 Civitas
1232 3345 1505 3411 Ancona
1535 3341 1740 3411 Panlo
1774 3341 2067 3412 Fultroni
2099 3342 2224 3410 civi
2257 3363 2376 3411 suo
2427 3341 2515 3410 ad
2547 3345 2977 3429 quantitatem

734 3457 773 3519 8
806 3450 952 3518 libr.
991 3452 1074 3517 12
1107 3471 1160 3517 s.
1196 3450 1478 3517 admittit
1527 3470 1763 3536 capere
1795 3457 1860 3518 et
1891 3450 2383 3540 apprehendere
2432 3453 2499 3518 in
2546 3452 2977 3539 represaliam

735 3561 818 3627 de
867 3558 1061 3626 rebus
1111 3560 1560 3644 Raguseorum
1624 3581 1744 3646 pro
1795 3562 1989 3628 rebus
2040 3561 2175 3629 suis
2227 3559 2469 3628 ablatis
2517 3562 2974 3630 Bartholomeo

734 3668 1046 3752 Fultroni‚
1100 3687 1265 3753 quas
1296 3667 1353 3735 is
1386 3667 1619 3736 abillo
1670 3668 1903 3737 habuit
1932 3668 2001 3735 in
2051 3667 2660 3736 recommandicium
2713 3667 2779 3734 in
2820 3671 2976 3737 ban·

733 3796 895 3843 zone
925 3773 1140 3860 Sergii
1175 3774 1256 3841 de
1287 3776 1612 3859 Ragnseo.
1649 3774 1777 3842 Die
1808 3777 1869 3843 5.
1906 3783 2183 3843 exeunte
2214 3775 2491 3862 Augusti
2529 3778 2719 3845 1254.

946 3884 1197 3952 Civitas
1228 3886 1501 3953 Ancona
1530 3883 1702 3952 idem
1737 3881 2024 3953 admittit
2057 3905 2137 3952 ex
2169 3884 2370 3953 simili
2401 3905 2603 3953 causa
2644 3886 2976 3955 Benevuto

730 3993 923 4060 Pauli
974 3993 1100 4061 civi
1132 3991 1538 4059 Anconitano
1588 3990 1675 4058 ad
1724 3993 2154 4077 quantitatem
2188 3994 2273 4060 33
2307 4001 2373 4060 et
2418 3991 2731 4060 dimidiae
2780 3995 2974 4062 libra·

729 4123 890 4169 rum.
930 4102 1059 4170 Die
1094 4100 1198 4168 15.
1235 4097 1518 4166 intrante
1547 4099 1946 4186 Septembris
1982 4100 2173 4168 1254.

1087 4301 1190 4368 (Aa
1217 4299 1418 4353 eredeti
1438 4296 1749 4366 okmfinyok
1775 4316 1810 4352 a
1833 4297 1980 4352 becci
2008 4316 2082 4352 es.
2108 4301 2211 4354 kir.
2240 4299 2614 4368 leveltarban.)
