3359 5250
1429 391 1555 456 183

1410 972 1560 1044 119.

364 1149 425 1214 A
456 1154 716 1217 vaovdri
741 1152 1171 1241 kdptalannak
1202 1157 1742 1244 bizonyedqlevele,
1771 1158 1935 1244 hoqy
1957 1154 2163 1221 Βόηθε
2191 1155 2465 1222 Potacha
2476 1157 2616 1239 fid-

362 1258 484 1326 mk
513 1258 952 1349 hdtrahayyott
997 1262 1235 1330 bimoka
1264 1265 1440 1329 irdnt
1468 1264 1619 1330 Isou
1648 1270 1711 1330 e's
1743 1263 2002 1331 Mdv-ton
2039 1275 2257 1330 mester
2288 1262 2614 1350 eyyezked-

1307 1372 1416 1438 tck.
1467 1372 1662 1439 1244.

576 1565 717 1635 Nos
751 1566 1125 1656 Capitulum
1154 1569 1450 1639 Ecclesie
1480 1569 1670 1638 Beati
1701 1569 2041 1639 Michaelis
2089 1569 2172 1639 de
2202 1568 2434 1637 Castro
2465 1569 2611 1636 Fer-

360 1694 471 1743 reo
503 1675 804 1744 omnibus
833 1682 1060 1744 notum
1087 1676 1387 1765 facimus,
1429 1678 1604 1765 quod
1635 1677 1979 1767 Dyonisio,
2029 1678 2166 1749 filio
2196 1678 2508 1764 Potacha,
2542 1678 2610 1744 iu

361 1782 787 1870 expedicione
834 1783 1258 1853 Tartarorum
1310 1792 1582 1872 mortuo,
1635 1785 2075 1874 expeditaque
2121 1792 2298 1853 terra
2334 1804 2456 1852 sua
2490 1804 2610 1870 per

359 1893 508 1959 Isou
529 1911 841 1978 generum
860 1912 1048 1961 suum
1066 1893 1262 1963 factis
1283 1892 1629 1964 duodecim
1649 1914 2013 1962 marcarum
2035 1893 2360 1982 expensis,
2386 1898 2610 1962 contra

359 2000 705 2069 Martinam
755 2000 1161 2087 magistrum,
1218 2002 1332 2087 qui
1382 2012 1622 2072 terram
1674 2003 1951 2070 eandem
2002 2009 2229 2071 eontra
2282 2006 2609 2069 carentem

360 2107 599 2174 herede
648 2128 692 2174 a
739 2106 999 2176 domino
1048 2109 1226 2195 Rege
1256 2109 1585 2196 pacierat3
1639 2129 1785 2176 cum
1830 2106 2162 2197 predictus
2208 2110 2363 2178 Isou
2412 2127 2608 2194 super

360 2214 781 2283 restitucione
830 2233 1266 2302 expensarum
1315 2221 1381 2282 et
1424 2215 1648 2285 vxoris
1698 2235 1816 2284 sue
1860 2223 2115 2303 quarta,
2162 2222 2230 2282 et
2273 2214 2605 2285 ,Iohannes

354 2325 553 2392 frater
603 2325 864 2392 domine
893 2325 1269 2411 Margarete
1315 2324 1535 2393 vxoris
1566 2323 1848 2410 Dyonisi
1880 2324 1962 2393 de
2009 2324 2161 2394 dote
2191 2332 2258 2391 et
2288 2325 2604 2411 sponsali·

356 2433 474 2500 bus
506 2433 750 2503 sororis
777 2454 892 2501 sue
924 2453 966 2500 a
994 2434 1212 2522 priore
1243 2433 1476 2502 marito
1510 2453 1733 2501 secum
1764 2433 2091 2519 adductis,
2130 2433 2603 2519 quinquaginta

356 2541 593 2610 marcis
624 2543 1062 2630 conpensatio,
1115 2549 1180 2610 et
1208 2540 1729 2630 'vigintiquinque
1777 2540 2014 2608 marcis
2047 2562 2090 2608 a
2119 2541 2439 2629 Dyonisio
2470 2540 2600 2610 sibi

351 2650 417 2717 iu
450 2648 605 2718 dote
637 2650 1018 2719 cedentibus
1051 2656 1515 2737 causarentur3
1549 2648 1912 2718 Balduinus
1944 2649 2174 2718 Comes
2207 2649 2422 2717 Castri
2453 2653 2600 2718 Fer·

349 2739 477 2844 rei,
494 2759 607 2843 qui
638 2757 1024 2847 tuendorum
1073 2765 1378 2847 nepotum
1422 2757 1702 2846 predicti
1731 2757 2012 2843 Dyonisi
2044 2777 2087 2824 a
2123 2758 2385 2827 domino
2421 2761 2600 2844 Rege

350 2865 727 2932 mandatum
775 2872 1142 2954 acceperat,
1197 2865 1573 2936 conuocatis
1619 2866 1966 2953 nepotibus
1998 2865 2297 2951 Dyonisi‚
2346 2866 2599 2935 scilicet

349 2972 681 3061 chepano,
701 2973 1397 3060 Dyonisio,Ladislao,
1417 2973 1647 3061 Paulo,
1668 2972 1973 3042 Lorando
2005 2980 2073 3040 et
2088 2974 2384 3059 Nicolao,
2418 2980 2484 3041 et
2514 2974 2599 3041 de

347 3084 784 3169 generacione
814 3100 1033 3150 eorum
1061 3083 1519 3151 Bartholomeo
1551 3081 1687 3151 filio
1719 3084 1958 3168 Moym,
1993 3088 2061 3149 et
2089 3082 2172 3149 de
2202 3080 2600 3167 cognacione

349 3190 701 3260 eorundem
731 3190 1014 3260 Triduru
1049 3192 1318 3279 comite,
1372 3198 1438 3259 et
1471 3192 1788 3278 Achyleo,
1836 3200 1903 3258 et
1949 3190 2033 3258 de
2070 3189 2503 3277 generacione
2534 3195 2599 3257 et

348 3301 751 3385 cognacione
799 3300 1087 3388 ipsorum
1140 3301 1377 3368 ceteris
1416 3302 1736 3384 omnibus,
1789 3308 1857 3368 et
1905 3300 1987 3367 de
2024 3297 2329 3385 Capitulo
2374 3304 2597 3367 nostro

346 3408 722 3493 maioribus,
775 3408 1063 3477 Roberto
1093 3407 1399 3494 Cantore,
1450 3418 1516 3477 et
1549 3409 1767 3476 Micon
1816 3406 2103 3476 Custode
2151 3406 2235 3475 de
2282 3427 2597 3476 consensu

346 3518 632 3583 omnium
679 3522 970 3584 nostrum
1000 3524 1068 3584 et
1105 3516 1189 3585 de
1217 3517 1558 3604 presencia
1587 3518 1838 3604 probys
1868 3515 2027 3583 viris
2059 3536 2254 3600 quam
2283 3515 2596 3602 pluribus,

345 3625 515 3692 hanc
545 3624 631 3692 de
660 3630 839 3692 terra
886 3625 1165 3712 predicti
1195 3624 1477 3714 Dyonisi
1506 3626 1675 3694 iuter
1714 3642 2128 3692 successores
2160 3622 2322 3709 eius,
2373 3622 2459 3689 ad
2492 3623 2598 3690 be·

345 3730 745 3818 neplacitum
799 3738 866 3800 et
912 3752 1259 3801 assensum
1306 3738 1680 3801 cunctorum
1701 3782 1719 3816 ,
1769 3751 1931 3816 quos
1979 3729 2596 3816 prenominauimns,

345 3841 676 3909 ordinauit
703 3841 1282 3930 composicionem:
1317 3841 1509 3921 Quod
1536 3838 1971 3928 prenominati
2008 3845 2283 3925 nepotes
2313 3839 2595 3921 Dyonisi

345 3971 465 4037 pro
514 3951 826 4037 expensis
875 3959 943 4020 et
992 3956 1229 4037 quarta
1266 3949 1666 4034 hereditatis,
1718 3956 1786 4015 et
1832 3946 2168 4032 utriusque
2221 3944 2482 4013 dotibus
2530 3953 2598 4014 et

343 4060 766 4150 sponsalibus
813 4059 1187 4144 antedictis,
1238 4057 1556 4126 dederunt
1599 4058 1759 4125 Isou
1806 4061 1873 4122 et
1919 4054 2131 4123 socrui
2162 4072 2281 4121 sue
2325 4053 2596 4121 terciam

342 4176 597 4259 partem
627 4175 797 4235 terre
814 4166 1096 4254 Dyonisi
1125 4166 1193 4233 in
1217 4165 1491 4254 Oloska,
1527 4171 1594 4234 et
1623 4164 1869 4233 curiam
1902 4162 2041 4230 eius
2059 4159 2128 4229 in
2157 4160 2364 4228 tercia
2380 4169 2595 4249 parte,

342 4284 405 4347 et
434 4278 690 4362 domos,
721 4296 802 4344 ac
833 4274 1112 4359 edificia,
1144 4280 1210 4343 et
1229 4280 1441 4343 ortum
1474 4292 1831 4361 pomorum,
1863 4276 1930 4340 et
1966 4271 2384 4339 medietatem
2401 4270 2596 4340 vinee
2629 4332 2636 4339 .

342 4387 481 4453 eius
514 4403 746 4452 versus
776 4384 1043 4452 vineam
1078 4381 1478 4469 Vysungwd,
1530 4388 1596 4450 et
1625 4383 1911 4468 quinque
1948 4377 2293 4466 mancipia,
2344 4377 2599 4452 scilicet

340 4493 555 4563 Badul
605 4513 752 4561 cum
801 4494 1058 4562 duobus
1105 4492 1263 4579 filijs
1305 4492 1443 4560 suis
1492 4496 1559 4559 et
1587 4509 1835 4571 sorore,
1879 4496 1947 4556 et
1993 4488 2131 4556 filia
2177 4487 2418 4556 sororis
2453 4509 2594 4578 sue,

341 4604 566 4673 omnia
600 4602 745 4672 sine
775 4601 1298 4673 contradiccione
1328 4606 1645 4689 perpetuo
1672 4596 2097 4687 possidenda.
2146 4596 2232 4664 Et
2261 4602 2363 4666 est
2389 4597 2595 4668 tercia

346 4732 526 4801 pars,
576 4732 705 4799 que
735 4711 911 4784 cedit
937 4714 1089 4783 Isou
1119 4717 1187 4781 et
1232 4710 1448 4783 socrui
1485 4724 1625 4799 sue,
1673 4708 1745 4777 in
1774 4727 1905 4779 vna
1948 4707 2274 4797 porcione,
2326 4725 2455 4795 que
2490 4713 2593 4776 est
