3359 5250
1833 375 1921 442 30

738 576 1022 643 continet
1052 575 1335 658 quinque
1367 571 1635 638 cubulos
1668 569 2105 656 Syrmienses,
2154 566 2501 635 dummodo
2533 567 2743 635 fames
2775 567 3004 634 valida

737 704 870 751 non
901 681 1265 766 contingat;
1299 680 1566 764 insuper
1600 683 1664 744 et
1691 696 1889 767 vna-m
1922 676 2260 759 gallinam,
2312 683 2376 741 et
2405 697 2602 741 vnam
2634 676 2999 757 scutellam,

738 798 803 857 et
834 791 998 857 duos
1031 787 1374 870 denarios;
1411 792 1475 852 et
1506 786 1627 851 hec
1659 787 1880 853 omnia
1927 789 2231 851 tenentur
2262 791 2524 868 portare
2555 785 2622 849 in
2651 783 2901 849 Warod
2931 783 3002 849 in

740 897 1021 982 clycium
1052 895 1369 977 Ecclesie,
1425 893 1541 960 sed
1572 912 1703 959 non
1736 899 2035 958 tenentur
2084 893 2362 957 transire
2395 891 2784 957 Danubium.
2837 894 3004 958 Item
3045 922 3050 925 -

742 1004 1133 1072 contulimus
1188 1000 1397 1067 eidem
1429 1000 1727 1065 Ecclesie
1778 997 2028 1079 villam,
2084 1017 2210 1083 que
2241 1006 2515 1064 vocatur
2562 998 2818 1081 Borica,
2877 1020 3003 1083 quc

739 1113 863 1180 fuit
895 1110 1200 1198 Dyonisij
1233 1108 1502 1177 Comitis
1534 1107 1847 1187 Palatini,
1900 1106 2011 1190 qui
2045 1104 2126 1171 de
2157 1106 2366 1189 Regni
2398 1106 2904 1193 dilapidacione,
2940 1114 3006 1173 et

739 1220 1126 1287 infidelitate
1177 1216 1510 1283 euidenter
1543 1223 1642 1282 est
1673 1215 2028 1296 conuictus,
2084 1233 2228 1280 cum
2261 1214 2472 1297 terriS,
2509 1216 2719 1299 aquia,
2774 1216 3004 1300 pratis,

740 1327 1013 1415 piscinis
1047 1334 1112 1393 et
1129 1324 1362 1391 insulis
1396 1324 1482 1389 ad
1516 1321 1794 1388 eandem
1814 1321 2042 1387 villam
2064 1320 2561 1407 pertinentibus.
2599 1320 3005 1391 Contulimus

740 1436 1011 1520 insuper
1043 1432 1256 1501 eidem
1286 1431 1581 1498 Ecclesie
1615 1429 1697 1497 de
1733 1448 2053 1496 consensu
2075 1427 2473 1495 venerabilis
2506 1428 2713 1514 patris
2732 1431 3006 1498 Roberti

742 1539 1210 1625 strigoniensis
1243 1536 1747 1623 Archiepiscopi
1797 1536 2146 1622 plebanias
2196 1536 2534 1620 Vtriusque
2583 1538 2805 1622 l‘esth‚
2858 1558 3005 1604 cum

741 1646 1218 1734 patronatibus,
1252 1653 1316 1710 et
1349 1643 1649 1709 omnibus
1682 1642 2110 1729 prouentibus
2136 1644 2204 1707 in
2240 1641 2508 1709 decimis
2530 1644 2906 1729 maioribus,
2941 1653 3007 1712 et

742 1756 1034 1839 minutis,
1070 1761 1135 1820 et
1165 1751 1462 1839 capellis.
1496 1753 1660 1816 Item
1694 1749 2083 1816 contulimus
2135 1749 2345 1815 eidem
2378 1749 2684 1817 Ecclesie·
2719 1752 3007 1838 quinque

741 1874 1051 1950 tymynos
1114 1861 1352 1927 salium
1406 1858 1758 1926 soluendos
1811 1859 1880 1923 in
1930 1855 2229 1940 Scegued
2278 1857 2614 1922 annuatim
2665 1856 2753 1923 ad
2813 1879 3006 1927 usum

740 1977 1037 2057 fratrum,
1071 1972 1185 2055 qui
1216 1974 1282 2037 in
1314 1970 1538 2037 eodem
1574 1968 1971 2035 monasterio
2012 1975 2510 2034 commorantur.
2547 1969 2745 2036 Porro
2778 1990 3004 2037 omnes

748 2080 1198 2168 possessiones
1250 2084 1628 2165 prenotatas
1662 2076 2049 2143 contulimus
2098 2074 2306 2141 eidem
2339 2075 2631 2142 Ecclesie
2663 2078 2781 2143 tali
2812 2078 3006 2145 liber·

745 2197 918 2256 tate:
952 2194 1022 2255 ut
1052 2188 1283 2275 populi
1315 2207 1428 2253 eas
1459 2185 1924 2268 inhabitantes,
1980 2185 2083 2250 uel
2118 2184 2228 2270 qui
2267 2184 2334 2249 in
2369 2194 2700 2270 posterum
2751 2187 3004 2253 inhabi-

744 2304 886 2363 tare
937 2297 1284 2381 uoluerint‚
1338 2294 1526 2360 liberi
1581 2294 1712 2359 sint
1759 2294 1844 2359 ab
1878 2293 2052 2360 omni
2104 2292 2369 2378 tributo,
2422 2300 2489 2359 et
2536 2297 2888 2363 exaccione
2939 2298 3008 2363 in

747 2410 885 2473 toto
917 2406 1144 2488 Regno
1176 2401 1531 2488 Hungarie,
1564 2421 1688 2468 nec
1722 2400 2007 2467 audeant
2036 2401 2130 2466 ibi
2161 2401 2525 2486 monetarii,
2573 2402 2680 2468 uel
2711 2404 3010 2472 collecto-

746 2533 851 2581 res
887 2510 1302 2591 descendere,
1358 2508 1474 2575 sed
1507 2509 1594 2574 ad
1625 2507 1837 2576 forum
1868 2509 2176 2594 ipsorum,
2231 2508 2396 2574 sicut
2427 2509 2516 2574 ad
2557 2510 2694 2575 alia
2723 2510 2865 2578 fora
2897 2532 3008 2578 ue·

744 2621 887 2688 nire
919 2620 1202 2706 valeant,
1258 2623 1323 2684 et
1356 2637 1542 2684 suum
1575 2614 1859 2682 officium
1908 2615 2100 2684 modo
2135 2615 2355 2684 debito
2389 2637 2712 2685 exercere.
2762 2619 3005 2687 Verum

745 2730 805 2795 si
858 2729 1201 2796 collectam
1231 2728 1372 2792 Rex
1422 2725 1490 2789 in
1536 2725 1764 2807 Regno
1812 2724 2140 2808 indixerit,
2190 2724 2329 2790 sive
2378 2747 2494 2811 pro
2546 2728 3005 2814 redempcione

740 2843 1026 2919 monete,
1065 2853 1191 2919 que
1222 2839 1485 2917 recepta
1513 2852 1645 2899 non
1676 2831 1892 2916 fuerit,
1948 2831 2088 2898 siue
2118 2832 2363 2898 lucrum
2397 2852 2672 2918 camere,
2720 2836 2825 2902 vel
2855 2857 3007 2921 quo·

751 2963 1002 3028 cunque
1035 2942 1166 3009 alio
1199 2939 1462 3007 nomine
1492 2947 1854 3022 censeatur,
1879 2939 2274 3024 j0bagiones
2309 2942 2602 3027 predicte
2633 2941 2932 3010 Ecclesie
2965 2964 3007 3010 a

749 3052 985 3139 Regali
1019 3050 1295 3118 collecta
1342 3048 1600 3135 penitus
1633 3048 1765 3114 sint
1812 3049 2001 3114 liberi
2033 3054 2098 3113 et
2126 3049 2470 3133 immunes,
2523 3052 2639 3117 sed
2685 3053 3005 3120 medietas
3127 3105 3147 3129 .

748 3163 928 3231 illius
983 3158 1389 3244 quantitatis,
1445 3175 1571 3242 que
1603 3156 1690 3223 ab
1723 3156 1872 3222 aliis
1904 3161 2169 3242 recepta
2215 3157 2424 3241 fuerit,
2475 3179 2517 3224 a
2537 3160 3006 3244 jobagionibus

748 3270 1045 3336 Ecclesie
1075 3267 1321 3334 Abbati
1351 3266 1783 3353 persolvatur,
1821 3264 2140 3331 medietas
2175 3284 2327 3334 uero
2368 3266 2615 3334 eisdem
2638 3269 3009 3355 ,iobagioni-

750 3378 871 3443 bus
904 3374 1287 3441 remittatur.
1324 3372 1564 3440 Omnes
1599 3378 1817 3438 autem
1850 3387 2085 3438 causas
2106 3374 2275 3439 inter
2294 3375 2692 3460 jobagiones
2712 3378 3008 3444 Ecclesie

750 3488 1156 3567 emergentes
1208 3477 1492 3546 Curialis
1545 3476 1779 3546 Comes
1829 3479 2041 3565 ipsius
2093 3480 2354 3566 iudicet,
2404 3489 2468 3549 et
2518 3482 2817 3571 decidat;
2877 3485 3006 3553 nisi

747 3590 917 3660 forte
946 3611 1123 3678 pena
1154 3587 1515 3674 sanguinis,
1567 3588 1674 3654 vel
1707 3589 2161 3676 suspensionis
2214 3590 2454 3656 debeat
2490 3595 2800 3681 exerceri,
2852 3595 3007 3680 quia

747 3706 902 3766 tunc
930 3696 1285 3780 exequucio
1334 3696 1661 3763 sentencie
1692 3692 1782 3761 ad
1813 3695 2128 3763 Comitem
2164 3697 2698 3784 Parrochyanum
2728 3701 3008 3787 pcrtine-

749 3807 864 3875 bit.
894 3807 970 3873 Si
1001 3827 1156 3874 uero
1189 3804 1394 3890 aliqui
1425 3801 1509 3870 de
1543 3803 1772 3870 eodem
1812 3805 2157 3891 comitatu,
2210 3806 2279 3872 in
2310 3825 2437 3889 quo
2470 3809 2753 3893 populus
2786 3810 3007 3876 Eccle-

750 3914 847 3982 sie
894 3923 1252 4001 permanet,
1306 3931 1453 3978 cum
1499 3911 1750 3978 eisdem
1800 3931 2017 3979 coram
2052 3911 2303 3978 Gemite
2333 3913 2400 3978 in
2451 3915 2690 3990 causis,
2746 3936 2871 4000 que
2920 3919 3008 3985 ad

750 4021 1022 4091 Comitis
1074 4020 1520 4107 cognicionem
1568 4018 1912 4106 pertinent,
1967 4039 2167 4104 agere
2197 4019 2542 4104 uoluerint‚
2592 4019 2846 4110 Comes,
2896 4027 3010 4093 uel

748 4134 859 4219 qui
890 4134 1031 4199 eius
1062 4131 1242 4198 vices
1270 4129 1568 4214 gesserit,
1618 4146 1750 4193 una
1781 4147 1929 4193 cum
1962 4127 2212 4194 Comite
2244 4127 2490 4195 Curiali
2519 4129 2816 4198 Ecclesie
2846 4131 3010 4200 iudi-

748 4261 899 4309 care
927 4247 1246 4308 teneatur.
1277 4240 1353 4304 In
1386 4237 1679 4321 negocijs
1712 4255 1868 4303 uero
1900 4235 2282 4303 Monasterii
2321 4237 2713 4323 Palatinum,
2763 4240 2871 4307 vel
2901 4235 3011 4310 Ju-

749 4351 959 4418 dicem
994 4347 1263 4432 Regalis
1295 4346 1511 4429 Curie,
1565 4364 1759 4430 quem
1790 4341 2019 4411 Abbas
2060 4344 2384 4430 maluerit,
2435 4343 2524 4410 ad
2556 4346 2697 4413 eius
2747 4351 3012 4434 peticio-

749 4479 899 4527 nem
928 4461 1068 4524 Rex
1115 4455 1427 4542 assignet,
1482 4461 1547 4521 et
1591 4453 1812 4520 nullus
1863 4453 2036 4520 alius
2088 4452 2332 4520 audeat
2380 4454 2696 4523 iudicare.
2748 4458 2821 4525 Si
2862 4461 3008 4542 quis

747 4572 963 4633 autem
997 4583 1140 4629 cum
1172 4563 1453 4648 Abbate,
1486 4564 1591 4630 vel
1622 4579 1822 4649 super
1852 4562 2075 4646 aliqua
2106 4581 2327 4647 eausa,
2378 4582 2505 4647 que
2537 4563 2752 4650 ipsum
2791 4587 3008 4635 mona-

748 4673 1020 4742 sterium
1069 4671 1408 4756 contingit,
1461 4691 1661 4755 agere
1711 4668 2006 4754 voluerit,
2066 4688 2286 4735 coram
2339 4669 2547 4737 altero
2599 4671 3008 4742 solummodo
