3359 5250
1787 414 1805 419 „
1870 323 2019 421 ‘434

827 544 995 591 nem.
1048 521 1413 607 Religionis
1445 519 1705 586 domum
1740 521 2003 589 Domini
2038 525 2407 594 decorantis
2439 522 2895 590 desiderantes
2928 538 3085 603 aug-

825 618 1123 715 mentari,
1175 630 1232 697 si
1263 636 1483 696 nostro
1517 628 1581 693 in
1614 628 1739 694 hac
1788 638 1976 716 parte
2026 634 2290 703 affectui
2340 632 2701 700 contrarius
2730 626 3083 714 quomodo·

819 741 980 807 libet
1031 737 1337 806 succedat
1386 735 1679 824 effectus,
1731 737 2150 808 uehementer
2198 741 2551 810 dolendum
2602 746 2702 806 est
2753 736 2969 821 nobis,
3014 742 3081 801 et

813 851 1143 917 salubrem
1188 847 1365 912 circa
1397 845 1520 913 hoc
1558 843 1872 912 debemus
1921 847 2233 917 adhibere
2287 851 2610 918 medelam
2661 842 3076 915 solicitudine

817 963 1161 1046 oportuna.
1212 952 1388 1019 Sane
1437 952 1603 1018 sicut
1651 953 2025 1040 accepimus
2074 957 2311 1027 dilecto
2363 958 2498 1027 filio
2532 957 2795 1024 Abbate
2846 952 3071 1020 Sancti

812 1064 1073 1133 Martini
1107 1081 1307 1148 supra
1325 1059 1727 1126 Pannoniam
1759 1060 1847 1126 ad
1866 1063 2226 1131 Romanam
2246 1066 2612 1133 Ecclesiam
2637 1064 2815 1130 nullo
2857 1060 3072 1128 medio

811 1169 1193 1261 pertinentis
1223 1166 1489 1235 Ordinis
1521 1167 1743 1233 Sancti
1781 1168 2117 1238 Benedicti
2149 1174 2514 1241 Jauriensis
2548 1172 2851 1240 Diocesis
2900 1170 3059 1236 refe·

813 1288 1013 1366 rente,
1045 1278 1233 1346 Beati
1264 1274 1604 1344 Benedicti
1637 1275 2220 1347 excellentissimus
2252 1282 2410 1350 ordo
2435 1284 2502 1349 in
2534 1283 2756 1366 Regno
2778 1278 3070 1364 Vngarie

812 1398 949 1457 tum
1000 1393 1264 1475 propter
1315 1383 1527 1471 ipsius
1578 1383 1788 1468 Regni
1841 1384 2412 1475 depopulationem
2464 1411 2507 1457 a
2556 1390 2857 1456 Tartaris
2909 1385 3066 1455 olim

814 1497 1081 1582 factam,
1132 1503 1268 1562 tum
1300 1497 1564 1580 propter
1592 1492 1926 1559 Abbatum
1960 1501 2025 1560 et
2057 1497 2518 1566 monachorum
2553 1500 2619 1566 in
2650 1492 3065 1565 monasteriis

815 1604 1106 1673 eiusdem
1124 1602 1334 1686 Regni
1365 1600 1737 1684 degentium
1769 1600 2181 1670 insolentiam
2207 1606 2292 1673 ad
2324 1615 2575 1674 tantam
2606 1601 3064 1673 dissolucionis

812 1713 1142 1780 miseriam
1173 1710 1307 1776 iam
1327 1708 1607 1793 deuenit,
1642 1707 1816 1791 quod
1850 1712 2111 1778 omnino
2134 1714 2376 1799 peribit
2405 1714 2665 1800 ibidem,
2707 1712 2837 1779 nisi
2870 1710 3062 1777 celeri

809 1818 1021 1888 eidem
1069 1816 1358 1883 remedio
1393 1835 1507 1900 per
1538 1814 1846 1880 Diuinam
1896 1819 2307 1887 clementiam
2359 1828 2423 1886 et
2450 1819 2832 1907 Apostolice
2870 1817 3061 1884 Sedis

806 1924 1286 2014 prouidentiam
1322 1928 1717 1989 succuratur.
1758 1923 1944 1990 Vnde
1978 1945 2097 1993 nos
2131 1924 2214 1993 de
2246 1928 2473 1994 eodem
2507 1927 2763 1994 Abbate
2797 1926 3058 2012 plenam

807 2035 874 2100 in
906 2034 1183 2102 Domino
1216 2030 1520 2097 fiduciam
1573 2029 1958 2113 obtinentes,
2010 2032 2295 2118 eligendi
2345 2043 2477 2103 tres
2509 2035 2802 2102 Abbates
2851 2033 3058 2120 ipsius

811 2140 1075 2209 Ordinis
1107 2139 1314 2206 zelum
1346 2138 1685 2221 habenteS,
1736 2138 1945 2224 ipsius
1977 2160 2120 2207 cum
2155 2144 2431 2211 consilio
2462 2149 2527 2209 et
2558 2162 2833 2209 assensu
2867 2140 3056 2227 Capi-

804 2249 922 2316 tuli
970 2246 1132 2315 dicti
1161 2243 1426 2312 Ordinis
1476 2245 1827 2331 generalis,
1882 2264 1963 2312 ac
2012 2268 2144 2315 una
2193 2269 2338 2317 cum
2390 2249 2637 2317 eisdem
2684 2249 3052 2316 Abbatibus

803 2358 1189 2444 regulariter
1224 2353 1554 2436 uisitandi,
1607 2356 1969 2439 corrigendi
2006 2366 2071 2424 et
2101 2357 2497 2426 reformandi
2529 2360 2918 2427 auctoritate
2947 2377 3051 2424 no-

801 2474 941 2534 stra
969 2465 1038 2532 in
1069 2462 1342 2551 prefatis
1379 2461 1793 2532 monasteriis
1826 2469 1960 2531 tam
1995 2464 2064 2532 in
2103 2467 2339 2553 capite,
2392 2487 2588 2552 quam
2622 2467 2689 2533 in
2721 2466 3050 2548 membris,

801 2594 927 2661 que
956 2571 1371 2657 uisitationis‚
1423 2571 1844 2639 correctionis
1876 2578 1943 2639 et
1994 2572 2474 2645 reformationis
2522 2575 2736 2644 officio
2768 2573 3050 2642 uiderint

797 2682 1112 2767 indigere,
1161 2681 1423 2767 plenam
1456 2680 1582 2747 sibi
1615 2682 2057 2749 concessimus
2091 2682 2218 2751 hac
2249 2685 2393 2752 uice
2424 2705 2543 2772 per
2579 2691 2838 2753 nostras
2880 2683 3044 2750 litte-

797 2809 909 2858 ras
956 2790 1017 2857 fa
1029 2792 1353 2858 cultatem.
1408 2788 1731 2868 Quocirca
1763 2789 2181 2859 Vniuersitati
2230 2799 2447 2861 uestre
2499 2813 2618 2881 per
2662 2792 3041 2879 Apostolica

795 2897 1042 2985 scripta
1071 2899 1140 2965 in
1172 2899 1412 2965 virtute
1448 2896 1817 2965 obedientie
1851 2898 2143 2965 districte
2175 2900 2597 2988 precipiendo
2636 2898 3045 2981 mandamus,

795 3013 1116 3093 quatenus
1147 3006 1464 3086 Abbates,
1498 3004 1761 3073 Priores
1794 3025 1912 3072 seu
1946 3008 2321 3093 monachos,
2373 3028 2535 3093 quos
2571 3007 3045 3093 incorrigibiles

791 3116 1133 3200 inuenerit,
1174 3123 1489 3181 eteorum
1522 3112 1619 3179 sic
1669 3112 2081 3197 exigentibus
2131 3116 2341 3202 culpis
2383 3116 2593 3182 dictus
2636 3115 2863 3182 Abbas
2898 3134 3039 3182 cum

793 3223 1042 3291 eisdem
1073 3223 1282 3291 tribus
1314 3221 1683 3289 Abbatibus
1716 3221 1841 3288 sibi
1875 3223 2061 3289 iuxta
2081 3229 2370 3291 tenorem
2412 3221 2853 3292 concessionis
2872 3223 3042 3309 Apo·

790 3331 1019 3399 stolice
1051 3330 1485 3416 adiungendis
1535 3331 1924 3414 regulariter
1955 3332 2283 3418 punierint
2312 3351 2427 3400 seu
2457 3331 2908 3400 constituerint
2934 3331 3031 3413 ,iu-

789 3438 980 3507 sticia
1023 3440 1325 3525 exigente
1365 3438 1559 3522 juxta
1591 3437 1800 3524 ipsius
1836 3438 2101 3508 Ordinis
2152 3440 2473 3527 instituta,
2512 3440 2691 3507 nullo
2740 3439 2936 3506 modo
2970 3438 3039 3504 in

787 3566 910 3614 sua
937 3546 1214 3614 foueatis
1248 3546 1618 3631 rebellione,
1655 3565 1771 3613 seu
1801 3547 1999 3613 etiam
2031 3546 2423 3616 defendatis.
2456 3549 2702 3615 Datum
2732 3547 3034 3631 Anagnis

787 3656 900 3722 VI.
935 3649 1093 3723 Idus
1128 3655 1430 3722 Octobris
1461 3653 1885 3722 Pontificatus
1918 3654 2122 3722 nostri
2154 3675 2329 3723 anno
2362 3654 2668 3722 secundo.

1167 3854 1446 3919 (Ercdetie
1472 3870 1507 3904 a
1531 3853 1921 3920 pannouhalmi
1950 3850 2237 3920 soapatsag
2262 3849 2675 3918 loveltiraban.)

1635 4133 2125 4151 —————-——-'
