3359 5250
1472 400 1602 468 501

618 595 702 660 Et
735 613 859 679 ego
890 597 1104 662 Lucas
1137 594 1546 684 spalatensis
1587 596 1955 665 Canonicus
1993 597 2265 665 Juratus
2297 595 2661 665 Communi·

401 703 557 766 tatis
595 700 719 769 hiis
753 701 1014 769 interfui
1049 711 1116 771 et
1148 703 1229 770 de
1254 705 1593 772 uoluntate
1625 705 1958 792 utriusque
1987 706 2193 794 partis
2232 712 2499 791 rogatus
2536 708 2661 775 hoc

402 810 599 876 breue
637 810 886 897 scripsi.

812 974 1048 1037 (Hiteles
1076 972 1308 1057 masolat
1331 991 1366 1028 a
1390 975 1538 1028 becsi
1564 994 1639 1028 cs.
1667 978 1833 1029 titkos
1858 974 2242 1046 leveltarban.)

1436 1726 1593 1794 354.

387 1907 434 1972 Ι
446 1907 511 1971 V.
547 1907 706 1973 Bela
734 1907 1067 1994 kirdlynak
1098 1934 1138 1973 a
1169 1909 1357 1974 Piliei
1384 1909 1625 1975 vcirnak
1673 1909 2145 1995 enqeddlyezebdt
2172 1931 2235 1973 ea
2266 1908 2652 1994 adomdnydt

553 2018 862 2101 tdrqyazd
879 2017 1334 2103 privileqiuma
1365 2018 1586 2081 Mdv-ia
1616 2016 2244 2103 kirdlyne'szdmdra.
2284 2011 2479 2078 1259.

600 2212 678 2277 In
707 2213 969 2279 nomine
999 2209 1241 2278 Sancte
1265 2212 1614 2280 Trinitatis
1647 2218 1714 2278 et
1731 2212 2080 2280 Individue
2099 2212 2387 2282 Unitatis
2415 2214 2645 2281 Amen.

385 2319 550 2385 Bela
582 2319 707 2385 Dei
737 2321 967 2404 gracia
996 2318 1351 2404 Hungarie,
1403 2322 1765 2407 Dalmacie,
1799 2319 2088 2407 Oroacie,
2137 2310 2642 2410 Rame,'Servie,

388 2425 688 2515 Gallicis,
743 2428 1150 2514 Lodomerie,
1194 2428 1637 2529 Cumanieqqe
1675 2432 1823 2497 Rex
1854 2431 1922 2497 in
1968 2439 2371 2519 perpetuum.
2423 2432 2644 2499 Dona·

389 2537 633 2622 ciones,
688 2558 812 2623 que
863 2558 944 2604 ex
974 2539 1181 2626 Regie
1229 2539 1659 2626 benignitatis
1713 2540 2162 2608 munificencia
2214 2541 2282 2607 in
2332 2559 2647 2629 personas

384 2647 717 2731 quaslibet
749 2647 1186 2733 conferuntur,
1222 2670 1299 2717 eo
1330 2649 1598 2718 firmiori
1632 2648 1876 2716 debent
1904 2650 2138 2718 robore
2168 2650 2469 2736 stabiliri,
2518 2670 2645 2735 quo

383 2754 780 2823 cercioribus
832 2756 1038 2823 claret
1085 2754 1369 2843 indiciis,
1420 2777 1541 2843 per
1573 2777 1690 2826 eas
1739 2757 1950 2843 Regni
1995 2756 2387 2825 utilitatibus
2434 2758 2643 2845 provi-

382 2862 546 2930 deri.
599 2864 684 2929 Et
727 2864 784 2930 si
817 2863 886 2931 id
917 2864 1003 2933 sit
1032 2864 1427 2950 generaliter
1477 2865 1545 2931 in
1575 2864 2052 2934 donacionibus
2102 2865 2499 2950 quibuslibet
2533 2865 2647 2934 ob·

384 2972 803 3058 servandum,
854 2974 1230 3059 specialiter
1278 2981 1498 3043 tamen
1532 2974 1728 3044 debet
1758 2977 1826 3043 in
1867 2976 2335 3043 munificenciis
2386 2982 2454 3042 et
2482 2975 2642 3043 libe-

381 3079 790 3168 ralitatibus,
823 3103 949 3167 que
970 3084 1039 3151 in
1056 3085 1189 3152 vite
1210 3084 1726 3172 inseparabilem
1744 3084 2234 3171 proficiscuntur
2256 3088 2642 3168 consortem,

388 3186 603 3256 modis
635 3191 939 3259 omnibus
958 3192 1304 3260 observari
1326 3216 1342 3278 ;
1375 3192 1715 3280 presertim
1735 3211 1878 3259 cum
1909 3210 2030 3257 nec
2051 3190 2426 3259 donatorem
2446 3212 2645 3279 appa-

379 3304 524 3365 reat
558 3318 639 3378 ex
670 3320 741 3366 re
773 3300 1020 3368 donata
1070 3301 1394 3371 sustinere
1423 3300 1924 3387 incommodum,
1972 3305 2037 3367 et
2068 3300 2481 3369 donatarium
2511 3322 2644 3370 non

381 3414 519 3475 tam
553 3427 766 3493 suam,
805 3429 1004 3494 quam
1036 3411 1247 3495 Regni
1299 3410 1644 3478 utilitatem
1677 3409 1985 3495 consequi
2024 3414 2090 3476 et
2119 3414 2429 3477 tutamen.
2477 3408 2647 3477 Hinc

382 3521 486 3583 est
517 3517 741 3602 igitur,
776 3516 949 3602 quod
983 3538 1128 3585 cum
1149 3527 1298 3605 post
1328 3521 1669 3604 lesionem,
1703 3538 1901 3604 quam
1921 3521 2147 3603 Regno
2180 3524 2400 3587 nostro
2426 3519 2646 3585 intulit

381 3621 741 3689 crudelitas
773 3625 1215 3711 Tartarorum,
1250 3648 1370 3695 nos
1404 3626 1485 3694 de
1517 3628 1728 3712 ipsius
1758 3627 1970 3711 Regni
2007 3625 2437 3710 reparacione
2467 3625 2642 3693 solli·

381 3729 493 3796 citi
544 3737 610 3796 et
662 3732 912 3818 attenti,
961 3734 1030 3800 in
1086 3734 1250 3801 locis
1305 3734 1668 3802 defensioni
1720 3735 2055 3801 hominum
2112 3732 2644 3802 convenientibus

382 3845 604 3906 castra
653 3843 940 3909 construi
991 3841 1374 3928 faceremus,
1410 3844 1756 3910 carissima
1805 3860 2073 3909 consors
2106 3848 2328 3910 nostra
2372 3841 2642 3906 domina

381 3949 598 4015 Maria
626 3949 883 4030 Regina
913 3949 1251 4034 Hungarie
1304 3949 1629 4035 quendam
1663 3948 1990 4017 desertum
2042 3956 2327 4015 montem
2368 3948 2432 4013 in
2468 3947 2640 4013 silva

379 4056 576 4141 Pelys
629 4056 1012 4124 existentem
1037 4110 1055 4143 ,
1120 4079 1238 4144 pro
1295 4066 1509 4126 castro
1565 4058 1999 4127 construendo
2048 4052 2135 4122 ad
2191 4051 2638 4119 defensionem

377 4163 719 4232 viduarum
775 4171 838 4231 et
872 4166 1329 4253 orphanorum,
1384 4187 1425 4231 a
1463 4166 1654 4232 nobis
1708 4166 2028 4232 instanter
2077 4161 2266 4247 petiit
2315 4158 2446 4225 sibi
2495 4155 2638 4224 dari

382 4280 609 4338 contra
659 4273 1093 4342 hostilitatem
1127 4276 1570 4361 Tartaricam,
1610 4294 1736 4357 que
1767 4269 2011 4339 cotidie
2041 4266 2476 4337 formidabilis
2527 4267 2637 4332 im-

379 4379 710 4445 minebat:
745 4402 861 4448 nos
897 4392 1136 4465 autem,
1186 4384 1294 4468 qui
1330 4385 1538 4449 eciam
1574 4382 1723 4449 loca
1753 4360 2123 4446 huiusmodi
2155 4373 2539 4456 BaronibuS,
2574 4379 2640 4438 et

378 4486 533 4552 aliis
564 4487 780 4572 Regni
835 4493 1040 4557 nostri
1074 4489 1377 4558 fidelibus
1425 4488 1873 4571 largiebamur
1905 4505 2022 4569 pro
2074 4481 2394 4549 faciendis
2434 4480 2637 4545 muni-

379 4595 698 4680 cionibus,
752 4600 881 4684 ipsi
916 4601 1199 4667 consorti
1256 4604 1476 4667 nostre
1508 4598 1768 4664 domine
1800 4594 2051 4679 Regine
2100 4594 2386 4659 montem
2433 4589 2635 4656 dona-

375 4703 612 4788 vimus,
652 4724 844 4787 quem
879 4708 1162 4802 petebat.
1197 4709 1272 4774 In
1297 4726 1423 4798 quo
1459 4707 1605 4802 ipsa
1637 4703 1904 4773 domina
1923 4701 2177 4795 Regina
2206 4696 2291 4768 de
2321 4717 2483 4769 auro
2516 4717 2635 4765 suo
