3359 5250
1863 355 1994 424 266

1851 1016 2003 1084 184.

793 1203 967 1268 Ekeh
1001 1203 1144 1282 bein,
1177 1206 1237 1265 e's
1278 1199 1512 1265 Tamds
1549 1199 1902 1281 Oslnalcfia
1937 1197 2056 1263 IV.
2098 1199 2256 1264 Be'la
2286 1198 2496 1283 kirdly
2527 1198 2669 1263 elb'tt
2707 1196 2916 1261 Belud
2940 1196 3067 1263 bir-

1392 1307 1564 1372 tokra
1597 1313 1776 1371 ne'zve
1806 1306 2233 1392 eyyezkednek.
2264 1306 2459 1371 1248.

1010 1506 1148 1571 Nos
1180 1503 1251 1569 B.
1284 1502 1411 1570 Dei
1441 1501 1671 1587 gracia
1700 1504 1844 1571 Rex
1875 1500 2216 1587 Hungarie
2253 1497 2780 1570 commendantes
2826 1517 3065 1566 memo·

796 1613 891 1679 rie
911 1612 1374 1699 significamus,
1412 1608 1590 1693 quod
1610 1609 1998 1677 constitutus
2030 1629 2251 1678 coram
2282 1609 2473 1678 nobis
2499 1608 2774 1676 dilectus
2808 1612 2875 1674 et
2905 1604 3061 1672 fide-

795 1723 879 1788 lis
929 1729 1148 1789 noster
1195 1719 1382 1787 Ekch
1435 1721 1660 1786 Banus
1708 1718 1882 1787 filius
1913 1716 2102 1786 Ekch
2134 1737 2218 1784 ex
2250 1725 2441 1803 parte
2472 1736 2624 1800 una,
2672 1723 2738 1783 et
2770 1715 3060 1781 Thomas

795 1829 965 1896 filius
999 1828 1114 1896 Osl
1145 1847 1228 1894 ex
1260 1829 1491 1907 altera,
1543 1825 1718 1893 idem
1748 1826 1939 1894 Ekch
1995 1826 2231 1894 Comes
2262 1825 2546 1894 asseruit
2595 1842 2817 1894 coram
2868 1822 3061 1891 nobis

795 1943 864 2002 et
893 1934 1084 2018 dixit,
1133 1932 1309 2019 quod
1339 1931 1638 2020 predium
1669 1933 1900 2019 Belud,
1935 1932 2109 2021 quod
2139 1932 2471 2020 predictus
2499 1932 2788 2002 Thomas
2821 1929 3063 2000 Comes

795 2042 1061 2110 racione
1091 2039 1263 2109 dotis
1297 2047 1363 2107 et
1391 2026 1776 2109 iudiciorum
1810 2041 2141 2126 amiserat,
2194 2049 2261 2110 et
2290 2043 2436 2127 ipse
2485 2039 2841 2108 secundum
2892 2038 3063 2107 ordi·

796 2171 944 2218 nem
993 2151 1156 2218 iuris
1208 2150 1515 2234 euicerat‚
1567 2151 1739 2218 sicut
1787 2150 1998 2218 eciam
2047 2151 2222 2218 idem
2273 2151 2561 2219 Thomas
2611 2149 2846 2218 Comes
2888 2148 3061 2216 dixit

794 2277 1013 2325 coram
1061 2257 1273 2341 nobis,
1325 2257 1412 2323 ad
1457 2258 1847 2344 peticionem
1895 2264 1962 2326 et
1992 2257 2382 2327 instanciam
2431 2257 2657 2325 dilecti
2718 2266 2784 2324 et
2834 2255 3053 2323 fidelis

795 2365 1005 2433 nostri
1066 2363 1253 2430 Chak
1300 2364 1603 2449 Magistri
1658 2364 2192 2433 Tawarnicorum
2252 2371 2618 2433 nostrorum
2667 2371 2734 2430 et
2783 2363 3059 2432 Comitis

795 2471 1261 2558 Suprvniensis
1309 2472 1709 2540 reddidisset
1737 2472 1868 2560 ipsi
1903 2474 2151 2542 Thome
2183 2473 2422 2542 Comiti
2471 2473 2593 2541 tali
2624 2472 2843 2556 modo,
2882 2472 3059 2556 quod

794 2580 863 2647 in
896 2579 1148 2649 octauis
1180 2579 1403 2648 Sancti
1421 2578 1766 2649 Michaelis
1799 2599 2018 2649 coram
2050 2579 2354 2668 capitulo
2376 2579 2651 2648 Albensi
2680 2578 3057 2666 sepedictus

793 2688 1082 2756 Thomas
1114 2686 1348 2754 Comes
1380 2687 1568 2755 daret
1596 2688 1727 2774 ipsi
1774 2687 1962 2755 Ekch
1999 2687 2234 2757 Comiti
2266 2689 2502 2775 viginti
2535 2707 2790 2756 marcas
2822 2686 2891 2754 in
2925 2707 3056 2754 mo-

794 2803 948 2863 neta
976 2805 1223 2882 nostra,
1274 2816 1391 2883 pro
1430 2794 1724 2881 qualibet
1772 2816 1998 2862 marca
2036 2804 2182 2865 octo
2214 2815 2479 2885 pensas,
2512 2796 2623 2863 uel
2659 2794 2726 2861 in
2759 2804 3059 2879 argento,

792 2902 978 2970 cuins
1009 2902 1265 2970 decima
1294 2923 1447 2989 pars
1490 2903 1920 2972 comburetur.
1975 2903 2182 2983 Quam
2217 2904 2540 2990 siquidem
2572 2921 2891 2970 summam
2942 2921 3054 2988 pe·

795 3010 983 3077 cunie
1013 3009 1073 3076 si
1102 3030 1181 3079 eo
1215 3010 1321 3078 die
1351 3010 1757 3099 integraliter
1776 3032 1907 3081 non
1932 3014 2238 3096 solueret,
2270 3020 2508 3080 extunc
2539 3013 2607 3079 in
2640 3018 2835 3078 antea
2867 3029 3055 3096 sepe·

790 3113 1005 3183 dictus
1055 3116 1243 3185 Ekch
1275 3116 1507 3186 Comes
1559 3124 1989 3186 memoratum
2040 3117 2341 3205 predium
2371 3117 2579 3186 Belud
2629 3119 2879 3203 absque
2911 3137 3057 3202 pre-

792 3221 1166 3308 pedimento
1197 3223 1423 3309 aliquo
1452 3223 1726 3311 pacifice
1772 3225 2142 3312 possideret
2169 3230 2234 3294 et
2271 3224 2508 3310 quiete.

864 3419 937 3496 (A
957 3418 1414 3475 szekessehervari
1434 3420 1965 3490 bizonysaglevelo'bl
1990 3425 2125 3475 mint
2144 3421 2307 3475 alfibb
2336 3427 2449 3475 194.
2473 3439 2545 3474 sz.
2566 3437 2615 3475 a.
2636 3437 2670 3475 a
2689 3421 2851 3475 budai
2877 3424 2980 3473 kir.

1581 3514 1828 3565 kamarai
1853 3509 2232 3581 levelttirban.)

1665 3798 2163 3810 Ψ.-
