3359 5250
1724 336 1854 400 958

1728 888 1877 957 180.

668 1068 790 1134 IV.
850 1069 1013 1135 Be'la
1061 1071 1394 1157 kirdlynak
1444 1070 1958 1157 Laptdmyyeben
2000 1069 2196 1155 fekvb'
2241 1073 2527 1158 bizonyos
2576 1068 2935 1152 biv-tolcreszt

927 1185 1230 1266 tciryyazo'
1261 1181 1625 1265 adomdnya
1654 1179 1855 1244 Bosin
1885 1180 2092 1263 e'sfiai
2120 1187 2436 1247 sza'ma'ra.
2471 1178 2667 1244 1248.

887 1374 1051 1440 Bela
1082 1374 1205 1440 Dei
1257 1376 1485 1461 gracia
1534 1375 1891 1462 Hungarie,
1943 1376 2305 1460 Dalmacie,
2357 1372 2649 1458 Croacie,
2695 1374 2927 1453 Ramc,

668 1479 922 1564 Seruie‚
978 1479 1277 1566 Gallicie,
1330 1484 1736 1568 Lodomerie,
1780 1483 2220 1568 Cumanieque
2248 1485 2389 1552 Rex
2419 1483 2486 1549 in
2517 1485 2924 1569 perpetuum.

672 1583 997 1654 Omnibus
1028 1586 1272 1656 Christi
1323 1589 1626 1658 fidelibus
1658 1598 1791 1656 tam
1825 1590 2239 1676 presentibus
2280 1609 2476 1675 quam
2506 1586 2736 1655 futuris
2783 1603 2924 1672 pre·

668 1702 921 1762 sentem
952 1697 1267 1782 paginam
1299 1695 1691 1784 inspecturis
1722 1698 2000 1765 salutem
2032 1706 2098 1765 et
2136 1717 2326 1766 omne
2360 1696 2619 1764 bonum.
2652 1694 2757 1761 Ad
2787 1693 2928 1758 vni-

671 1822 1009 1872 uersorum
1039 1803 1345 1870 noticiam
1377 1804 1676 1872 volumus
1697 1804 2059 1890 peruenire,
2094 1801 2269 1889 quod
2288 1803 2514 1890 populi
2546 1801 2630 1870 de
2661 1801 2924 1888 Liptou,

668 1913 892 1998 Bosin,
927 1930 1071 1979 cum
1103 1911 1257 1996 filijs
1289 1911 1424 1978 suis
1450 1911 1773 1994 Sevislau,
1802 1911 2058 1995 Punak,
2096 1911 2344 1994 Milath,
2399 1908 2659 1976 Bohuta
2697 1915 2764 1975 et
2799 1910 2925 1974 Bo·

667 2022 860 2088 buret
910 2019 998 2087 ad
1036 2026 1326 2084 nostram
1377 2018 1762 2085 accedentes
1815 2018 2249 2104 personaliter
2294 2016 2699 2104 presenciam
2729 2013 2925 2082 nobis

668 2124 844 2214 (igy)
886 2124 1361 2193 instantissime
1410 2134 1852 2210 rogauerunt:
1906 2132 1976 2192 ut
2006 2144 2152 2190 cum
2203 2124 2479 2210 quedam
2529 2131 2707 2189 terra
2753 2121 2926 2188 inter

664 2236 863 2302 villas
914 2233 1229 2302 Wrbicha
1279 2240 1347 2301 et
1397 2231 1767 2300 Okolichna
1816 2232 2126 2318 existens,
2171 2233 2260 2299 ad
2299 2251 2483 2299 vsum
2531 2230 2724 2298 trium
2774 2248 2921 2296 ara·

662 2350 908 2411 trorum
961 2361 1004 2409 a
1050 2340 1241 2409 nobis
1290 2342 1613 2426 potuisset
1667 2338 1919 2407 eisdem
1959 2338 2334 2424 condonari,
2383 2337 2627 2406 dictam
2677 2346 2921 2406 terram

663 2449 823 2517 dare
856 2456 922 2516 et
969 2447 1256 2516 conferre
1288 2447 1412 2516 sibi
1446 2446 1886 2533 dignaremur.
1938 2447 2125 2514 Vnde
2175 2465 2320 2514 cum
2349 2446 2638 2513 fidelium
2668 2455 2920 2514 nostro·

660 2577 803 2627 rum
824 2557 1187 2646 peticiones
1221 2555 1566 2625 admittere
1597 2564 1957 2642 teneamur,
2005 2556 2363 2643 predictam
2396 2562 2638 2623 terram
2670 2552 2759 2623 ad
2788 2555 2920 2621 tria

657 2675 882 2734 aratra
913 2666 1336 2735 sufficientem
1358 2666 1607 2750 prefato
1627 2665 1829 2733 Bosin
1861 2685 2006 2731 cum
2039 2666 2194 2752 filijs
2213 2667 2351 2734 suis
2388 2670 2453 2732 et
2483 2684 2709 2732 eorum
2739 2663 2920 2731 here·

662 2775 857 2842 dibus
891 2774 1333 2858 heredumque
1354 2775 1842 2842 successoribus
1873 2810 1960 2821 —·
1992 2811 2082 2821 ——
2111 2809 2199 2821 —-
2230 2810 2318 2821 --
2348 2772 2526 2840 Miko
2560 2772 2645 2839 de
2685 2771 2918 2840 Zolum

656 2882 901 2950 nostris
952 2882 1250 2950 dedimus
1299 2881 1532 2950 litteris
1570 2882 1637 2947 in
1668 2882 2017 2966 mandatis,
2069 2890 2142 2949 ut
2189 2880 2364 2950 idem
2413 2880 2627 2967 ipsam
2675 2886 2918 2947 terram

659 2988 1048 3076 complendo
1099 2990 1181 3057 de
1229 2989 1546 3073 qualitate
1594 2996 1658 3056 et
1697 2990 2058 3074 quantitate
2108 2989 2303 3057 trium
2335 2996 2717 3075 aratrorum,
2769 3007 2919 3054 cum

659 3098 962 3165 omnibus
995 3096 1132 3163 suis
1163 3097 1555 3164 vtilitatibus
1588 3100 1783 3165 certis
1814 3098 2004 3164 metis
2043 3096 2330 3182 Vndique
2360 3095 2757 3179 distinctam,
2788 3102 2918 3161 sta·

654 3210 868 3272 tueret
897 3203 1098 3272 Bosin
1129 3223 1272 3271 cum
1303 3203 1456 3289 filijs
1487 3205 1624 3272 suis
1657 3204 1799 3271 sine
1821 3204 1990 3288 juris
2030 3203 2389 3290 preiudicio
2429 3201 2731 3288 aliorum;
2765 3221 2918 3268 con·

652 3311 1046 3379 tradictores
1078 3331 1256 3396 ver0,
1309 3312 1365 3377 si
1397 3310 1509 3394 qui
1537 3310 1794 3396 fuerint,
1850 3310 1936 3376 ad
1968 3320 2258 3379 nostram
2312 3311 2466 3377 citet
2504 3308 2919 3399 presenciam

654 3418 747 3485 ad
779 3418 1124 3486 terminum
1146 3425 1636 3505 competentem,
1678 3424 1744 3483 et
1774 3420 1945 3484 hanc
1966 3418 2351 3502 qualitatem
2391 3425 2455 3484 et
2486 3417 2916 3502 quantitatem

655 3525 865 3611 ipsius
896 3533 1096 3610 terre,
1132 3544 1212 3592 ac
1233 3544 1457 3591 cursus
1492 3533 1806 3590 metarum
1826 3525 2013 3592 nobis
2046 3545 2164 3611 per
2198 3545 2353 3592 suas
2386 3526 2638 3592 litteras
2657 3543 2910 3591 reman-

654 3633 865 3699 daret.
917 3635 993 3699 In
1026 3632 1259 3716 quibus
1292 3633 1749 3719 conspeximus
1801 3633 2024 3699 taliter
2078 3633 2430 3699 contineri:
2466 3632 2686 3699 Prima
2735 3641 2914 3698 meta

653 3747 826 3809 terre
874 3739 1104 3826 incipit
1155 3759 1196 3805 a
1244 3739 1444 3806 fluuio
1497 3739 1711 3825 Wagh
1736 3793 1754 3825 ,
1803 3738 2079 3807 Chemec
2126 3740 2361 3807 fluuius
2418 3739 2529 3806 ubi
2577 3739 2781 3806 intrat
2827 3757 2912 3804 ex

652 3849 865 3915 altera
895 3856 1081 3934 parte
1114 3846 1296 3933 flunij
1316 3847 1550 3933 Wagh,
1589 3857 1816 3914 contra
1848 3868 1929 3915 ex
1960 3848 2094 3914 ista
2125 3854 2313 3933 parte
2346 3854 2523 3915 stant
2558 3854 2693 3915 tres
2724 3847 2912 3915 arbo·

652 3975 760 4022 res
794 3954 1020 4023 salicis
1074 3956 1262 4039 quasi
1293 3957 1362 4021 in
1394 3957 1611 4022 insula
1645 3976 1955 4022 venarum
2004 3975 2172 4040 aque
2205 3954 2536 4041 ejusdem3
2589 3956 2742 4021 inde
2777 3956 2916 4022 exit

653 4069 722 4128 et
741 4062 1042 4148 procedit
1064 4061 1308 4129 directe
1326 4082 1444 4148 per
1464 4082 1762 4149 campum
1785 4063 1873 4129 ad
1893 4063 2160 4129 fluuium
2185 4062 2508 4129 Verbiche
2526 4062 2616 4128 ad
2637 4070 2913 4150 septem-

651 4169 951 4256 trionem,
986 4171 1094 4238 vbi
1129 4192 1171 4237 a
1190 4173 1520 4238 Zelesrew
1540 4193 1890 4258 parumper
1922 4173 2224 4258 superius
2246 4194 2327 4240 ex
2360 4172 2492 4239 ista
2521 4181 2709 4259 parte
2740 4192 2914 4255 aque

652 4283 804 4345 sunt
838 4275 963 4345 due
996 4278 1217 4346 salicis
1264 4279 1568 4364 arbores;
1625 4279 1781 4345 inde
1811 4279 2106 4365 procedit
2135 4277 2383 4346 directe
2414 4284 2481 4346 et
2510 4279 2807 4347 ascendit
2839 4280 2910 4346 in

650 4391 937 4454 montem
972 4384 1058 4450 ad
1088 4384 1385 4452 arborem
1420 4385 1806 4471 pomiferam
1841 4386 1906 4453 in
1938 4406 2169 4471 campo
2218 4387 2340 4453 sub
2373 4386 2617 4452 vertice
2649 4388 2908 4472 montis,

652 4492 776 4559 sub
828 4512 956 4576 quo
989 4497 1089 4559 est
1124 4527 1805 4541 ——————
1838 4491 2162 4560 Chewisie
2209 4492 2427 4579 posita
2458 4513 2602 4561 cum
2653 4492 2913 4562 duabus

649 4599 941 4683 auribus,
977 4605 1040 4665 et
1059 4609 1366 4686 cooperta
1386 4618 1530 4665 cnm
1553 4600 1781 4685 patina
1800 4599 2016 4667 ferrea
2035 4625 2050 4685 ς
2085 4599 2323 4668 deinde
2345 4600 2640 4688 procedit
2662 4600 2911 4670 directe
