3359 5250
417 1106 476 1172 A
507 1108 679 1193 pe'csi
704 1107 1128 1195 kdpealannalc
1157 1106 1686 1193 bizonysdqlevele,
1723 1107 1886 1191 hoqy
1918 1128 1958 1169 a
1984 1104 2252 1170 Lb'rimz
2269 1101 2660 1169 Hadrichmk

609 1215 710 1299 fia
737 1221 800 1281 e's
828 1214 1020 1280 Nana
1050 1236 1245 1281 comeo
1274 1215 1434 1280 ko'zti
1457 1236 1633 1300 peres
1663 1219 1793 1301 ἄρῃ
1822 1214 2214 1279 elintektetctt.
2254 1210 2449 1277 1255.

1051 1392 1110 1458 A
1518 1393 1572 1459 B
1989 1390 2041 1459 C

635 1556 860 1624 Yurko
911 1554 1291 1642 Propositus
1322 1554 2040 1640 Quinqueecclesiensis
2087 1554 2504 1639 eiusdemque
2534 1555 2661 1623 loci

422 1666 792 1753 Capitulum
843 1664 1140 1735 omnibus
1189 1682 1458 1750 presens
1489 1662 1798 1749 scriptum
1848 1664 2256 1731 cernentibus
2286 1664 2562 1730 salutem
2595 1663 2663 1729 in

419 1776 717 1845 Domino.
772 1774 878 1841 Ad
907 1773 1354 1840 vniuersorum
1397 1777 1533 1839 tam
1565 1771 1966 1858 presencium
2017 1791 2212 1857 quam
2263 1781 2663 1858 posterorum

418 1883 728 1952 noticiam
759 1891 983 1952 tenore
1013 1881 1424 1969 presencium
1475 1880 1774 1948 uolumus
1806 1879 2131 1965 deuenire,
2173 1881 2345 1964 quod
2374 1882 2662 1950 Jaeobus

422 1990 751 2079 quondam
801 1990 975 2058 filius
1022 1989 1310 2075 Hedricy
1367 1996 1589 2057 nostra
1638 1988 1971 2057 confessus
2028 1996 2129 2057 est
2174 1989 2242 2057 in
2301 1990 2661 2075 presencia,

421 2098 599 2187 quod
651 2099 957 2185 quicquid
990 2097 1387 2166 Laurencius
1436 2099 1725 2166 uterinus
1772 2096 1970 2164 frater
2017 2096 2226 2183 ipsius
2274 2118 2423 2165 cum
2471 2098 2666 2165 Nana

427 2207 679 2277 Comite
699 2226 898 2294 super
926 2225 1148 2291 causa,
1182 2226 1309 2291 que
1337 2206 1504 2273 inter
1534 2225 1645 2274 eos
1672 2205 2044 2273 uertebatur
2076 2225 2196 2292 pro
2215 2205 2378 2294 ipsis
2411 2205 2660 2273 duobus

421 2324 614 2386 sexta
642 2315 807 2385 feria
837 2322 990 2384 ante
1007 2315 1417 2385 Dominicam
1448 2316 1516 2382 in
1538 2315 2152 2402 Ramispalmarum,
2187 2322 2253 2384 et
2282 2315 2346 2382 in
2375 2314 2662 2383 secunda

418 2426 776 2494 inmediate
824 2425 1265 2513 subsequenti,
1317 2444 1437 2493 nec
1486 2445 1614 2492 non
1662 2425 1730 2491 in
1781 2427 2065 2492 crastino
2118 2423 2341 2492 Sancti
2393 2423 2630 2508 Georgi
2628 2424 2658 2508 j

423 2532 861 2619 ordinauerat,
911 2540 1123 2601 ratum
1176 2533 1464 2600 habebat
1495 2540 1561 2600 et
1581 2532 1864 2600 firmum.
1914 2532 2263 2602 Confessus
2310 2539 2409 2602 est
2454 2533 2663 2600 eciam

421 2665 543 2732 pro
572 2663 647 2713 se
677 2652 744 2712 et
772 2665 891 2733 pro
921 2645 1064 2732 ipso
1088 2643 1451 2711 Laurencio
1481 2643 1549 2710 in
1580 2651 1815 2711 octaua
1852 2643 2284 2729 Pentecostes‚
2316 2643 2501 2734 ‚quod
2519 2663 2663 2711 cum

422 2753 553 2839 ipsi
570 2753 788 2823 dotem
816 2773 936 2821 sue
955 2752 1214 2838 sororis,
1247 2751 1472 2820 relicte
1491 2751 1731 2820 nobilis
1753 2752 1876 2821 viri
1897 2754 2110 2822 Pouse
2130 2751 2416 2841 Comitis,
2457 2753 2664 2839 patris

420 2862 611 2929 Naue
643 2861 911 2931 Comitis
960 2860 1207 2929 ibidem
1254 2860 1594 2949 presentis,
1643 2882 1791 2929 cum
1839 2861 2207 2930 hominibus
2245 2862 2342 2929 XI
2392 2861 2663 2944 sanabo,

421 2971 787 3057 Nycholao‚
823 2973 1037 3051 Petro,
1069 2968 1437 3054 Chenkuez,
1477 2968 1820 3056 Crachino,
1858 2969 2041 3038 Boda
2071 2976 2137 3036 et
2164 2967 2504 3038 Dominieo
2536 2989 2664 3035 ma-

421 3082 622 3166 ribus,
674 3080 871 3164 Rusa,
919 3079 1159 3165 Pucha,
1206 3079 1445 3164 Mycha
1492 3085 1559 3146 et
1587 3077 1882 3145 Elisabet
1925 3076 2325 3161 mulieribus,
2375 3082 2441 3142 et
2468 3076 2662 3142 rebus

421 3188 578 3274 alijs
608 3206 824 3256 secum
856 3187 943 3255 ad
974 3186 1216 3255 dictum
1247 3188 1527 3256 Pousam
1557 3185 1891 3269 traductis,
1951 3204 2198 3251 necnon
2232 3185 2440 3252 eciam
2487 3184 2659 3271 alijs,

421 3317 549 3383 que
579 3296 729 3383 ipsa
777 3294 1044 3365 domina
1073 3295 1157 3362 de
1188 3294 1426 3379 Bozna,
1479 3314 1598 3361 suo
1628 3312 1776 3359 cum
1807 3292 1942 3360 filio
1982 3292 2329 3360 Kartherio
2381 3293 2661 3374 nomine,

418 3407 622 3474 fratre
674 3404 881 3490 ipsius
930 3404 1122 3470 Nane
1152 3402 1443 3488 Comitis,
1502 3401 1632 3489 ipsi
1667 3401 1860 3468 Naue
1914 3398 2149 3468 Comiti
2195 3401 2661 3485 transmiserat,

423 3515 512 3582 ab
565 3512 792 3581 eodem
821 3511 1017 3578 Nana
1047 3510 1299 3580 Comite
1328 3517 1714 3597 repeterent,
1765 3511 1909 3597 ipsc
1940 3510 2137 3579 Nana
2164 3511 2396 3580 Comes
2443 3531 2665 3579 secun-

424 3623 578 3689 dum
609 3619 1156 3708 composicionem
1186 3619 1535 3707 proborum
1553 3619 1839 3686 virorum
1872 3618 2039 3686 inter
2068 3638 2182 3687 eos
2220 3618 2664 3704 mediatorum,

420 3730 660 3816 viginti
690 3736 942 3816 septem
972 3748 1229 3796 marcas
1260 3730 1642 3817 persoluens
1674 3728 1759 3796 de
1789 3735 2080 3816 argento,
2119 3747 2354 3796 aureos
2376 3730 2665 3797 mantelii

420 3838 712 3924 taxillos,
748 3845 989 3906 sertum
1019 3846 1086 3905 et
1116 3837 1503 3922 affixorium,
1540 3837 1703 3907 duos
1734 3840 1966 3906 anulos
1997 3838 2081 3905 de
2109 3857 2291 3923 auro,
2342 3842 2401 3904 et
2434 3838 2663 3907 chorti-

421 3970 600 4034 nam,
621 3947 1027 4016 restituendo
1060 3947 1253 4016 dictis
1281 3948 1611 4033 fratribus,
1647 3956 1716 4016 et
1733 3967 1928 4035 super
1960 3948 2286 4015 iamdictis
2316 3948 2411 4014 XI
2443 3948 2665 4036 capiti-

423 4059 548 4126 bus
580 4057 909 4124 hominum
940 4057 1035 4123 ita
1067 4055 1449 4142 ordinando,
1502 4056 1676 4143 quod
1709 4056 1937 4126 solutis
1969 4057 2130 4124 XIII
2162 4058 2397 4124 marcis
2449 4057 2532 4123 de
2562 4078 2660 4124 ar-

422 4170 620 4250 gento
652 4164 841 4230 Naue
873 4162 1111 4230 Comiti
1157 4164 1243 4230 ab
1272 4164 1478 4251 ipsius
1528 4165 1810 4232 seruicio
1842 4170 2029 4230 erunt
2072 4164 2304 4249 libera,
2353 4164 2502 4232 dum
2534 4168 2665 4251 qui-

423 4274 589 4340 libet
617 4291 841 4341 eorum
870 4294 989 4360 pro
1022 4293 1144 4341 sua
1172 4279 1320 4340 rata
1348 4274 1565 4342 soluat
1596 4273 2116 4359 quandocunque
2163 4275 2405 4360 poterit
2435 4276 2519 4343 de
2549 4276 2668 4344 illa

422 4382 704 4469 pecunia
734 4402 917 4449 suam
949 4388 1224 4469 partem,
1257 4381 1504 4451 eisdem
1536 4381 1851 4449 fratribus
1882 4383 1979 4449 ita
2008 4383 2300 4470 plenarie
2338 4380 2668 4450 satisfece-

423 4496 592 4574 runt,
625 4490 802 4574 quod
831 4510 951 4558 nec
982 4491 1111 4577 ipsi
1142 4490 1398 4579 fratres,
1432 4511 1551 4558 nec
1584 4491 1753 4558 alius
1786 4489 1870 4557 de
1901 4491 2336 4576 generacione
2355 4490 2667 4578 ipsorum,

424 4617 697 4684 presens
725 4600 834 4667 uel
868 4599 1118 4668 futurus
1150 4600 1366 4687 ipsum
1396 4599 1655 4668 Nanam
1687 4598 2022 4687 Comitem,
2077 4599 2186 4667 uel
2218 4597 2358 4666 eius
2396 4596 2669 4666 heredes

422 4716 490 4777 et
521 4716 840 4796 cognatos
890 4709 1142 4777 ualebit
1171 4709 1241 4776 in
1273 4715 1604 4796 posterum
1655 4728 1852 4795 super
1898 4708 2029 4776 iam
2062 4707 2251 4777 dictis
2299 4708 2668 4777 conuenire.
