3359 5250
1296 308 1518 404 --401

332 500 587 565 octauis
651 499 1141 568 Purificacionis
1188 502 1389 568 Beate
1439 499 1731 586 Virginis
1791 522 1961 569 anno
2012 502 2272 571 Domini
2331 506 2418 572 M.
2450 503 2573 574 CC.

328 606 875 694 'quinquagesimo
906 609 1155 694 quinto.

332 787 614 853 (Erodetie
635 788 982 858 δόὡᾶι-ιγέιι,
1005 805 1041 843 a
1065 790 1237 858 sugg&
1251 789 1496 859 peccetis
1512 788 1628 845 mfir
1651 792 1925 855 elvoszett,
1943 808 1979 846 a
2000 792 2256 847 Meszleni
2279 794 2571 849 knsbirtos·

332 883 435 948 mig
453 880 821 936 leveltarziban
841 883 951 936 Vas
970 879 1366 951 varmegyeben
1389 903 1403 948 ς
1429 884 1643 938 Βὸιῦἰῑο
1662 886 1799 938 Tek.
1819 884 1990 953 Ajkas
2008 881 2209 954 Katoly
2229 885 2441 954 tlgyved
2465 884 2569 955 dr.)

1370 1641 1524 1711 285.

317 1825 429 1889 ΑΖ
461 1826 820 1910 eszterqami
844 1823 1270 1911 Icciptalannak
1300 1825 1833 1912 bizonysciqlevele,
1879 1826 2037 1913 hoqy
2067 1823 2242 1912 Guqe
2284 1824 2566 1893 Pe'temek

303 1934 412 2017 fia
442 1938 505 1997 e's
537 1932 776 1999 Ldszld
806 1933 1222 2017 Adorjdnnak
1253 1935 1358 2018 fia
1386 1933 1616 2000 Sarovi
1660 1934 2058 2001 birtokuknak
2092 1940 2281 2001 re'szdt
2314 1935 2564 2003 Lukdcs
2664 1942 2671 1949 '

921 2041 1196 2128 Buqard
1208 2043 1439 2126 fidnak
1465 2042 1731 2109 aadmk.
1771 2041 1965 2108 1255.

541 2236 877 2325 Philippus
909 2236 1286 2326 Propositus
1342 2247 1411 2307 et
1439 2239 1811 2327 Capitulum
1840 2238 2306 2327 Strigoniensis
2342 2240 2557 2310 Eccle-

318 2346 425 2413 sie
457 2347 755 2415 omnibus
797 2346 1039 2415 Christi
1085 2348 1380 2418 fidelibus
1428 2351 1835 2438 presencium
1881 2350 2186 2420 noticiam
2240 2349 2560 2419 habituris

313 2455 603 2524 salutem
654 2455 720 2521 in
753 2457 1030 2526 Domino
1079 2458 1240 2526 Jesu
1290 2457 1570 2527 Christo.
1619 2459 1724 2527 Ad
1762 2460 2207 2528 vniuersorum
2254 2458 2558 2527 noticiam

317 2564 555 2632 harum
586 2564 757 2632 serie
787 2563 1081 2633 volumus
1115 2564 1478 2653 peruenire,
1516 2564 1692 2651 quod
1724 2565 2088 2635 constitutis
2124 2564 2189 2631 in
2221 2566 2558 2655 presencia

314 2680 548 2742 nostra
579 2670 1007 2761 personaliter
1031 2674 1220 2759 Guge
1249 2673 1383 2742 filio
1403 2674 1583 2742 Petri
1615 2674 1700 2742 de
1717 2673 1881 2742 uilla
1897 2675 2129 2760 Balan,
2163 2682 2229 2742 et
2247 2673 2558 2744 Ladizlao

311 2783 455 2849 filio
492 2780 768 2850 Adriani
815 2780 1016 2849 fratre
1062 2801 1182 2851 suo
1231 2803 1312 2849 ex
1360 2803 1492 2850 vna
1521 2789 1728 2871 parte,
1779 2782 1957 2850 Luca
1999 2780 2131 2852 filio
2162 2784 2426 2869 Bugard
2473 2784 2557 2852 de

310 2894 525 2960 Sarov
557 2890 641 2956 ab
672 2889 918 2976 altera3
976 2888 1131 2958 dicti
1165 2892 1353 2977 Guge
1386 2900 1452 2959 et
1481 2891 1831 2961 Ladizlaus
1863 2900 2101 2960 terram
2150 2912 2338 2961 suam
2375 2893 2553 2961 here-

312 3000 622 3068 ditariam
656 3000 741 3070 ad
775 3019 892 3067 sex
943 3007 1164 3067 aratra
1193 2999 1641 3090 sufficientem,
1693 3021 1888 3087 quam
1918 3000 2251 3070 habebant
2283 3002 2350 3069 in
2383 3009 2555 3069 terra

312 3113 548 3195 δαῖον,
580 3127 724 3177 cum
775 3106 1026 3176 duobus
1078 3108 1467 3178 molendinis
1497 3108 1565 3175 in
1595 3108 1826 3177 eadem
1876 3114 2051 3176 terra
2098 3108 2263 3194 sitis,
2315 3115 2380 3177 et
2410 3127 2553 3175 cum

309 3217 550 3302 insula,
585 3235 846 3285 nemore
877 3221 942 3283 et
970 3215 1184 3286 feneto
1215 3217 1303 3285 ad
1334 3217 1609 3285 eandem
1637 3223 1879 3284 terram
1901 3216 2371 3304 pertinentibus
2402 3236 2551 3285 ven·

312 3326 621 3394 diderunt
651 3325 906 3412 prefato
936 3326 1112 3393 Luce
1160 3332 1226 3395 et
1255 3326 1545 3395 eiusdem
1575 3326 1921 3396 heredibus
1952 3346 2031 3394 ac
2061 3326 2367 3394 heredum
2416 3346 2554 3393 suc·

310 3435 687 3504 cessoribus
718 3434 860 3501 iure
889 3441 1205 3522 perpetuo
1236 3434 1702 3523 possidendam
1722 3455 1839 3522 pro
1871 3433 2357 3518 quatuordecim
2389 3453 2552 3500 mar-

309 3545 409 3611 cis
441 3541 721 3630 argenti,
755 3561 920 3626 quas
951 3541 1078 3630 ipsi
1109 3539 1298 3629 Guge
1329 3552 1394 3610 et
1424 3533 1779 3610 Ladizlaus
1817 3541 2098 3611 confessi
2146 3550 2295 3610 sunt
2333 3542 2554 3628 plena-

309 3652 409 3720 ric
438 3650 768 3738 recepisse
799 3670 1017 3720 coram
1048 3651 1276 3739 nobis3
1328 3659 1393 3718 et
1424 3650 1881 3735 obligauerunt
1928 3670 2001 3720 se
2032 3648 2229 3717 iidem
2269 3651 2458 3737 Guge
2487 3657 2552 3718 et

306 3760 680 3847 Ladizlaus,
733 3769 804 3828 ut
835 3760 1047 3846 ipsum
1079 3759 1321 3825 Lucam
1355 3763 1421 3825 et
1453 3757 1745 3826 eiusdem
1777 3777 2183 3828 successores
2232 3758 2317 3825 ab
2349 3757 2549 3828 omni-

311 3872 437 3937 bus
470 3867 730 3937 racione
752 3874 1104 3936 memorate
1134 3875 1308 3936 terre
1338 3867 1646 3955 impetere
1665 3887 1780 3935 seu
1800 3867 2145 3934 molestare
2182 3864 2549 3936 volentibus

311 3976 662 4045 defendere
692 3984 758 4044 et
788 3975 1098 4064 expedire
1149 3976 1357 4044 modis
1392 3976 1690 4044 omnibus
1719 3978 2123 4044 tenebuntur.
2173 3974 2315 4043 Hoc
2345 3973 2548 4042 eciam

307 4087 590 4174 adiecto,
641 4087 814 4173 quod
845 4086 1138 4174 prefatus
1170 4089 1357 4154 Luca
1387 4085 1596 4173 ipsam
1646 4093 1888 4153 terram
1919 4084 2083 4151 nulli
2120 4084 2233 4151 alii
2269 4083 2549 4152 vendere

307 4198 417 4264 vel
450 4196 743 4283 obligare
772 4199 894 4266 sub
923 4195 1112 4265 titulo
1142 4194 1439 4283 pignoris
1471 4194 1728 4282 poterit,
1766 4193 1897 4261 nisi
1929 4195 2113 4279 Guge
2146 4199 2211 4260 et
2239 4192 2547 4262 Ladizlao

310 4304 726 4395 supradictis,
778 4306 837 4374 si
875 4304 1084 4391 ipsum
1137 4304 1379 4372 Lucam
1429 4304 1792 4372 necessitas
1842 4308 2101 4388 vrgeret
2148 4301 2251 4369 vel
2303 4301 2547 4368 vtilitas

311 4415 666 4501 induceret,
700 4434 816 4483 seu
834 4413 1158 4482 voluntas.
1190 4413 1276 4479 Vt
1294 4410 1494 4498 igitur
1522 4412 1711 4480 huius
1731 4408 2133 4479 vendicionis
2163 4430 2243 4476 ac
2272 4409 2548 4497 empcio-

310 4525 411 4592 nis
443 4525 651 4593 series
705 4525 893 4592 salua
926 4542 1182 4609 semper
1213 4527 1277 4588 et
1305 4522 1693 4590 inconcussa
1727 4524 2118 4608 perseueret,
2168 4539 2290 4586 nec
2339 4518 2549 4607 possit

309 4634 394 4702 ab
424 4635 643 4720 aliquo
692 4632 1022 4702 hominum
1054 4631 1121 4698 in
1153 4635 1479 4719 posterum
1513 4629 1868 4715 retractari,
1917 4625 2005 4695 ad
2037 4625 2425 4714 peticionem
2465 4628 2542 4696 G.

315 4773 518 4812 noxum.
555 4772 717 4811 nmw.
754 4772 892 4810 utsr.
969 4771 1111 4808 mrn.
1155 4780 1225 4790 -
1269 4759 1330 4800 ιθ.
2139 4746 2218 4804 26
