3359 5250
1368 384 1502 453 365
1619 455 1635 476 .

309 583 392 651 de
424 583 662 671 quibus
711 583 951 672 aliquis
1001 584 1316 651 hactenus
1363 603 1492 652 uon
1525 580 1841 671 percepit,
1893 582 2036 649 sive
2066 581 2148 651 de
2194 586 2557 652 vestrorum

305 693 688 762 animalium
738 692 1176 778 nutrimentis,
1229 691 1447 759 nullus
1480 712 1523 758 a
1559 691 1748 759 vobis
1797 689 2087 759 decimas
2134 693 2403 778 exigere
2453 692 2558 759 vel

304 809 692 887 extorquere
721 808 1070 891 presumat.
1123 801 1355 868 Liceat
1386 819 1644 886 quoque
1675 799 1866 868 vobis
1903 799 2176 868 clericos
2214 802 2318 868 vel
2352 800 2558 869 laicos

304 911 547 979 liberos
577 918 644 978 et
674 909 1030 993 absolutos,
1064 928 1101 977 e
1129 909 1352 978 seculo
1382 909 1729 995 fugientes,
1774 906 1861 975 ad
1894 909 2384 977 conversionem
2405 909 2558 977 reci·

301 1039 479 1107 pere,
533 1028 598 1087 et
628 1037 746 1087 eos
777 1018 1026 1103 absque
1075 1015 1591 1087 contradictione
1625 1016 1852 1102 aliqua
1901 1016 2199 1086 retinere.
2252 1016 2559 1085 Prohibe-

302 1146 450 1194 mus
469 1125 754 1215 insuper,
791 1133 861 1194 ut
892 1126 1056 1195 nulli
1085 1125 1358 1194 fratrum
1378 1130 1744 1193 vestrorum
1776 1123 2053 1212 posthac
2076 1124 2147 1193 in
2163 1124 2560 1197 Honasterio

301 1241 528 1304 vestro
575 1234 872 1323 professo
920 1233 1025 1305 fas
1075 1235 1185 1324 sit,
1235 1234 1379 1303 sine
1429 1233 1709 1303 Abbatis
1740 1232 1846 1302 sui
1896 1234 2167 1304 licentia
2216 1232 2299 1304 de
2329 1235 2559 1305 eodem

299 1344 450 1413 loco
480 1340 838 1431 discedere,
876 1342 1005 1410 nisi
1040 1342 1340 1413 arctioris
1385 1341 1724 1430 religionis
1755 1343 2062 1430 obtentu3
2114 1341 2558 1414 discedentem
2599 1405 2612 1418 .

298 1469 461 1520 vero
493 1450 743 1537 absque
775 1451 1209 1520 communium
1241 1450 1606 1522 litterarum
1641 1455 2010 1519 vestrarum
2040 1448 2361 1537 cautione,
2412 1451 2552 1520 nul-

297 1558 408 1626 lus
441 1557 684 1627 audeat
733 1558 1034 1628 retinere.
1093 1560 1255 1628 Cum
1295 1566 1512 1629 autem
1565 1558 1876 1645 generale
1925 1557 2337 1629 interdictum
2383 1565 2557 1628 terre

298 1664 520 1754 fuerit,
554 1667 753 1736 liceat
785 1667 973 1736 vobis
1001 1666 1248 1737 clausis
1268 1667 1518 1756 januis,
1557 1666 1845 1736 exclusis
1874 1665 2454 1736 excommunicatis
2492 1674 2558 1735 et

299 1774 691 1863 interdictis,
744 1795 877 1844 non
924 1776 1209 1864 pulsatis
1256 1776 1597 1867 campanis
1617 1827 1638 1858 ,
1702 1794 2056 1865 suppressa
2102 1794 2262 1844 voce
2309 1774 2554 1844 Divina

298 1883 529 1952 officia
557 1883 928 1970 celebrare;
982 1884 1333 1953 dummodo
1364 1904 1672 1953 caussam
1725 1904 1853 1952 non
1885 1881 2198 1951 dederitis
2232 1881 2553 1951 interdici.

299 1991 607 2060 chrisma
648 2012 825 2079 vero,
876 1993 1091 2062 oleum
1139 1999 1454 2082 sanctum,
1510 1993 2041 2063 consecrationes
2088 1991 2392 2060 altarium
2440 2009 2556 2060 seu

298 2100 750 2189 basilicarum,
797 2101 1248 2171 ordinationes
1279 2101 1703 2188 clericorum,
1753 2101 1865 2189 qui
1899 2099 1987 2169 ad
2018 2099 2283 2169 ordines
2312 2098 2557 2169 fuerint

297 2207 754 2297 promovendi,
784 2230 828 2277 a
857 2211 1230 2281 Dioeesano
1262 2212 1625 2300 suscipiant
1657 2211 2004 2299 Episcopo,
2052 2210 2111 2277 si
2144 2208 2405 2295 quidem
2438 2208 2556 2276 Ca-

295 2317 588 2387 tholicus
615 2316 832 2406 fuerit,
885 2326 949 2388 et
980 2321 1264 2406 gratiam
1296 2326 1361 2388 et
1410 2319 1926 2388 communionem
1964 2318 2397 2387 Sacrosanete
2431 2318 2555 2386 Ro-

299 2445 496 2496 mane
513 2427 711 2496 Sedis
737 2428 1056 2514 babuerit,
1090 2436 1157 2497 et
1187 2448 1269 2497 ea
1289 2429 1477 2498 vobis
1497 2426 1778 2496 voluerit
1807 2428 1949 2496 sine
1980 2427 2305 2515 pravitate
2329 2426 2557 2512 aliqua

296 2534 631 2605 exhibere.
681 2536 1108 2608 Prohibemus
1136 2537 1427 2628 insuper,
1480 2542 1553 2606 ut
1583 2537 1756 2606 infra
1788 2537 1950 2604 flues
1998 2534 2307 2625 parochie
2340 2542 2561 2603 vestre

294 2644 540 2733 nullus,
589 2642 734 2713 sine
783 2665 1060 2715 assensu
1091 2647 1449 2717 Diocesani
1493 2646 1805 2734 Episcopi
1834 2651 1901 2713 et
1937 2652 2178 2730 vestro,
2228 2644 2555 2732 capellam

292 2773 413 2823 seu
447 2755 807 2823 oratorium
858 2755 943 2822 de
971 2775 1142 2824 novo
1190 2763 1563 2826 construere
1615 2751 1876 2844 audeat,
1928 2755 2135 2824 salvis
2185 2752 2555 2842 privilegiis

295 2861 683 2930 Pontificum
716 2861 1176 2933 Romanorum.
1210 2863 1314 2932 Ad
1345 2865 1466 2932 bec
1497 2863 1902 2934 novitatibus
1933 2862 2240 2932 indebitis
2273 2864 2555 2933 exactio-

294 2990 413 3039 nes
448 2970 536 3038 ab
568 2971 1119 3060 Arcbiepiscopis,
1154 2979 1223 3040 et
1248 2973 1618 3062 Episcopis,
1650 2971 2155 3041 Archidiacouis
2200 2992 2316 3040 seu
2349 2973 2555 3041 Deca-

296 3079 424 3167 nis‚
476 3078 764 3165 aliisque
791 3081 1106 3150 omnibus·
1145 3082 1612 3151 ecclesiasticis
1649 3082 2187 3167 secularibusque
2233 3084 2551 3171 personis,

292 3207 338 3252 a
371 3187 566 3254 vobis
618 3189 879 3257 omnino
911 3188 1052 3258 fieri
1101 3189 1538 3277 probibemus.
1592 3189 2009 3278 Sepulturam
2059 3210 2313 3278 quoque
2343 3191 2553 3278 ipsius

289 3297 419 3364 loci
451 3294 728 3364 liberam
761 3316 910 3366 esse
947 3295 1377 3386 decernimus,
1410 3305 1481 3366 ut
1514 3319 1740 3369 eorum
1771 3297 2127 3386 devotioni,
2168 3306 2234 3366 et
2263 3305 2557 3370 extreme

289 3402 638 3492 voluntati,
674 3405 786 3490 qui
818 3425 892 3473 se
910 3404 1050 3474 illic
1082 3406 1348 3494 sepeliri
1380 3406 1915 3494 deliberaverint,
1952 3407 2080 3475 nisi
2107 3406 2276 3477 sorte
2297 3427 2552 3479 excom·-

295 3511 612 3581 municati
641 3512 748 3581 vel
780 3512 1107 3582 interdicti
1138 3514 1289 3596 sint,
1332 3522 1447 3584 aut
1477 3516 1677 3584 etiam
1710 3514 1971 3603 publice
2002 3516 2304 3605 usurarii,
2338 3517 2551 3585 nullus

290 3622 610 3708 obsistat5
668 3623 859 3690 salva
886 3628 1108 3691 tamen
1124 3623 1388 3711 justitia
1437 3623 1697 3692 illarum
1728 3622 2193 3711 Ecclesiarum,
2240 3645 2283 3691 a
2314 3626 2550 3709 quibus

289 3736 686 3801 mortuorum
719 3751 1000 3820 corpora
1031 3741 1470 3801 assumuntur.
1526 3734 1834 3801 Decimas
1875 3740 2173 3820 preterea
2202 3739 2269 3800 et
2299 3754 2549 3821 posses·

288 3842 511 3910 sioues
545 3838 630 3907 ad
653 3841 767 3927 jus
801 3841 1248 3910 Ecclesiarum
1286 3851 1649 3912 vestrarum
1688 3879 1766 3891 --
1802 3878 1890 3891 -
1922 3878 2011 3891 —-
2042 3878 2130 3890 -
2159 3839 2548 3927 detinentur,

289 3948 655 4018 redimendi
710 3959 776 4019 et
825 3950 1115 4036 legitime
1164 3951 1515 4038 liberandi,
1579 3950 1663 4019 de
1713 3950 2011 4018 omnibus
2054 3970 2298 4036 eorum,
2346 3960 2413 4019 et
2462 3952 2549 4019 ad

290 4057 652 4147 Ecclesiae,
707 4058 794 4126 ad
824 4078 988 4143 quas
1020 4059 1369 4147 pertinent,
1426 4057 1801 4146 revocandi,
1835 4059 2049 4129 libera
2095 4060 2181 4126 sit
2210 4057 2293 4127 de
2325 4068 2549 4129 nostra

289 4167 723 4253 permissione
771 4165 1073 4235 facultas.
1140 4167 1439 4237 Obeunte
1490 4188 1644 4237 vero
1695 4175 1763 4236 te
1785 4220 1803 4256 ,
1858 4186 2027 4236 nuuc
2076 4166 2369 4236 eiusdem
2422 4168 2550 4236 loci

287 4274 571 4362 Abbate‚
628 4295 707 4344 ac
739 4282 995 4345 tuorum
1028 4276 1317 4361 quolibet
1350 4296 1822 4364 successorum,
1870 4277 2089 4344 nullus
2123 4276 2214 4344 ibi
2258 4276 2551 4362 qualibet

285 4384 734 4471 subreptionis
801 4384 1049 4453 astutia
1111 4405 1229 4454 seu
1282 4386 1599 4455 violentia
1660 4393 2062 4474 preponatur
2084 4437 2102 4470 ,
2166 4386 2292 4453 nisi
2356 4405 2547 4472 quem

284 4492 525 4559 fratres
576 4494 899 4561 communi
950 4513 1289 4582 consensu,
1344 4500 1457 4562 aut
1506 4494 1778 4562 fratrum
1831 4495 2043 4561 maior
2091 4514 2243 4579 pars
2290 4495 2547 4562 consilii

285 4602 595 4687 sanioris,
630 4601 988 4673 secundum
1010 4605 1221 4674 Deum
1244 4611 1312 4673 et
1328 4604 1485 4671 Divi
1519 4602 1856 4671 Benedicti
1878 4601 2144 4688 regulas
2166 4602 2548 4688 provideant

284 4706 682 4796 eligendum.
716 4711 876 4780 Paci
908 4731 1163 4798 quoque
1199 4720 1263 4784 et
1296 4712 1757 4801 tranquillitati
1788 4719 2003 4783 vestre
2038 4717 2313 4798 paterna
2345 4711 2546 4806 impo-
