3359 5250
1775 407 1900 470 1522

709 604 1007 689 dicimus,
1061 625 1135 671 eo
1173 604 1520 690 specialior
1553 611 1617 672 et
1651 604 1860 671 maior
1892 602 2158 672 tristitia
2189 627 2301 673 cor
2333 613 2625 675 nostium
2658 606 2968 695 implevit,

710 733 837 797 quo
869 713 938 779 in
971 712 1112 800 ipso
1167 714 1446 801 purioris
1496 734 1658 798 erga
1690 715 1902 781 Deum
1934 720 1998 781 et
2031 711 2482 801 Apostolicam
2513 715 2748 784 Sedem
2779 718 2973 804 signa

711 822 1075 889 devotionis
1129 823 1517 907 invenimus,
1572 844 1700 909 quo
1734 825 1914 890 clare
1961 825 2268 891 memorie
2322 827 2776 912 progenitores
2825 833 2971 894 tuos

711 937 775 996 et
805 930 1279 998 Excellentiam
1328 931 1602 1016 Regiam
1663 932 1727 998 in
1766 929 2168 1015 exequendis
2200 934 2493 1002 Ecclesie
2542 935 2973 1021 beneplacitis

709 1057 854 1104 esse
886 1039 1178 1104 novimus
1216 1040 1666 1125 promptiores.
1703 1038 1988 1107 Firmam
2040 1041 2238 1125 igitur
2285 1061 2469 1128 spem
2492 1043 2555 1108 in
2586 1041 2705 1110 illo
2737 1062 2975 1128 ponen-

710 1155 829 1233 teS,
866 1149 977 1231 qui
1031 1148 1153 1214 etsi
1185 1146 1348 1231 Regi
1384 1148 1802 1234 Assyriorum
1836 1148 2233 1216 Senacherib
2286 1151 2561 1217 liberum
2609 1153 2678 1218 in
2731 1160 2973 1219 terram

711 1255 983 1323 Israelis
1015 1256 1380 1340 ingressum
1415 1256 1727 1339 exhibuit,
1782 1276 1975 1343 super
2008 1257 2285 1324 Ezechie
2314 1265 2537 1325 tamen
2587 1258 2970 1327 contritione

712 1369 1105 1448 commotus,
1161 1364 1688 1432 adversariorum
1746 1363 2222 1431 multitudinem
2276 1374 2465 1432 nocte
2522 1385 2655 1433 una
2709 1367 2971 1453 delevit,

715 1472 1146 1539 Serenitatem
1196 1479 1372 1539 tuam
1409 1490 1744 1538 monemus
1798 1476 1861 1536 et
1891 1473 2226 1539 hortamur
2260 1479 2525 1557 attente,
2581 1480 2644 1540 et
2673 1475 2973 1543 obsecra-

715 1602 855 1649 mus
911 1582 976 1648 in
1009 1579 1286 1648 Domino
1339 1582 1494 1648 Jesu
1535 1579 1812 1662 Christo,
1868 1588 2185 1664 quatenus
2239 1581 2305 1646 in
2339 1601 2414 1648 co
2458 1582 2809 1670 confidens,
2861 1586 2974 1669 qui

717 1689 968 1756 salvum
1002 1689 1159 1755 facit
1208 1688 1517 1773 populum
1555 1688 1882 1772 humilem,
1939 1694 2003 1753 et
2035 1689 2287 1754 oculum
2321 1689 2621 1757 humiliat
2669 1711 2975 1777 arrogan-

716 1805 864 1883 tcm,
902 1797 988 1864 ad
1021 1796 1466 1864 defensionem
1499 1795 1713 1881 Regni
1746 1795 2022 1882 predicti
2055 1802 2119 1863 et
2158 1796 2479 1864 catholice
2511 1797 2679 1880 fidei,
2732 1820 2855 1883 que
2886 1804 2973 1869 ab

718 1907 965 1973 eisdem
1007 1904 1303 1971 Tartaris
1355 1906 1730 1990 specialiter
1788 1905 2072 1972 noscitur
2121 1905 2506 1990 expugnari,
2559 1913 2855 1991 potenter
2907 1917 2976 1976 et

713 2013 1005 2097 viriliter,
1060 2015 1226 2080 sicut
1257 2012 1444 2078 decet
1475 2014 1785 2100 Regalem
1830 2013 2365 2097 magnitudinem,
2416 2020 2482 2080 te
2522 2016 2871 2099 accingens
2904 2017 2973 2083 in

713 2124 968 2190 illorum
1021 2120 1504 2206 expugnatione
1554 2141 1629 2188 eo
1689 2120 2039 2188 studiosior
2088 2127 2151 2186 et
2199 2119 2553 2189 ferventior
2603 2143 2786 2189 cures
2838 2126 2971 2190 exi·

715 2240 903 2315 stere,
955 2252 1081 2314 quo
1112 2230 1178 2295 in
1210 2231 1333 2296 hoc
1365 2229 1830 2297 exaltationem
1859 2232 1953 2296 tui
2004 2231 2285 2299 nominis
2318 2236 2384 2298 et
2421 2232 2685 2300 honoris
2735 2232 2968 2301 fortius

718 2340 1076 2408 dinosceris
1111 2359 1476 2426 procurare.
1518 2340 1656 2406 Nos
1691 2341 1862 2406 enim
1895 2340 2013 2406 tibi
2047 2347 2112 2406 et
2131 2342 2355 2426 Regno
2387 2341 2700 2429 predicto,
2740 2341 2973 2428 quibus

717 2449 784 2514 in
815 2454 994 2514 tante
1039 2446 1450 2515 necessitatis
1484 2447 1757 2515 articulo
1791 2447 2016 2515 deesse
2050 2468 2177 2515 non
2210 2469 2582 2535 possumus,
2632 2470 2749 2515 nec
2783 2449 2972 2517 debe-

719 2576 878 2644 mus,
916 2556 1143 2623 efficax
1196 2557 1566 2623 curabimus
1622 2555 1934 2623 auxilium
1968 2564 2033 2623 et
2066 2557 2427 2643 consilium,
2481 2565 2803 2626 annuente
2848 2559 2975 2627 Do·

718 2667 912 2751 mino,
949 2665 1284 2752 impertiri,
1326 2687 1404 2732 ac
1424 2686 1776 2752 personam
1808 2674 1872 2733 et
1902 2666 2220 2733 familiam
2262 2674 2406 2735 tuas
2430 2667 2550 2734 sub
2571 2667 2977 2754 protectione

718 2773 907 2839 Sedis
938 2774 1318 2858 Apostolice
1369 2774 1761 2859 recipientes
1812 2783 1876 2840 et
1908 2781 2155 2859 nostra,
2207 2775 2330 2842 tibi
2377 2784 2441 2843 et
2490 2776 2807 2861 omnibuS,
2863 2775 2975 2860 qui

720 2887 1054 2965 assumpto
1107 2880 1316 2946 crucis
1352 2879 1690 2965 signaculo
1726 2886 1950 2948 contra
1982 2882 2297 2948 Tartaros
2346 2881 2610 2949 cosdem
2640 2879 2726 2946 ad
2757 2878 2976 2947 defen-

721 2989 968 3056 sionem
1003 2988 1209 3072 Regni
1259 2987 1535 3075 predicti
1567 2990 2028 3076 processerint,
2079 2988 2261 3055 illam
2305 2986 2777 3057 immunitatem
2828 3008 2975 3057 con·

719 3097 1009 3166 cedimus
1061 3118 1332 3183 eamque
1382 3097 1855 3183 indulgentiam
1908 3098 2282 3183 elargimur,
2346 3118 2471 3182 que
2518 3106 2689 3164 terre
2738 3098 2975 3166 Sancte

720 3206 1241 3274 succurrentibus
1276 3208 1342 3272 in
1387 3206 1693 3275 Generali
1728 3205 2016 3273 Concilio
2069 3202 2525 3273 conceduntur.
2578 3207 2818 3274 Datum
2851 3207 2975 3272 La-

720 3314 929 3382 terani
962 3315 1134 3382 XVI.
1170 3313 1490 3381 kalendas
1523 3315 1702 3399 Julii,
1744 3309 2198 3400 (Pontificatus
2230 3310 2462 3401 nost-ti)
2502 3333 2674 3380 anno
2705 3313 2847 3381 XV.

795 3510 1053 3576 (Theiner
1091 3512 1158 3561 id.
1191 3529 1257 3562 m.
1299 3514 1339 3563 Ι.
1369 3514 1483 3564 Ιιῦίς.
1531 3514 1746 3573 ι83.1.;
1786 3529 1836 3562 v.
1872 3519 1919 3563 u.
1960 3510 2119 3576 Fejer
2147 3512 2274 3562 cod.
2313 3512 2458 3579 Dipl.
2495 3512 2588 3563 lv.
2618 3514 2728 3564 ket.
2774 3514 2817 3562 1.
2860 3530 2900 3562 r.

1742 3603 1862 3653 216.
1890 3602 1949 3668 l.)
