3359 5250
1414 367 1540 434 169
1592 459 1613 470 ο

335 570 926 653 confirmacionem,
961 586 1004 633 a
1034 566 1354 651 Magistro
1384 566 1593 653 Phyle
1617 566 1959 654 Proposito
1985 566 2440 653 Zagrabiensi,
2484 565 2596 651 qui

338 680 621 747 eandem
676 675 1004 745 retinebat
1049 696 1167 761 pro
1218 673 1585 743 stabilitate
1631 681 1954 742 terrarum
1993 694 2278 760 suarum,
2330 676 2595 760 Heyreh

336 787 652 856 videlicet
680 794 747 854 et
765 786 1003 869 Luder,
1036 804 1180 852 cum
1206 782 1559 852 earundem
1580 783 2022 871 pertinencijs,
2061 803 2229 867 quas
2262 782 2596 871 predictus

334 895 541 963 frater
589 899 807 962 noster
840 893 906 960 in
938 891 1523 962 commutacionem
1574 895 1888 959 terrarum
1922 912 2186 960 suarum
2235 911 2438 977 supra
2470 911 2594 957 me·

336 1007 762 1088 moratarum,
809 1007 873 1068 et
904 1021 1023 1086 pro
1073 999 1661 1086 reconpensacione
1705 1000 2127 1069 seruiciorum
2158 1020 2422 1070 suorum
2454 1019 2600 1070 con-

337 1112 581 1180 tulerat
611 1110 741 1179 sibi
771 1117 841 1178 et
868 1109 1181 1176 fratribus
1228 1109 1387 1193 suis,
1419 1109 1788 1177 necessario
1818 1109 2169 1177 habuimus
2201 1110 2499 1196 eandem,
2533 1116 2599 1176 et

339 1222 644 1290 nouimus
662 1217 750 1287 ad
767 1238 890 1288 nos
910 1219 1203 1305 recipere
1221 1224 1287 1285 et
1304 1217 1559 1286 auferre
1578 1221 1662 1286 ab
1683 1218 1938 1305 eodem3
1962 1239 2043 1286 ea
2062 1227 2277 1288 tamen
2299 1217 2601 1287 adhibita

342 1328 633 1413 cautela,
678 1332 751 1395 ut
779 1325 1093 1412 Magistro
1123 1325 1380 1413 Phylpe
1411 1334 1477 1394 et
1512 1326 1821 1395 fratribus
1850 1328 1987 1396 suis
2020 1347 2219 1414 super
2246 1327 2436 1395 terris
2467 1327 2600 1395 iam

338 1438 564 1525 dictis,
594 1435 861 1520 Heyreh
911 1433 1219 1502 uidelicet
1249 1440 1317 1502 et
1346 1432 1563 1503 Luder
1613 1455 1756 1502 cum
1804 1436 1937 1504 suis
1971 1435 2420 1524 pertinencijs,
2472 1455 2599 1520 que

340 1547 413 1614 in
444 1542 946 1615 confimacione
976 1562 1174 1610 auree
1203 1541 1384 1610 bulle
1430 1549 1647 1612 nostre
1678 1542 1853 1611 dicto
1883 1544 2072 1610 fratri
2103 1549 2325 1612 nostro
2358 1543 2601 1610 collate

340 1652 845 1722 continebantur
864 1670 941 1719 eo
973 1658 1221 1738 tenore,
1259 1658 1332 1718 ut
1351 1651 1706 1736 cuicunque
1725 1649 2138 1739 supradictus
2156 1650 2358 1718 frater
2379 1658 2602 1718 noster

340 1770 561 1830 terras
609 1761 743 1829 iam
794 1759 1027 1846 dictas,
1080 1760 1188 1828 uel
1219 1760 1388 1828 alias
1439 1779 1858 1847 quascunque
1906 1761 2246 1846 conferret,
2296 1760 2486 1827 firma
2535 1766 2602 1825 et

340 1876 666 1960 perpetua
710 1868 1076 1938 stabilitate
1104 1876 1574 1956 permanerent,
1624 1867 1874 1938 eisdem
1912 1869 2115 1937 aliam
2162 1867 2598 1938 confirmacio·

340 1997 495 2046 nem
525 1998 725 2047 auree
754 1976 932 2045 bulle
960 1983 1182 2046 nostre
1214 1978 1358 2048 loco
1391 1977 1706 2065 eiusdem,
1738 1997 1933 2063 quam
1953 1976 2326 2065 recipimus,
2359 1974 2601 2043 confer·

342 2106 590 2174 remus,
646 2106 844 2171 quam
875 2094 942 2154 et
971 2085 1197 2154 habito
1230 2086 1514 2154 omnium
1535 2088 1967 2173 jobagionum
1996 2092 2362 2156 nostrorum
2394 2082 2600 2151 consi-

340 2196 436 2263 lio
468 2203 536 2264 et
567 2196 866 2282 inspecta
899 2195 1398 2263 confirmacione
1429 2195 1667 2282 priore,
1717 2215 1919 2264 auree
1947 2195 2255 2264 videlicet
2286 2194 2464 2261 bulle
2493 2212 2600 2259 no·

346 2309 504 2386 stre,
546 2301 713 2370 duas
742 2301 929 2389 ipsas
957 2307 1169 2369 terras
1197 2302 1464 2389 Heyreh
1495 2308 1563 2369 et
1590 2301 1808 2369 Luder
1846 2322 1992 2369 cum
2023 2300 2374 2369 earundem
2407 2300 2603 2387 perti-

344 2410 624 2497 nencijs,
673 2429 800 2496 que
829 2430 872 2476 a
900 2410 1108 2496 Botyz
1137 2409 1408 2495 Comite,
1459 2416 1652 2498 prout
1680 2417 1746 2478 et
1772 2430 1892 2499 per
1921 2429 2043 2479 nos
2084 2417 2149 2478 et
2178 2429 2297 2498 per
2326 2410 2601 2477 eundem

342 2519 618 2587 fratrem
667 2525 955 2587 nostrum
1004 2518 1314 2587 sciuimus
1362 2519 1574 2607 ipsius
1621 2521 1892 2609 propria
1938 2526 2005 2589 et
2053 2519 2210 2587 uiua
2246 2518 2600 2603 relacione,

344 2629 668 2716 Magistro
698 2630 907 2716 Phyle
938 2634 1005 2697 et
1052 2628 1363 2698 fratribus
1410 2631 1570 2718 suis,
1620 2632 1872 2699 Thome
1904 2630 2141 2700 Comiti
2191 2636 2256 2697 et
2284 2630 2501 2714 Petro,
2533 2627 2600 2694 in

346 2738 930 2809 commutacionem
948 2747 1265 2807 terrarum
1297 2757 1558 2807 suarum
1576 2760 1695 2827 per
1723 2739 1999 2807 eundem
2029 2739 2297 2807 fratrem
2314 2744 2604 2806 nostrum

348 2847 797 2933 karissimum,
844 2849 1007 2916 etin
1039 2848 1716 2936 recompensacionem
1746 2847 2169 2917 seruiciorum
2198 2867 2463 2916 suorum
2495 2843 2606 2912 da-

346 2965 455 3025 tas
487 2962 555 3023 et
590 2956 865 3024 collatas
913 2956 1355 3026 intelleximus
1389 2956 1754 3045 manifeste,
1805 2956 1975 3025 sicut
2001 2976 2120 3044 per
2149 2955 2404 3025 litteras
2435 2953 2603 3020 eius-

348 3064 503 3132 dem
533 3065 924 3150 autenticas,
972 3073 1163 3152 prout
1193 3065 1517 3154 superins,
1564 3084 1916 3154 expressas
1945 3071 2130 3153 patet
2172 3072 2238 3132 et
2268 3064 2509 3151 patuit,
2538 3067 2605 3128 et

347 3194 475 3242 nos
523 3173 936 3242 concedimus
969 3181 1036 3244 et
1064 3176 1517 3243 confirmamus
1565 3176 1754 3242 firma
1781 3182 1847 3242 et
1877 3180 2196 3261 perpetua
2241 3170 2606 3239 stabilitate

346 3284 604 3353 eisdem
632 3283 1024 3352 auctoritate
1052 3283 1265 3371 Regia
1294 3302 1700 3371 permanere,
1759 3291 1958 3367 atque
1985 3283 2057 3350 in
2092 3288 2476 3370 perpetuum
2508 3300 2608 3349 ro·

345 3393 476 3461 bor
492 3390 622 3460 sibi
653 3396 719 3460 et
746 3389 1204 3480 suornm(1gy)
1235 3391 1742 3478 successoribus,
1771 3391 2143 3460 secretioris
2163 3390 2369 3478 sigilli
2399 3390 2608 3459 nostri

344 3499 728 3585 munimine,
761 3519 959 3568 auree
975 3498 1284 3569 uidelicet
1309 3499 1486 3568 bulle
1520 3505 1739 3568 nostre
1756 3498 2163 3568 corroborari
2182 3498 2607 3567 decreuimus.

345 3611 600 3677 Datum
646 3627 764 3695 per
811 3626 1040 3674 manus
1093 3606 1490 3675 uenerabilis
1536 3606 1751 3694 patris
1797 3606 2135 3675 Benedicti
2185 3603 2608 3676 Golochensis

344 3716 854 3805 Archiepiscopi
883 3717 1035 3784 aule
1083 3722 1304 3785 nostre
1337 3714 1768 3803 Cancellarii3
1820 3715 2203 3783 Venerabili
2251 3719 2439 3801 patre
2470 3713 2606 3780 Ste-

347 3825 581 3913 phano
591 3822 1106 3911 Archiepiscopo
1127 3822 2050 3911 Strigoniensi,Bartholomeo
2068 3821 2395 3910 Episcopo
2417 3820 2612 3900 Quin-

345 3932 888 4020 queeoclesiensi,
934 3930 1126 4000 Cleto
1158 3931 1485 4019 Agriensi,
1514 3931 1849 4019 Stephano
1880 3930 2335 4017 Zagrabiensi,
2384 3929 2609 3998 Blasio

344 4040 820 4127 chanadiensi,
853 4041 1175 4128 Artolpho
1227 4040 1674 4110 Uitrasiluano
1722 4039 2071 4129 Episcopis
2117 4038 2445 4108 Ecclesias
2485 4037 2611 4105 Dei

343 4149 709 4221 salubriter
737 4149 1252 4236 gubernantibus
1277 4175 1294 4237 3
1329 4149 1679 4219 Vincencio
1712 4149 1781 4218 in
1811 4149 2210 4238 Episcopum
2229 4144 2611 4214 Waradien-

344 4279 495 4329 sem
525 4259 757 4328 Electo
807 4259 1207 4344 confirmato,
1238 4258 1280 4326 J
1283 4257 1566 4328 curiensi
1594 4265 1660 4326 et
1691 4256 2163 4345 Vesprimiensi
2192 4254 2473 4325 Sedibus
2501 4273 2613 4322 ua-

348 4368 662 4438 cantibus
683 4393 700 4454 3
733 4366 1044 4436 Ladizlao
1069 4367 1376 4437 Palatino
1397 4366 1650 4438 Comite
1666 4365 2048 4453 Simigiensi
2078 4363 2397 4453 Dyonisio
2427 4363 2612 4431 Bano

342 4484 420 4549 et
449 4480 635 4546 Duce
686 4475 896 4544 tocius
926 4475 1297 4563 Sclauonie,
1348 4476 1609 4544 Matheo
1640 4474 1958 4562 Magistro
1995 4473 2508 4542 Tauarnicorum
2546 4479 2613 4543 et

342 4586 611 4658 Comite
657 4584 1061 4670 Posoniensi,
1094 4585 1430 4653 Demetrio
1478 4586 1520 4654 J
1525 4584 1715 4653 udice
1746 4582 1938 4652 Curie
1986 4589 2054 4653 et
2098 4583 2351 4654 Gemite
2399 4585 2613 4653 Musu-

348 4697 594 4786 niensi,
643 4692 1010 4766 Laurencio
1040 4694 1391 4783 Wayuoda
1434 4694 1903 4782 Ultrasiluano,
1931 4693 2251 4766 Bollondo
2295 4694 2614 4782 Magistro
