3359 5250
1696 380 2023 486 ...332-

739 589 1006 659 Gordun
1055 587 1315 653 nomine
1346 583 1661 669 Potnlen;
1716 589 1782 649 et
1811 580 1965 648 inde
2005 578 2431 647 descenderet
2478 574 2723 643 directe
2760 590 2989 641 uersus

735 706 990 788 partem
1041 694 1514 764 occidentalem
1572 692 1761 759 iuxta
1806 689 2137 776 quandam
2187 687 2362 755 viam
2383 738 2400 772 ,
2455 705 2581 772 que
2629 682 2744 753 via
2789 682 2991 772 Regis

737 811 1144 893 nuncupatur
1195 802 1281 869 ad
1327 801 1596 869 fluuium
1633 802 1919 867 Kenesa.
1970 796 2172 865 Cuius
2221 806 2396 865 terre
2445 799 2633 879 mete,
2686 792 2855 860 sicut
2903 792 2990 859 ab

737 923 1012 1000 utraque
1058 919 1248 1001 parte
1279 908 1738 994 intelleximus,
1791 906 1914 974 hoc
1960 906 2188 975 ordine
2234 904 2677 991 distinguntur
2709 925 2725 967 ε
2757 900 2995 988 Incipit

739 1025 952 1114 prima
1001 1030 1179 1089 meta
1228 1021 1294 1086 in
1346 1018 1628 1106 quodam
1677 1016 1896 1085 feneto
1946 1035 2150 1104 prope
2199 1021 2410 1082 terras
2473 1012 2760 1081 arabiles
2808 1011 2996 1078 iuxta

741 1140 949 1201 metas
999 1128 1277 1195 filiorum
1334 1125 1602 1194 Gordun
1653 1124 2132 1213 predictorum,
2185 1130 2251 1189 et
2299 1121 2482 1190 uadit
2531 1120 2620 1188 ad
2667 1118 2994 1205 quoddam

737 1259 987 1322 nemuS,
1040 1236 1109 1303 in
1140 1256 1266 1321 quo
1318 1235 1440 1301 sub
1492 1233 1723 1301 arbore
1774 1230 1951 1320 pomi
2000 1236 2153 1298 sunt
2200 1238 2371 1297 mete
2418 1234 2668 1314 terree3
2727 1235 2793 1294 et
2839 1226 2995 1294 inde

741 1346 1106 1437 procedens
1159 1345 1342 1411 uadit
1393 1343 1480 1408 ad
1527 1341 1739 1428 ripam
1790 1341 1971 1426 fiuuij
2021 1339 2286 1406 Kenesa
2333 1337 2644 1427 predicti,
2701 1345 2767 1405 et
2811 1337 2997 1404 iuxta

740 1456 1016 1525 eandem
1046 1455 1114 1521 in
1147 1451 1488 1520 arboribus
1521 1474 1673 1539 eyur
1705 1454 1771 1515 et
1801 1475 2012 1517 wenuz
2046 1456 2196 1516 sunt
2224 1456 2434 1533 mete;
2479 1456 2545 1515 et
2571 1448 2668 1515 ibi
2695 1448 2896 1515 intrat
2926 1445 2997 1511 in

743 1565 987 1633 dictum
1019 1561 1286 1629 fluuium
1317 1559 1600 1644 Kenesa,
1652 1576 1771 1644 per
1803 1577 1995 1644 quem
2027 1555 2368 1626 descendit
2413 1556 2503 1623 ad
2534 1561 2783 1644 partem
2813 1554 2997 1623 meri-

741 1672 1071 1742 dionalem
1115 1688 1322 1752 usque
1371 1667 1459 1733 ad
1488 1666 1818 1751 quoddam
1849 1665 2312 1747 molendinum,
2364 1664 2540 1749 quod
2571 1670 2673 1733 est
2709 1663 3000 1732 vicinum

744 1781 900 1849 ville
929 1779 1282 1862 Kerektou,
1315 1782 1384 1844 et
1414 1795 1618 1862 prope
1650 1773 1814 1843 illud
1866 1775 2308 1843 molendinum
2361 1773 2496 1841 exit
2537 1773 2621 1841 de
2643 1772 2870 1841 ffluuio
2907 1771 2999 1838 ad

742 1890 1072 1975 quandam
1104 1887 1404 1970 insulam,
1456 1885 1569 1951 ubi
1603 1888 1703 1950 est
1753 1884 1968 1970 ipsum
2013 1883 2472 1968 molendinum,
2524 1890 2589 1951 et
2624 1888 2773 1950 sunt
2824 1888 2999 1949 mete

743 2006 994 2085 terree;
1043 1996 1198 2064 inde
1248 1992 1612 2084 procedens
1645 1993 1828 2061 vadit
1875 1994 1965 2060 ad
1994 1990 2327 2080 quandam
2357 1994 2656 2060 arborem
2705 1991 2831 2080 piri
2866 1989 3003 2059 exi·

745 2111 1021 2175 stentem
1052 2123 1255 2193 prope
1287 2102 1612 2191 paludem,
1668 2101 1790 2167 sub
1824 2122 1956 2188 qua
1987 2109 2138 2169 sunt
2168 2108 2339 2169 mete
2366 2109 2615 2187 terree;
2665 2098 2819 2168 inde
2848 2118 2996 2187 pro·

745 2213 985 2290 cedens
1033 2214 1221 2279 iuxta.
1270 2210 1544 2278 eandem
1594 2208 1901 2295 paludem
1934 2210 2118 2276 uadit
2150 2209 2237 2276 ad
2275 2210 2440 2277 duas
2490 2215 2700 2277 metas
2730 2214 3002 2293 terreas,

747 2342 873 2408 que
904 2326 1053 2389 sunt
1082 2323 1151 2388 in
1184 2320 1573 2406 quibusdam
1604 2317 1981 2387 fructicibus
2015 2316 2446 2386 existentibus
2476 2319 2549 2384 in
2578 2317 2796 2384 insula
2826 2322 3004 2384 ante-

747 2429 963 2515 dicta;
1013 2429 1168 2496 inde
1199 2427 1536 2495 declinans
1566 2446 1797 2495 uersus
1831 2428 2163 2511 orientem,
2215 2425 2611 2495 transeundo
2642 2423 2855 2514 ipsam
2886 2445 3004 2512 pa-

745 2538 964 2606 ludem
993 2534 1182 2604 uadit
1218 2537 1305 2603 ad
1335 2535 1639 2620 antiquas
1673 2542 1884 2602 metas
1916 2534 2153 2603 Prineh
2186 2533 2457 2604 Comitis
2488 2535 2846 2619 memorati,
2886 2532 3005 2600 ubi

746 2653 924 2714 tenet
955 2652 1163 2713 metas
1195 2664 1340 2712 cum
1368 2651 1550 2712 terra
1576 2644 1737 2712 ville
1768 2643 1919 2730 Grug
1965 2643 2228 2712 nomine
2261 2645 2615 2731 Kerektou,
2668 2651 2735 2712 et
2760 2646 2853 2714 ibi
2881 2653 3003 2715 tei*

752 2756 1052 2824 minatur.
1102 2757 1416 2839 Preterea
1446 2754 1729 2823 confessi
1781 2763 1930 2822 sunt
1962 2754 2164 2840 ijdem
2194 2754 2311 2841 filij
2341 2754 2559 2841 Egidij
2611 2761 2677 2823 et
2706 2753 2822 2840 filij
2854 2754 3003 2821 Ful·

748 2865 897 2951 kus,
950 2866 1125 2951 quod
1157 2886 1285 2934 non
1319 2865 1634 2931 haberent
1678 2864 2056 2932 facultatem
2087 2864 2373 2932 faciendi
2422 2865 2689 2950 aliquod
2736 2884 2902 2953 opus
2930 2864 3000 2933 in

747 2975 897 3064 ipso
926 2974 1145 3061 fluuio,
1179 2981 1399 3061 preter
1430 2974 1871 3042 molendinum
1893 2974 2359 3061 supradictum,
2391 2995 2598 3060 usque
2631 2975 2718 3043 ad
2737 2974 2999 3043 ultimas

751 3090 961 3152 metas
992 3090 1162 3151 terre
1181 3083 1417 3150 Prineh
1439 3083 1708 3150 Comitis
1739 3083 2136 3169 supradicte,
2178 3102 2299 3149 nec
2327 3083 2540 3170 ipsum
2560 3084 2999 3154 molendinum

744 3194 1049 3262 mouendi
1103 3194 1425 3280 superius,
1477 3211 1599 3258 nec
1632 3191 1928 3272 inferius,
1963 3190 2021 3258 si
2053 3190 2181 3257 sibi
2228 3190 2577 3279 videretur,
2631 3193 2749 3261 sed
2778 3214 3003 3262 omnes

745 3299 1065 3369 vtilitates
1113 3299 1408 3369 eiusdem
1438 3299 1623 3384 fluuij
1677 3298 1852 3366 idem
1883 3298 2120 3368 Prineh
2175 3297 2405 3367 Comes
2435 3301 2543 3369 uel
2591 3302 2695 3369 sui
2730 3300 3004 3371 heredes

750 3430 867 3497 per
896 3408 1370 3497 longitudinem
1418 3414 1588 3476 terre
1620 3428 1741 3476 sue
1770 3407 1977 3476 libere
2008 3413 2076 3476 et
2107 3407 2382 3494 pacifice
2427 3409 2856 3497 possiderent,
2904 3410 3005 3479 fa-

754 3516 982 3587 ciendo
1014 3519 1373 3604 clausuras,
1405 3516 1795 3602 molendina,
1847 3521 1912 3584 et
1941 3516 2079 3584 alia
2109 3537 2329 3604 opera,
2381 3536 2511 3604 que
2539 3518 2668 3587 sibi
2710 3519 3005 3590 uideren-

744 3634 875 3694 tur.
928 3626 1055 3706 Qui
1086 3625 1146 3693 si
1179 3625 1359 3693 faeta
1409 3645 1609 3713 opera
1639 3645 1759 3712 per
1791 3625 2163 3713 quempiam
2194 3625 2582 3712 amitterent,
2630 3626 2793 3696 dicti
2821 3628 3009 3697 nobi-

745 3734 844 3801 les
882 3734 965 3802 de
995 3733 1158 3821 ipsis
1192 3734 1497 3820 operibus
1529 3734 1913 3802 satisfacere
1962 3738 2355 3803 tenerentur.
2401 3733 2740 3803 Adicimus
2771 3735 3001 3824 ceiam,

752 3843 926 3928 quod
957 3842 1130 3909 idem
1162 3841 1401 3909 Prineh
1433 3840 1664 3909 Comes
1695 3848 1961 3930 propter
1997 3843 2239 3911 bonum
2269 3844 2474 3931 pacis,
2524 3850 2598 3913 ut
2628 3845 2837 3914 omnis
2867 3866 3003 3915 ma-

747 3952 917 4020 teria
950 3950 1306 4036 questionis
1338 3951 1651 4038 sopiatur,
1685 3961 1753 4020 et
1785 3951 1974 4020 fauor
2003 3952 2384 4021 dileccionis
2402 3955 2627 4039 pocius
2660 3963 3004 4043 angeatur,

754 4061 909 4148 filijs
929 4059 1149 4146 Egidij
1181 4066 1248 4127 et
1265 4062 1518 4130 Fulkus
1550 4060 1946 4148 supradictis
1978 4062 2177 4131 soluit
2206 4062 2431 4129 decem
2463 4070 2531 4131 et
2559 4070 2810 4152 septem
2839 4085 3006 4133 mar·

757 4189 870 4236 cas
902 4168 1159 4254 argenti
1178 4166 1526 4256 ponderati
1547 4188 1766 4237 coram
1796 4169 2003 4238 nobis.
2038 4168 2188 4237 Tali
2208 4169 2618 4258 obligacione
2634 4172 3006 4260 subiuncta,

748 4279 927 4363 quod
958 4281 1016 4347 si
1045 4298 1164 4366 per
1194 4280 1562 4366 quempiam
1596 4287 2021 4364 cognatorum
2068 4298 2333 4347 suornm
2362 4280 2478 4366 filij
2509 4279 2731 4367 Egidij
2760 4290 2827 4349 et
2856 4283 3006 4352 Ful-

748 4408 863 4456 cus
919 4386 1236 4474 sepedicti
1286 4407 1483 4475 super
1529 4388 2010 4476 composicione
2060 4389 2267 4457 facta·
2296 4387 2759 4476 impeterentur
2775 4440 2794 4475 ,
2855 4389 3004 4478 ipse

745 4495 983 4563 Prineh
1018 4494 1247 4564 Comes
1279 4502 1345 4565 et
1375 4498 1480 4564 sui
1509 4496 1786 4566 heredes
1819 4495 2167 4567 defendere
2198 4503 2606 4584 tenerentur3
2652 4498 2768 4583 qui
2798 4499 2858 4567 si
2889 4519 3003 4566 ne·

750 4603 1086 4689 gligentes·
1108 4603 1463 4673 existerent
1479 4606 1550 4672 in
1568 4605 1826 4692 tuendo,
1860 4604 2083 4674 decem
2114 4611 2181 4673 et
2208 4613 2460 4693 septem
2491 4626 2749 4674 mareas
2779 4627 3002 4695 perso-

745 4711 941 4798 lutas,
973 4711 1210 4779 additis
1233 4714 1496 4801 insuper
1525 4713 1733 4784 tribus
1764 4714 2019 4799 marcis,
2059 4713 2356 4783 amittere
2389 4714 2716 4784 deberent.
2746 4714 2853 4783 Ad
2872 4716 2999 4785 hee
