3359 5250
1814 358 1945 425 472

750 555 1101 644 decisione,
1156 578 1281 643 que
1331 557 1398 624 in
1448 557 1774 646 prioribus
1805 555 2041 624 litteris
2072 553 2311 624 nostris
2344 572 2542 640 super
2588 556 3003 625 mutuacione

747 662 1169 734 ducentarum
1222 684 1587 735 marcarum
1640 664 2069 732 continentur.
2138 661 2340 749 Cujus
2402 662 3000 750 supplicacionibus

743 771 918 841 idem
949 775 1172 842 Fauus
1194 773 1420 843 Abbas
1452 772 1908 841 fauorabiliter
1940 772 2292 840 inclinatus
2324 770 2639 838 ducentas
2670 773 3006 857 octoginta

749 901 1006 950 marcas
1037 883 1106 950 in
1154 882 1447 950 denariis
1487 881 1847 968 Regalibus
1898 902 2044 949 cum
2095 880 2383 969 pondere
2432 888 2789 950 memorato
2836 882 3000 950 Elek

750 992 1070 1058 mutuauit
1101 1012 1321 1059 coram
1355 991 1564 1075 nobis,
1599 997 1671 1058 ut
1700 990 2122 1077 prediximus,
2156 991 2340 1078 ipsas
2377 990 2714 1074 octoginta
2740 1010 3000 1060 marcas

749 1100 1199 1186 superaddens
1247 1100 1539 1167 ducentis
1573 1100 1812 1167 marcis
1858 1099 2188 1186 predictis,
2238 1099 2322 1166 Et
2352 1098 2449 1166 sic
2482 1098 2658 1165 idem
2696 1100 2858 1168 Elec
2890 1099 3000 1166 do-

752 1207 924 1274 mino
955 1206 1200 1274 Abbati
1231 1207 1299 1273 in
1331 1207 1521 1274 totali
1553 1225 1809 1273 summa
1857 1210 2114 1273 tenetur
2142 1205 2212 1273 in
2244 1205 2541 1273 ducentis
2574 1214 2642 1275 et
2670 1206 3008 1293 octoginta

753 1314 1013 1399 marcis,
1064 1337 1181 1402 pro
1233 1315 1467 1400 quibus
1517 1314 1838 1400 omnibus,
1893 1323 1964 1383 ut
2011 1322 2113 1383 est
2145 1320 2527 1401 pretactum,
2579 1323 3004 1383 memoratam

751 1425 1232 1511 possessionem
1264 1425 1390 1491 Vrs
1427 1423 1937 1510 impignoratam
1986 1423 2307 1508 obligauit
2355 1424 2477 1490 sub
2526 1443 2704 1510 pena
2754 1424 3008 1510 obliga·

752 1531 1009 1600 cionum
1062 1541 1129 1599 et
1177 1532 1558 1601 caucionum
1588 1533 1657 1599 in
1707 1533 1944 1600 litteris
1992 1532 2323 1621 prioribus
2378 1533 2640 1602 insertis
2688 1531 3007 1602 seriatim.

755 1640 996 1707 Datum
1048 1661 1220 1709 anno
1267 1641 1526 1709 Domini
1575 1640 1924 1712 millesimo
1975 1639 2417 1712 ducentesimo
2467 1641 3010 1730 quinquagesimo

755 1748 1051 1839 septimo.

1005 1930 1074 1998 (A
1095 1930 1363 1986 fehervari
1392 1930 1771 2001 kaptalannak
1800 1935 2021 1986 lece-ki
2048 1931 2360 1998 atiratabol,
2386 1935 2525 1988 mint
2546 1931 2752 2002 aubb.)

1614 2224 2153 2237 ——.-..——..-

1793 2675 1951 2743 333.

761 2852 822 2916 Α
849 2854 1034 2940 9μὸνὶ
1062 2854 1488 2940 ka'ptalannak
1518 2857 2054 2945 bizonysdylevele,
2085 2859 2251 2944 hoqy
2288 2854 2537 2921 Chorm
2564 2854 3019 2941 nemzetse'qbdi

757 2961 975 3028 Istvdn
1012 2961 1259 3030 Chalad
1306 2973 1464 3032 nevil
1479 2966 1804 3052 fdldje'nek
1833 2967 2157 3051 felerehzdt
2186 2965 2404 3030 Endre
2458 2963 2570 3030 osc
2614 2962 3017 3048 unokcijcinak

1646 3076 1872 3140 eladta.
1906 3071 2101 3140 1257.

976 3264 1350 3352 Capitulum
1372 3260 1666 3329 Ecclesie
1686 3262 1728 3329 J
1733 3262 2049 3332 curiensis
2082 3262 2404 3332 vniuersis
2426 3263 2671 3333 Christi
2705 3266 3015 3336 fidelibus

758 3380 1093 3463 presentes
1125 3373 1380 3439 litteras
1410 3370 1800 3458 inspecturis
1832 3371 2112 3438 salutem
2131 3370 2200 3438 in
2232 3371 2462 3441 salutis
2495 3373 2828 3459 largitore.
2862 3377 3017 3444 Vni-

761 3482 1053 3551 uersitati
1107 3488 1325 3549 uestre
1375 3476 1790 3547 declaramus
1838 3478 2245 3568 presencium
2294 3500 2411 3567 per
2457 3489 2779 3570 tenorem,
2839 3484 3017 3569 quod

762 3591 1094 3677 Stephano
1144 3587 1281 3656 filio
1331 3587 1644 3675 Stephani
1700 3588 1783 3655 de
1814 3588 1978 3656 uilla
2030 3595 2097 3656 et
2132 3588 2563 3674 generacione
2611 3589 2880 3661 Ghorna
2926 3613 3014 3661 ex

762 3720 893 3768 una
923 3706 1127 3786 parte,
1162 3707 1229 3766 et
1259 3695 1527 3765 Andrea
1557 3698 1691 3765 filio
1723 3697 1946 3766 Ihonis
1990 3697 2109 3783 filij
2142 3697 2261 3767 Osl
2291 3719 2373 3767 ex
2404 3700 2620 3770 altera
2650 3721 2873 3770 coram
2901 3723 3014 3770 uo·

762 3809 865 3876 bis
898 3806 1286 3891 constitutis,
1342 3806 1517 3874 idem
1549 3806 1924 3893 Stephanus
1954 3814 2057 3875 est
2085 3809 2443 3895 confessus,
2498 3809 2675 3896 quod
2704 3810 3015 3879 medieta-

762 3925 890 3986 tem
924 3924 1097 3985 terre
1132 3917 1408 4001 Chalad‚
1461 3937 1585 4001 que
1616 3916 1827 4003 ipsius
1880 3916 2253 4004 porcionem
2280 3919 2421 3988 iure
2466 3919 2861 3990 hereditario
2900 3921 3014 3988 im-

764 4024 1049 4094 mediate
1081 4023 1521 4111 contingebat,
1572 4045 1717 4093 cum
1748 4025 1936 4094 siluis
1967 4033 2033 4095 et
2074 4028 2373 4097 omnibus
2421 4026 2574 4097 aliis
2621 4027 3016 4098 utilitatibus

765 4134 925 4221 suis,
961 4134 1249 4201 uicinam
1282 4141 1348 4200 et
1385 4143 1899 4204 commetaneam
1934 4145 2109 4206 terre
2156 4137 2431 4225 predicti
2461 4137 2726 4207 Andree
2764 4138 3017 4208 Chalad

763 4242 1115 4328 nominate,
1149 4241 1553 4311 uendidisset
1581 4243 1837 4331 prefato
1860 4245 2118 4314 Andree
2146 4267 2267 4336 pro
2298 4246 2524 4314 decem
2559 4247 2796 4316 marcis
2814 4246 3017 4316 deua-

765 4355 1005 4422 ricrum
1054 4358 1369 4439 perpetuo
1421 4352 1884 4440 possidendam
1903 4405 1922 4440 ,
1988 4361 2056 4421 et
2101 4355 2317 4442 ipsam
2365 4375 2686 4424 summam
2738 4356 3017 4441 pecunie

766 4462 935 4530 dixit
981 4481 1056 4529 se
1086 4461 1171 4529 ab
1202 4460 1430 4531 eodem
1460 4461 1730 4530 Andrea
1756 4464 2051 4553 plenarie
2089 4464 2438 4554 recepisse.
2490 4463 2754 4534 Adiecit
2800 4465 3015 4534 eciam

767 4573 942 4640 idem
970 4572 1363 4657 Stephanus,
1414 4570 1588 4659 quod
1616 4571 1791 4642 Joan
1837 4573 2039 4641 frater
2070 4573 2279 4661 ipsius
2328 4580 2395 4644 et
2423 4595 2648 4645 omues
2696 4574 2814 4661 alii
2862 4594 3017 4643 con·

769 4679 1114 4764 sanguinei
1145 4679 1250 4746 sui
1278 4679 1569 4764 requisiti
1600 4680 1975 4749 uendicicni
1993 4681 2284 4769 predicte
2313 4688 2484 4751 terre
2503 4683 3005 4754 consensissent.
