3359 5250
1298 461 1342 468 „⁷
1388 364 1522 434 435

1369 920 1463 988 30
1475 920 1532 991 7.

327 1097 447 1163 IV.
482 1099 743 1164 Scindor
768 1104 942 1186 pa‘pa
975 1125 1014 1166 α
1040 1103 1500 1187 pannonhalmi
1529 1108 1745 1189 apcitot
1777 1128 1815 1167 a
1847 1128 1928 1169 sc.
1965 1106 2249 1171 Benedelc
2284 1109 2583 1174 rende'nek

323 1209 847 1291 mayyamrsza'yi
889 1210 1295 1272 scerzeteseire
1339 1213 1519 1274 πόει-ε
1563 1210 1819 1274 Ιεῦίὅηόε
1852 1211 2428 1300 joqose'tvdnyoklcal
2453 1216 2580 1301 fel-

1185 1315 1478 1381 ruhdzza.
1529 1315 1722 1380 1256.

542 1507 920 1577 Alexander
951 1509 1318 1596 Episcopus
1369 1528 1598 1577 seruus
1647 1530 1986 1579 seruorum
2018 1515 2142 1580 Dei
2174 1514 2411 1581 dilecto
2451 1515 2580 1583 filio

326 1664 344 1681 .
381 1667 398 1684 .
432 1667 452 1684 .
486 1616 730 1683 Abbati
781 1618 1163 1685 Monasterii
1211 1619 1436 1686 Sancti
1470 1619 1736 1686 Martini
1784 1638 1987 1706 supra
2036 1620 2444 1689 Pannoniam
2493 1622 2581 1691 ad

327 1725 694 1791 Romanam
722 1724 1087 1790 Ecclesiam
1141 1724 1319 1792 nullo
1352 1724 1563 1792 medio
1611 1726 1995 1812 pertinentis
2048 1726 2308 1799 Ordinis
2357 1730 2581 1797 Sancti

328 1831 673 1898 Benedicti
722 1828 1091 1898 Jauriensis
1130 1830 1431 1899 Diocesis
1481 1832 1761 1899 salutem
1794 1840 1859 1899 et
1894 1835 2341 1919 Apostolicam
2392 1836 2582 1904 bene·

329 1940 704 2008 dictionem.
761 1938 1122 2024 Religionis
1155 1920 1416 2009 domu'm
1472 1940 1734 2006 Domini
1786 1941 2156 2009 decorantis
2205 1944 2579 2011 desideran-

327 2055 430 2114 tes
464 2055 906 2131 augmentum,
940 2048 997 2113 si
1029 2055 1251 2114 nostro
1283 2046 1350 2112 in
1385 2048 1509 2114 hac
1532 2053 1723 2133 parte
1754 2047 2016 2114 affectui
2047 2051 2411 2118 contrarius
2433 2071 2582 2135 quo·

326 2155 687 2223 modolibet
725 2152 1034 2222 succedat
1064 2154 1355 2239 effectus,
1397 2156 1816 2223 uehementer
1857 2155 2205 2223 dolendum
2238 2166 2337 2224 est
2370 2159 2581 2245 nobis,

327 2275 399 2333 et
428 2262 764 2330 salubrem
784 2262 961 2330 circa
992 2262 1114 2331 hoc
1148 2261 1460 2331 debemus
1485 2262 1799 2330 adhibere
1827 2264 2147 2330 medelam
2171 2264 2583 2333 solicitudine

329 2377 673 2459 oportuna.
706 2369 881 2436 Sane
931 2370 1100 2438 sicut
1132 2375 1197 2436 tc
1227 2370 1546 2438 referente
1578 2372 1952 2456 accepimus
1987 2372 2209 2439 Sancti
2246 2371 2584 2440 Benedicti

329 2468 926 2547 excellentissimus
976 2477 1150 2544 Ordo
1203 2477 1269 2542 in
1301 2478 1527 2562 Regno
1561 2479 1855 2562 Vngarie
1900 2485 2034 2545 tum
2065 2485 2332 2566 propter
2375 2481 2584 2567 ipsius

329 2586 548 2673 Regni
598 2584 1174 2674 depopulationem
1227 2605 1272 2652 a
1302 2584 1595 2653 Tartaris
1629 2585 1784 2652 olim
1823 2585 2087 2670 factam,
2137 2591 2273 2655 tum
2321 2594 2587 2675 propter

329 2697 666 2764 Abbatum
698 2703 763 2763 ct
811 2693 1272 2764 monachorum
1324 2694 1393 2761 in
1427 2693 1843 2782 monasteriis
1893 2694 2182 2763 eiusdem
2214 2697 2428 2782 Regni
2478 2697 2586 2764 de-

331 2802 626 2890 gentium
676 2802 1096 2871 insolentiam
1144 2801 1234 2868 ad
1269 2807 1521 2868 tantam
1573 2802 2023 2871 dissolutionis
2074 2804 2404 2872 miseriam
2454 2805 2585 2872 iam

331 2911 622 2995 deuenit,
656 2910 831 2996 quod
861 2911 1122 2978 omnino
1161 2909 1404 2997 peribit
1435 2909 1701 2997 ibidem,
1749 2911 1879 2980 nisi
1909 2912 2106 2980 celeri
2138 2913 2349 2979 eidem
2389 2932 2587 2982 reme·

330 3020 443 3087 dio
475 3039 595 3106 per
611 3018 921 3085 Divinam
953 3018 1366 3085 clementiam
1398 3026 1463 3085 et
1482 3018 1865 3107 Apostolicc
1886 3018 2076 3086 Sedis
2112 3018 2586 3105 prouidentiam

335 3132 771 3195 succurratur.
799 3127 901 3192 De
921 3131 1040 3193 tua
1058 3125 1279 3211 itaque
1300 3125 1913 3213 circumspectiones
1930 3125 2193 3210 plenam
2223 3126 2291 3191 in
2309 3127 2587 3193 Domino

330 3233 638 3302 fiduciam
687 3233 1073 3320 obtinentes,
1136 3232 1424 3317 eligendi
1473 3240 1604 3301 tres
1643 3233 1935 3300 Abbates
1986 3232 2278 3300 ciusdem
2328 3231 2590 3300 Ordinis

333 3345 547 3411 zelum
581 3342 919 3422 habentes,
970 3342 1176 3429 ipsius
1209 3363 1355 3410 cum
1387 3342 1660 3411 consilio
1696 3349 1760 3410 et
1801 3361 2078 3411 assensu
2112 3341 2399 3428 Capituli
2432 3339 2590 3408 dicti

332 3451 604 3521 Ordinis
654 3450 1010 3536 generalis,
1062 3471 1142 3518 ac
1173 3449 1565 3536 regulariter
1598 3448 1933 3535 uisitandi,
1987 3447 2354 3534 corrigendi
2405 3455 2470 3513 et
2499 3466 2592 3515 re·

334 3559 666 3630 formandi
700 3560 1088 3627 auctoritate
1133 3564 1364 3626 nostra
1408 3577 1552 3625 cum
1586 3556 1833 3626 eisdem
1881 3557 2090 3625 tribus
2121 3556 2488 3623 Abbatibus
2521 3555 2591 3621 in

331 3670 609 3757 prefatis
661 3667 1073 3740 monasteriis
1123 3675 1258 3734 tam
1310 3668 1376 3733 in
1428 3666 1663 3753 eapite,
1718 3685 1914 3751 quam
1956 3668 2027 3734 in
2081 3665 2407 3749 membris,
2466 3681 2594 3748 que

331 3776 749 3860 visitationis,
784 3773 1207 3843 correctionis
1240 3779 1305 3840 et
1335 3771 1816 3841 reformationis
1851 3770 2063 3840 officio
2096 3771 2392 3838 videritis
2431 3769 2592 3837 indi-

333 3903 512 3973 gere,
546 3884 808 3971 plenam
841 3883 959 3952 tibi
991 3883 1116 3949 hac
1146 3882 1293 3949 vice
1325 3880 1741 3948 concedimus
1773 3879 2158 3947 auctoritate
2198 3876 2592 3964 presentium

332 3995 737 4062 facultatem.
803 3994 1043 4059 Datum
1093 3989 1394 4077 Anagnis
1445 3990 1555 4056 VI.
1613 3989 1769 4056 Idus
1820 3986 2121 4060 Octobris
2172 3984 2594 4054 Pontificatus

336 4103 543 4170 nostri
577 4121 748 4168 anno
779 4100 1088 4168 secundo.

723 4300 998 4367 (Er-edetis
1023 4314 1058 4350 a
1083 4296 1470 4366 pannonhalrni
1500 4289 1790 4363 fiiapats'ag
1815 4291 2235 4362 leveltairaban.)

1289 4535 1532 4540 --—-„-.-.--V⁴
1573 4533 1594 4538 k
1625 4531 1689 4538 ...α-

2203 4769 2278 4820 8*
