3359 5250
1400 344 1525 411 129

1392 897 1503 965 84.

304 1075 369 1143 A
401 1077 652 1165 nyitroec·
678 1075 1125 1164 kdptalcmnak
1175 1078 1719 1165 bizonysciqlsvele‚
1771 1084 1930 1164 laoqy
1963 1077 2301 1144 Auctor-nik
2339 1083 2403 1144 ds
2434 1080 2575 1144 to'bb

296 1186 442 1249 mdc
469 1182 657 1248 barti
703 1181 1092 1270 vdij’obbdqy
1131 1181 1470 1249 Thulmnclz
1506 1187 1672 1249 nevil
1703 1182 1986 1274 foldnek
2031 1185 2230 1250 νέειόι
2269 1208 2310 1249 α
2343 1184 2574 1252 Garun

540 1288 801 1356 melloni
828 1311 912 1355 ει.
943 1288 1239 1356 benedeki
1270 1290 1674 1377 apcfwfqnak
1704 1287 2089 1377 dtenyedee'k.
2133 1291 2331 1360 1242.

1134 1467 1195 1533 A
1411 1467 1465 1532 B
1685 1467 1737 1535 C

523 1644 896 1734 Capitulum
916 1643 1216 1712 Ecclesie
1245 1645 1597 1713 Nitriensis
1636 1646 1937 1715 omnibus
1971 1645 2211 1714 Christi
2242 1645 2563 1730 fidelibus,
2668 1623 2681 1638 ’

299 1751 392 1819 ad
443 1770 609 1837 quos
655 1770 932 1839 presens
982 1750 1295 1838 scriptum
1343 1751 1614 1838 venerit,
1646 1753 1930 1819 salutem
1962 1751 2031 1819 in
2058 1772 2215 1820 vero
2263 1752 2570 1821 salutari.

298 1857 413 1925 Ad
441 1858 889 1927 uniuersorum
935 1858 1241 1927 noticiam
1272 1865 1496 1927 tenore
1544 1858 1956 1946 presencium
2008 1859 2309 1926 uolumus
2340 1878 2565 1946 perue-

297 1966 466 2051 nire,
521 1962 699 2049 quod
724 1965 1094 2050 Andornyk
1123 1966 1296 2034 filius
1329 1965 1610 2052 Andree,
1666 1973 1734 2033 et
1764 1965 2084 2033 Martinus
2132 1965 2300 2036 filius
2333 1967 2562 2050 Puyne

299 2072 385 2141 de
439 2074 604 2140 uilla
634 2074 915 2158 Korsak‚
948 2075 1294 2142 Borsensis
1326 2072 1543 2141 Castri
1578 2072 1975 2159 jobagiones
2025 2093 2146 2159 pro
2177 2092 2272 2158 se,
2303 2076 2469 2144 Bors
2501 2085 2565 2142 et

297 2181 542 2248 Barleo
587 2178 742 2248 filiis
772 2180 1040 2266 Bothus,
1090 2200 1211 2249 uec
1260 2202 1390 2250 non
1439 2201 1561 2268 pro
1593 2181 1801 2248 Falch
1831 2179 1964 2247 filio
2002 2179 2303 2248 Farcasii
2348 2178 2431 2249 de
2462 2201 2565 2249 ea-

297 2287 452 2355 dem
482 2309 704 2357 coram
733 2290 928 2357 nobis
959 2290 1393 2375 personaliter
1423 2288 1784 2373 constituti,
1823 2286 2155 2371 quandam
2174 2288 2564 2374 particulam

294 2402 471 2464 terre
505 2396 592 2464 de
621 2403 797 2464 terra
825 2396 1211 2483 Thulmach‚
1262 2417 1459 2482 quam
1491 2397 1577 2464 ab
1615 2396 1921 2464 Ecclesia
1969 2395 2194 2464 Sancti
2223 2395 2561 2465 Benedicti

294 2524 446 2572 cum
474 2504 612 2572 litis
645 2504 923 2572 materia
942 2508 1403 2593 proponebant
1424 2504 1737 2589 alienare,
1760 2502 2252 2572 considerantes
2272 2502 2559 2587 tandem,

292 2632 428 2681 non
459 2612 552 2681 ad
598 2613 801 2700 ipsos,
852 2612 972 2681 sed
1006 2612 1097 2682 ad
1133 2613 1505 2682 Ecclesiam
1552 2601 1905 2701 pertinere,
1957 2616 2372 2700 prenotatam
2421 2611 2561 2679 reli-

292 2726 582 2806 querunt
628 2717 841 2787 eidem
889 2739 1037 2787 cum
1071 2719 1370 2788 omnibns
1400 2721 1538 2788 suis
1568 2720 1984 2805 Vtilitatibus,
2036 2737 2234 2787 unam
2272 2737 2560 2785 maroam

291 2826 556 2912 argenti
603 2828 870 2896 racione
918 2847 1359 2914 expensarum
1407 2828 1808 2915 recipientes
1840 2827 1925 2895 ab
1964 2826 2195 2895 eadem
2246 2833 2560 2914 perpetuo

291 2952 411 3002 seu
442 2934 720 3019 pacifice
737 2934 1224 3022 possidendam,
1264 2935 1725 3004 Promittentes
1755 2934 2059 3005 similiter
2077 2932 2392 3020 expedire
2412 2953 2561 3020 par·

287 3042 562 3109 ticulam
593 3047 765 3109 terre
792 3048 1236 3132 pretaxatam,
1267 3043 1327 3110 si
1359 3061 1480 3131 per
1497 3042 1878 3129 quempiam
1896 3059 2210 3127 processu
2241 3041 2556 3126 temporis

287 3153 775 3219 retractaretur.
829 3150 907 3216 In
940 3149 1126 3218 cuius
1155 3149 1254 3216 rei
1303 3150 1680 3218 memoriam
1719 3153 2059 3235 presentes
2108 3146 2363 3214 litteras
2412 3164 2557 3214 con·

287 3255 614 3323 cessimus
673 3255 877 3342 sigilli
936 3256 1144 3324 nostri
1203 3255 1557 3325 munimine
1621 3255 1970 3324 roboratas
1988 3305 2007 3341 ‚
2073 3272 2247 3322 anno
2292 3253 2558 3321 Domini

283 3363 380 3429 Μ’
399 3360 536 3430 00⁰
554 3363 706 3430 LX⁰
721 3362 816 3431 11⁰
865 3370 1106 3448 quarta
1131 3364 1302 3432 feria
1357 3373 1509 3452 post
1561 3363 1735 3431 diem
1787 3361 2210 3431 Ascensionis
2266 3360 2552 3447 Domini,

281 3469 610 3555 Magistro
643 3472 975 3541 Demetrio
1009 3473 1304 3542 Ecclesie
1350 3478 1571 3542 nostre
1602 3475 1875 3542 Lectore
1906 3470 2246 3541 existente.

279 3665 566 3733 (Eredetie
603 3667 958 3738 b6rhartyam
996 3686 1031 3722 a
1056 3677 1216 3723 veros
1243 3668 1696 3737 selyemzsinbron
1735 3670 1955 3738 fflggott
1979 3667 2164 3737 pecset
2202 3669 2478 3735 elveszett,
2520 3685 2557 3719 a

925 3758 1093 3811 budai
1119 3759 1222 3811 kir-
1246 3758 1499 3810 kamarai
1524 3756 1906 3825 levelthsban.)
2428 3762 2433 3769 '

359 4739 567 4779 ιοιωι.
598 4737 761 4778 me.
795 4739 935 4778 mur.
973 4749 1049 4764 —
1087 4742 1232 4779 nm..
1264 4734 1338 4774 ιι.
2185 4730 2221 4783 9
