3359 5250
1786 353 2024 454 ‚2322-

741 571 869 636 lem
902 577 1189 638 nostrum
1221 569 1490 637 fecimus
1539 568 1879 636 introduci.
1932 570 2022 637 Ut
2052 574 2268 636 autem
2301 569 2621 655 premissa
2653 569 2872 636 omnia
2902 590 3003 636 ro·

738 678 858 744 bur
878 679 1216 764 optineant
1233 685 1550 765 perpetue
1567 677 1913 762 firmitatis,
1929 698 2047 744 nee
2072 698 2382 763 processu
2403 686 2617 763 tempo
2629 677 2719 744 ris
2740 678 3009 744 ualeant

737 787 823 852 ab
860 785 1136 852 alicuius
1180 786 1447 852 malicia
1476 785 1741 869 irritari,
1792 791 2157 869 presentem
2190 785 2473 852 litteram
2527 784 2997 871 prenominatis

735 894 996 981 populis
1028 894 1265 961 nostris
1298 893 1381 961 de
1412 895 1623 961 Scena
1653 891 1970 977 dedimus,
2005 891 2284 980 duplicis
2317 893 2517 978 sigilli
2553 892 2758 959 nostri
2790 891 2992 958 muni·

733 1001 906 1067 mine
931 1001 1324 1068 roboratam.
1356 1001 1600 1068 Datum
1635 1019 1807 1065 anno
1843 1000 2062 1083 gracie
2096 999 2439 1066 millesimo
2463 999 2594 1067 00⁰
2616 1000 2760 1065 XL⁰
2777 1019 2992 1085 nono;

733 1109 881 1177 idus
913 1108 1180 1196 Aprilis,
1213 1108 1421 1194 Regni
1454 1116 1672 1175 autem
1702 1106 1909 1176 nostri
1950 1128 2122 1173 anno
2155 1106 2661 1193 quartodecimo.

733 1325 1006 1391 (Eredetie
1031 1321 1376 1391 b6rhartyan,
1404 1340 1437 1375 a
1457 1322 1945 1391 sarga·violaszinii
1966 1323 2422 1390 selyemzsinoron
2448 1324 2618 1391 fflggfi
2635 1322 2823 1391 peeset
2847 1330 2991 1376 ture-

1225 1413 1454 1469 dekevel
1480 1431 1517 1467 a
1538 1414 1705 1468 budai
1732 1417 1833 1466 kir.
1860 1416 2108 1468 kamarai
2133 1410 2513 1480 leveltarban.)

1783 2218 1948 2284 200.

730 2396 852 2463 IV.
887 2398 1050 2463 Be'la
1074 2398 1410 2484 kirdlynak
1447 2398 1802 2485 adomdnya
1832 2397 1956 2463 Pal
2002 2400 2359 2485 orsqubiro'
2389 2404 2451 2464 e's
2484 2399 2656 2464 zalai
2672 2395 2992 2485 in-spdny

1585 2508 1899 2570 szdmdra.
1932 2502 2128 2569 1249.

960 2701 1124 2768 Bela
1162 2699 1285 2766 Dei
1335 2699 1564 2785 gracia
1603 2697 1959 2783 Hungarie,
2010 2700 2369 2784 Dalmacie,
2416 2698 2707 2785 Groacie‚
2758 2703 2989 2784 Reme,

728 2809 974 2893 Seruie,
1011 2808 1279 2893 Galicie,
1316 2806 1725 2891 Lodomerie,
1760 2804 2204 2891 Cumanieque
2235 2809 2378 2874 Rex
2409 2808 2709 2875 omnibus
2743 2807 2989 2875 Christi

728 2917 1028 2986 fidelibus
1061 2916 1149 2984 ad
1180 2935 1344 3001 quos
1377 2934 1652 3002 presens
1687 2915 1995 3003 scriptum
2029 2916 2397 3002 peruenerit
2429 2918 2711 2985 salutem
2751 2917 2821 2984 in
2855 2939 2988 2987 om·

730 3028 907 3093 nium
941 3025 1304 3094 Saluatore.
1358 3023 1527 3090 Aule
1558 3023 1765 3107 Regie
1813 3022 2095 3090 fideliter
2146 3024 2581 3109 obsequentes
2628 3033 2812 3093 tanto
2861 3028 2991 3093 lar-

732 3134 901 3220 giori
932 3130 1366 3219 prosequendi
1386 3136 1538 3196 sunt
1568 3150 1852 3214 munere,
1889 3137 2134 3214 quanto
2166 3150 2238 3197 se
2258 3131 2447 3199 bonis
2480 3133 2718 3219 studijs
2750 3135 2989 3201 ceteris

729 3241 1083 3329 preferunt,
1135 3258 1213 3305 ac
1264 3238 1688 3306 seruieiorum
1739 3237 2168 3308 exhibicione.
2218 3238 2499 3305 Proinde
2548 3239 2633 3305 ad
2679 3239 2988 3308 noticiam

724 3348 1178 3417 Vniuersorum
1229 3351 1364 3411 tam
1415 3346 1828 3433 presencium
1860 3366 2057 3431 quam
2107 3351 2510 3431 posterorum
2554 3347 2786 3414 harum
2816 3349 2990 3415 serie

723 3458 1025 3524 volumus
1082 3454 1442 3543 peruenire,
1500 3452 1676 3538 quod
1723 3474 1866 3521 cum
1914 3454 2158 3521 Paulus
2189 3452 2358 3519 Aule
2406 3459 2629 3520 nostre
2659 3453 2702 3520 J
2706 3453 2875 3521 udex
2923 3463 2989 3522 et

729 3564 959 3631 Comes
990 3561 1405 3630 Zaladiensis
1435 3562 1716 3630 dilectus
1748 3567 1814 3628 et
1840 3560 2052 3629 fidelis
2083 3569 2306 3630 noster
2350 3560 2649 3644 qmnibus
2681 3563 2818 3629 suis
2853 3561 2986 3629 die-

726 3671 846 3737 bus
886 3670 1011 3737 sibi
1041 3688 1242 3758 penes
1277 3675 1569 3737 nostram
1604 3668 2073 3736 Oelsitudinem
2103 3669 2338 3736 merita
2378 3668 2756 3753 cumulauit,
2807 3670 2988 3752 quod

728 3778 995 3845 diuersa
1028 3780 1338 3844 virtutum
1390 3796 1652 3844 suarum
1686 3777 1975 3861 insignia
2022 3777 2358 3863 postulent
2406 3795 2490 3842 ex
2519 3774 2865 3863 condigne,
2915 3785 2988 3844 vt

722 3906 854 3954 non
884 3887 1096 3954 solum
1127 3906 1209 3953 ex
1241 3905 1485 3971 genere
1505 3885 1943 3972 seruiencium
1974 3904 2055 3951 ex
2086 3886 2400 3952 bonorum
2422 3903 2691 3971 operum
2712 3905 2983 3971 magna·

722 3993 1021 4061 nimitate
1067 3994 1237 4061 inter
1284 3992 1531 4079 primos
1582 3999 1649 4058 et
1696 3991 2044 4079 precipuos
2083 3992 2294 4075 Regni
2341 3992 2550 4058 nostri
2585 3997 2979 4059 numeretur.

723 4103 923 4170 Cuius
953 4110 1025 4170 vt
1055 4100 1375 4187 obsequia
1392 4102 1479 4168 ad
1508 4098 2041 4167 informacionem
2064 4099 2560 4166 succedencium
2596 4098 2666 4164 in
2698 4098 2984 4166 medium

723 4209 1147 4293 deducantur,
1201 4228 1404 4294 opera
1452 4209 1596 4294 ipsa
1626 4227 1747 4275 nos
1803 4211 2174 4276 ammonent
2224 4215 2291 4274 et
2333 4206 2665 4273 inducunt.
2709 4206 2884 4272 Nam
2914 4215 2988 4274 vt

720 4317 994 4384 virtutes
1026 4336 1164 4401 sue,
1216 4316 1451 4400 quibus
1484 4315 1698 4382 adhuc
1727 4315 1798 4381 in
1846 4314 2119 4381 iuuenili
2152 4320 2327 4382 etate
2371 4312 2795 4399 florescebat,
2851 4314 2987 4380 elu-

718 4430 1068 4508 cescerent,
1091 4430 1414 4492 maturate
1439 4422 1789 4508 quemdam
1817 4421 2151 4489 infidelem
2180 4426 2471 4490 nostrum
2489 4421 2750 4506 Boyzen
2781 4422 2985 4487 nomi·

719 4554 801 4600 ne
833 4533 900 4599 in
930 4533 1169 4616 insula,
1202 4531 1373 4599 vnde
1403 4533 1568 4618 ipse,
1600 4531 1780 4598 solus
1813 4532 2021 4598 solum
2061 4530 2263 4596 alium
2293 4547 2519 4616 pugna
2550 4547 2672 4597 sua
2703 4528 2983 4597 viriliter

720 4641 1001 4711 obtinuit
1031 4639 1460 4728 captiuatum.
1507 4640 1670 4708 Item
1694 4640 1762 4705 in
1794 4636 2287 4726 expugnacione
2318 4634 2534 4703 Castri
2568 4635 2753 4703 Clich
2785 4655 2987 4722 quen·
