3359 5250
1765 363 1897 444 212
1952 469 1987 478 -

1676 470 1947 479 -————---

694 629 712 648 .
736 632 753 648 .
775 630 793 646 .
826 574 1407 664 Archiepiscopum
1426 571 1689 639 Prussie
1721 579 1788 639 et
1817 572 2091 641 Estonie
2108 571 2487 659 Apostolice
2518 570 2708 640 Sedis
2739 562 2945 654 Lega-

691 694 847 772 tum,
881 686 1092 754 virum
1141 682 1367 768 utique
1399 679 1758 750 secundum
1811 702 1923 750 cor
1952 689 2269 767 nostrum,
2325 701 2574 749 morum
2605 681 2949 749 honestate

691 796 1017 877 decorum,
1070 792 1432 860 litterarum
1464 789 1745 857 scientia
1792 791 2140 877 preditum,
2175 798 2244 859 et
2273 790 2536 859 consilii
2574 789 2950 857 maturitate

691 905 959 989 clarum,
1012 900 1126 988 qui
1158 900 1347 968 vobis
1379 899 1586 966 verba
1633 899 1771 967 vite
1805 900 2072 988 deferet,
2124 907 2191 968 et
2219 910 2512 969 nostram
2563 907 2631 967 et
2674 898 2948 966 fratrum

691 1017 1058 1079 nostrorum
1108 1006 1368 1095 plenius
1398 1006 1804 1074 voluntatem
1854 1013 2159 1094 exponet,
2211 1007 2296 1074 ad
2343 1014 2568 1094 partes
2604 1005 2819 1092 Regni
2851 1007 2946 1073 tui

693 1119 1044 1188 commisso
1076 1117 1204 1186 sibi
1234 1116 1303 1183 in
1333 1115 1584 1183 eisdem
1600 1114 1901 1202 partibus
1934 1115 2126 1201 plene
2158 1115 2538 1200 Legatiouis
2585 1114 2803 1184 officio
2834 1113 2951 1181 du-

689 1226 904 1295 ximus
936 1223 1418 1308 destinandum,
1453 1242 1768 1291 concessa
1799 1222 1859 1289 ei
1880 1222 2092 1290 libera
2120 1228 2464 1310 potestate,
2507 1228 2578 1290 ut
2610 1223 2854 1291 evellat
2883 1230 2951 1289 et

688 1331 1004 1417 destruat,
1057 1330 1333 1417 dissipet
1385 1336 1450 1396 et
1482 1330 1845 1417 disperdat,
1896 1329 2155 1397 edificet
2186 1335 2250 1397 et
2281 1330 2554 1418 plantet,
2605 1336 2805 1417 prout
2850 1349 2948 1398 se-

689 1437 970 1507 cundum
989 1441 1201 1506 Deum
1220 1437 1459 1505 viderit
1488 1436 1823 1525 expedire.
1866 1436 2192 1517 Quocirca
2211 1437 2645 1506 Serenitatem
2667 1434 2945 1521 Regiam

690 1567 1021 1634 rogamus,
1055 1564 1395 1616 monemus
1426 1553 1493 1613 et
1522 1545 1857 1614 hortamur
1902 1552 2153 1614 attente
2183 1546 2591 1632 mandantes,
2632 1547 2943 1631 quatinus

687 1653 901 1722 eidem
953 1656 1204 1741 Legato
1256 1673 1452 1742 super
1496 1652 1626 1721 hiis
1675 1660 1745 1721 et
1794 1661 2022 1721 contra
2054 1654 2366 1722 Tartaros
2416 1654 2766 1741 impendas
2816 1655 2945 1721 sibi

686 1762 1050 1849 consilium,
1084 1761 1403 1830 auxilium
1435 1767 1502 1828 et
1530 1760 1844 1847 favorem,
1877 1760 2053 1846 quod
2086 1760 2323 1830 exinde
2359 1763 2536 1846 apud
2567 1763 2777 1830 Deum
2814 1782 2942 1829 me·

686 1870 900 1957 ritum,
952 1876 1020 1938 et
1051 1867 1232 1956 apud
1261 1868 1561 1937 homines
1592 1868 1716 1937 tibi
1749 1888 2089 1956 compares
2121 1888 2358 1938 nomen
2389 1869 2650 1956 bouum,
2686 1889 2941 1954 nosque

683 1974 1118 2044 Serenitatem
1165 1975 1442 2063 Regiam
1503 1976 1727 2061 dignis
1776 1977 2117 2044 valeamus
2166 1977 2233 2042 in
2284 1976 2566 2044 Domino
2629 1975 2938 2045 laudibus

681 2082 1157 2154 commendare.
1241 2085 1486 2153 Datum
1538 2083 1841 2169 Lugduni
1889 2086 1968 2151 V.
2020 2103 2226 2153 nonas
2276 2082 2435 2152 Maii
2487 2083 2938 2172 (Pontificatus

678 2193 912 2279 nostri)
945 2212 1118 2261 anno
1150 2194 1373 2264 tercio.

894 2300 949 2368 1.
985 2317 1044 2367 e.
1076 2320 1161 2369 m.
1210 2299 1534 2371 universis
1582 2297 1828 2369 Christi
1878 2300 2178 2371 fidelibus
2228 2300 2297 2369 in
2345 2299 2580 2372 Russie
2636 2303 2936 2390 partibus

679 2404 1072 2476 constitutis.

1343 2517 1672 2585 (Turgenev,
1700 2517 1773 2572 id.
1799 2533 1868 2571 m.
1897 2521 1943 2574 Ι.
1973 2518 2085 2571 ltot.
2114 2519 2202 2573 58.
2227 2518 2287 2588 1.)

1733 3232 1888 3305 140.

670 3405 773 3477 ΑΖ
822 3412 959 3498 cyri
1001 3405 1428 3501 kdptalannak
1477 3413 2015 3502 bizonysdylevele,
2074 3414 2239 3505 hoqy
2287 3411 2518 3505 Kynisi
2572 3418 2822 3484 Chazar
2868 3439 2932 3485 es

673 3518 890 3587 Istvdn
913 3520 1132 3607 Fyqed
1163 3526 1321 3588 nevil
1370 3522 1713 3589 birtokukat
1742 3523 1944 3591 Jakab
1992 3530 2055 3591 e's
2085 3524 2348 3608 Ivdnka,
2400 3526 2659 3613 Mdcyds
2676 3526 2930 3610 fiainak

1548 3631 1818 3713 eladtdlss
1853 3629 2049 3698 1246.

890 3802 1212 3873 Omnibus
1263 3804 1510 3874 Christi
1560 3806 1898 3895 fidelibus,
1948 3808 2036 3876 ad
2083 3830 2250 3894 quos
2297 3831 2568 3898 presens
2614 3809 2928 3898 scriptum

667 3911 1053 3996 peruenerit,
1088 3912 1429 3997 Agriensis
1461 3914 1757 3984 Ecclesie
1792 3916 2097 3986 deuotum
2128 3917 2502 4005 Capitulum
2540 3918 2825 3988 salutem
2855 3918 2923 3986 in

667 4016 949 4085 Domino
979 4019 1141 4085 Jesu
1173 4017 1454 4090 Christo.
1488 4020 1596 4089 Ad
1628 4021 2076 4092 vniuersitatis
2108 4032 2322 4094 vestre
2359 4026 2672 4095 noticiam
2704 4036 2928 4097 tenore

665 4124 1079 4210 presencium
1100 4128 1402 4196 volumus
1434 4131 1800 4216 peruenire,
1835 4133 2009 4217 quod
2041 4130 2364 4201 accedens
2395 4133 2481 4201 ad
2515 4135 2924 4220 presenciam

663 4238 957 4301 nostram
989 4233 1246 4304 Chazar
1294 4236 1469 4305 filius
1497 4237 1837 4326 Stephani,
1890 4247 1958 4308 et
1987 4240 2360 4326 Stephanus
2409 4241 2581 4311 filius
2636 4243 2926 4311 eiusdem

666 4338 752 4408 de
782 4339 995 4427 Kynis
1027 4361 1111 4410 ex
1142 4365 1275 4411 vna
1306 4353 1532 4431 parte3
1582 4347 1740 4415 item
1770 4349 2061 4417 Jacobus
2094 4353 2162 4416 et
2189 4349 2470 4417 Iwanka
2503 4349 2620 4434 filij
2657 4349 2924 4434 Mathye

661 4445 781 4530 filij
811 4448 1086 4535 Rugach
1135 4450 1220 4519 de
1247 4455 1497 4542 Scepus
1530 4474 1614 4522 ex
1644 4455 1897 4543 altera3
1948 4456 2125 4525 idem
2158 4456 2414 4525 Chazar
2465 4464 2532 4525 et
2557 4456 2733 4525 filius
2766 4476 2922 4525 suus

660 4564 1135 4638 proposuerunt
1164 4578 1387 4627 coram
1418 4560 1624 4646 nobis,
1678 4562 1856 4644 quod
1888 4561 2216 4647 quandam
2255 4570 2499 4632 terram
2530 4583 2738 4648 suam,
2795 4583 2922 4650 que

660 4657 892 4744 Fyged
923 4671 1216 4771 vocatur,
1270 4667 1647 4753 empticiam
1680 4670 1888 4755 patris
1921 4671 2215 4739 eiusdem
2250 4672 2519 4757 Chazar,
2575 4673 2658 4738 de
2689 4673 2915 4739 volun·
