3359 5250
1433 407 1517 474 ‘15

341 601 502 670 dam
534 602 1118 690 possessionariam
1152 604 1522 691 porcionem
1565 605 1841 674 condam
1873 606 2049 672 Petri
2080 605 2198 690 filij
2230 605 2411 671 Iwan
2446 599 2601 668 dicti

342 710 568 778 Chech
600 711 668 777 in
700 711 878 779 dicta
925 711 1349 799 possessione
1380 713 1845 798 Kyristalfelde
1878 714 2065 780 iuxta
2093 711 2360 780 fluuium
2389 709 2601 795 Thop-

339 817 522 886 licha
551 824 851 888 uocatum
901 820 1096 890 sitam
1128 829 1195 890 et
1225 821 1651 910 adiacentem,
1696 822 1765 889 in
1797 841 1927 905 qua
1957 821 2266 890 videlicet
2294 820 2602 908 porcione

339 926 870 1012 possessionaria
918 928 1046 1016 ipsi
1097 937 1347 1000 mortuo
1396 928 1648 1017 prefato
1682 931 1876 998 Petro
1929 929 2104 996 dicto
2150 925 2370 995 Chech
2418 928 2602 994 iuxta

341 1033 561 1120 Regni
575 1035 1103 1103 consuetudinem
1133 1038 1507 1124 porcionem
1536 1036 1785 1105 habere
1809 1037 2142 1125 deberent,
2194 1035 2456 1105 omnino
2488 1054 2604 1122 pro

345 1161 421 1209 se
454 1150 864 1231 occupasset,
898 1152 962 1211 et
994 1149 1382 1231 occupatam
1414 1143 1738 1212 detineret
1769 1165 1848 1213 ac
1878 1152 2203 1231 vteretur3
2245 1146 2427 1213 cuius
2457 1161 2603 1231 pos·
2668 1169 2671 1172 ·

344 1250 745 1319 sessionarie
794 1250 1195 1321 detencionis
1227 1251 1395 1319 scire
1429 1252 1629 1319 vellet
1676 1253 2005 1322 racionem
2039 1254 2124 1322 ab
2157 1252 2407 1321 eodem.
2459 1251 2604 1332 Quo

343 1366 654 1447 percepto
672 1360 851 1429 idem
870 1361 1190 1429 Nicolaus
1210 1360 1385 1429 filius
1404 1360 1722 1448 Stephani
1740 1364 2173 1450 personaliter
2192 1360 2602 1445 exsurgendo

345 1466 694 1555 respondit
712 1489 793 1536 ex
812 1467 1111 1555 aduerso,
1145 1468 1320 1553 quod
1339 1468 1637 1555 predicta
1656 1469 1880 1553 porcio
1900 1469 2444 1556 possessionaria,
2475 1487 2602 1552 que

349 1577 630 1646 condam
662 1598 823 1664 erga
852 1578 1174 1666 prefatum
1193 1580 1455 1646 Petrum
1487 1576 1732 1646 dictum
1752 1575 1933 1646 Cheh
1962 1578 2215 1664 fuisset,
2247 1578 2424 1664 olym
2443 1578 2603 1643 Dru·

350 1686 512 1770 gani
560 1685 680 1772 filij
711 1686 991 1770 Bayleta
1038 1687 1345 1774 prothaui
1395 1688 1496 1755 sui
1527 1686 1873 1774 extitisset,
1930 1695 1996 1755 et
2026 1686 2108 1755 ob
2159 1688 2279 1754 loc
2328 1684 2603 1774 prefatis

349 1793 510 1879 filijs
543 1795 881 1862 Valentini
910 1796 981 1864 in
1014 1795 1191 1863 nullo
1224 1794 1548 1880 attineret,
1604 1793 1724 1863 sed
1754 1793 1840 1862 ad
1871 1794 2086 1883 ipsum
2137 1793 2216 1862 de
2247 1794 2386 1862 iure
2416 1792 2603 1861 debe·

348 1907 450 1971 ret
478 1902 824 1989 pertinere.
856 1903 942 1969 Et
959 1901 1202 1970 ibidem
1222 1902 1308 1971 ad
1343 1923 1605 1972 suorum
1627 1905 1978 1972 verborum
1996 1901 2606 1991 comprobacionem

346 2009 678 2095 quasdam
720 2011 1103 2078 litteras
1168 2011 1396 2099 olym
1443 2010 1777 2079 domini
1823 2012 2033 2080 Bele
2078 2012 2236 2080 Dei
2288 2009 2605 2096 gracia

346 2119 667 2187 incliti
711 2120 987 2205 Regis
1033 2122 1498 2206 Hungarie
1544 2123 1739 2188 beate
1786 2122 2264 2189 recordacionis
2311 2140 2484 2188 anno
2516 2117 2606 2183 ab

351 2227 817 2296 Incarnacione
849 2228 1110 2297 Domini
1140 2228 1487 2297 millesimo
1519 2227 1649 2295 00⁰
1669 2229 1891 2299 ΧΧΧο
1922 2249 2115 2310 nono,
2148 2229 2425 2315 septimo
2457 2226 2606 2294 idus

351 2334 745 2403 Novembris
781 2335 993 2421 Regni
1045 2335 1148 2404 sui
1193 2357 1366 2403 anno
1401 2336 1650 2423 quinto,
1697 2336 2194 2424 priuilegialiter
2241 2342 2604 2420 emanatas,

346 2449 572 2511 nostro
624 2441 982 2528 judiciario
1035 2443 1320 2513 examini
1382 2445 1826 2531 presentauit3
1890 2444 1960 2511 in
2009 2444 2244 2530 quibus
2292 2444 2460 2511 inter
2508 2462 2606 2511 ce·

351 2560 494 2618 tera
540 2549 907 2619 habebatur
928 2602 947 2637 ,
1010 2550 1184 2637 quod
1232 2551 1621 2620 karissimus
1684 2552 1886 2621 frater
1955 2550 2112 2620 dicti
2156 2550 2403 2620 domini
2451 2550 2607 2620 Bele

351 2660 557 2744 Regis
589 2662 729 2727 Rex
761 2658 1157 2731 Colomanus
1206 2668 1272 2729 et
1301 2664 1452 2729 Dux
1504 2662 1713 2732 tocius
1760 2661 2108 2732 Sclauonie
2149 2661 2362 2729 eidem
2411 2660 2609 2746 signi-

345 2768 634 2853 ficasset,
686 2769 860 2854 quod
909 2790 1056 2838 cum
1108 2777 1284 2839 terra
1332 2774 1630 2859 Drugani
1682 2772 1799 2859 filij
1834 2770 2115 2859 Bayleta
2166 2775 2342 2838 esset
2390 2768 2611 2836 uicina

347 2878 610 2946 cuidam
636 2878 865 2964 predio
896 2876 1109 2964 ipsius
1159 2879 1406 2947 domini
1440 2878 1778 2949 Colomani
1811 2881 2014 2948 Ducis
2059 2877 2318 2948 nomine
2346 2878 2611 2962 Werey·

343 2987 539 3071 tiche,
595 2983 1013 3053 considerata
1045 2985 1326 3054 vtilitate
1375 2987 1580 3074 ipsius
1631 2994 1801 3058 terre
1846 2997 1914 3056 et
1944 2989 2298 3072 vicinitate,
2332 2985 2609 3054 eandem

348 3095 478 3162 sibi
509 3094 728 3162 dictus
772 3093 1074 3163 dominus
1107 3096 1499 3166 Oolomanus
1530 3099 1684 3166 Dux
1715 3099 1800 3166 ad
1832 3098 2127 3185 predium
2165 3095 2607 3184 supradictum

348 3201 697 3290 recipiens,
744 3203 916 3271 dicto
949 3205 1266 3291 Drugano
1297 3226 1416 3292 pro
1449 3207 1832 3274 concambio
1865 3213 2035 3272 terre
2066 3202 2242 3272 illius
2273 3199 2604 3289 quandam

348 3320 590 3381 terram
623 3313 822 3379 castri
849 3312 1280 3400 Symigiensis
1312 3315 1572 3382 nomine
1603 3314 2035 3403 Thoplicham
2065 3313 2135 3380 in
2167 3312 2440 3398 Garygh
2473 3330 2602 3377 cer-

345 3422 430 3489 tis
485 3420 682 3487 metis
731 3419 1106 3488 distinctam
1158 3421 1422 3489 fecisset
1470 3423 1799 3509 assignari
1820 3475 1837 3508 ‚
1891 3423 2074 3491 cuius
2124 3419 2387 3505 quidem
2438 3424 2606 3486 terre

345 3535 518 3597 mete
549 3530 621 3596 in
654 3530 883 3599 eodem
931 3530 1275 3616 priuilegio
1308 3531 1601 3600 seriatim
1650 3534 2073 3601 continentur.
2126 3529 2380 3598 Dehinc
2428 3528 2603 3595 idem

341 3638 659 3705 Nicolaus
691 3636 862 3705 filius
893 3637 1209 3725 Stephani
1241 3639 1561 3722 quasdam
1606 3639 1860 3708 litteras
1891 3639 2135 3708 domini
2159 3637 2362 3707 nostri
2394 3635 2603 3706 Lodo·

343 3747 474 3814 uici
507 3745 637 3812 Dei
687 3747 912 3831 gracia
960 3747 1163 3831 Regis
1193 3746 1534 3832 Hungarie
1580 3747 1650 3812 in
1703 3768 1873 3816 anno
1922 3747 2220 3834 proxime
2266 3751 2605 3814 transacto

344 3855 650 3923 similiter
703 3854 1201 3939 priuilegialiter
1257 3863 1518 3924 exortas
1549 3856 1740 3924 nobis
1788 3855 2040 3924 curauit
2070 3854 2401 3939 exhibere,
2434 3853 2602 3920 inter

343 3972 564 4033 cetera
619 3963 1020 4050 denotantes,
1074 3963 1247 4047 quod
1295 3964 1468 4031 idem
1502 3964 1821 4033 Nicolaus
1867 3964 2040 4032 filius
2076 3962 2393 4049 Stephani
2444 3961 2606 4030 dicti

341 4068 615 4140 Arthow
663 4072 746 4137 de
797 4071 1271 4157 Kyristalfelde
1321 4071 1408 4139 ad
1459 4073 1588 4141 Sue
1636 4071 2021 4140 Serenitatis
2080 4072 2405 4139 accedens
2459 4090 2605 4138 con·

342 4186 662 4267 spectum,
712 4175 1046 4264 predictas
1073 4179 1330 4248 litteras
1359 4180 1568 4267 ipsius
1601 4179 1880 4248 condam
1933 4179 2175 4249 domini
2208 4178 2365 4245 Bele
2403 4177 2604 4263 Regis

340 4306 537 4375 super
587 4292 934 4372 prenotata
984 4293 1164 4355 terra
1196 4289 1406 4376 ipsius
1450 4288 1728 4357 condam
1760 4287 2055 4374 Drugani
2088 4285 2452 4372 Thoplicha
2497 4307 2605 4353 vo-

340 4405 495 4464 cata
524 4394 881 4479 confectas,
914 4396 1046 4463 Sue
1075 4396 1464 4465 celsitudini
1516 4396 1955 4484 presentando
2006 4394 2334 4463 humiliter
2381 4402 2449 4462 et
2495 4394 2604 4462 de·

341 4513 517 4590 note,
567 4504 704 4571 Sue
748 4506 954 4589 Regie
1000 4506 1332 4574 Maiestati
1384 4507 1450 4575 in
1504 4527 1583 4575 eo
1630 4508 2090 4594 supplicasset,
2142 4511 2213 4570 vt
2241 4501 2601 4589 predictam

336 4619 585 4680 terram
636 4609 844 4697 ipsius
894 4613 1169 4680 condam
1220 4613 1537 4699 Dragani,
1586 4634 1663 4682 eo
1699 4613 1867 4698 quod
1916 4611 2060 4697 ipse
2108 4629 2228 4697 per
2276 4609 2602 4677 dominam

337 4727 621 4788 matrem
672 4738 859 4787 suam
907 4738 994 4787 ex
1025 4721 1202 4789 linea
1252 4721 1533 4809 predicti
1570 4720 1845 4790 condam
1875 4721 2172 4806 Dragani
2219 4716 2605 4788 naturaliter
