3359 5250
1355 333 1488 399 493

1346 912 1503 981 347.

283 1103 346 1165 A
381 1098 900 1185 szdkesfehetrvdri
926 1097 1353 1185 kdptalannalc
1384 1096 1919 1183 bizonysdqlevele,
1955 1097 2118 1182 hoqy
2137 1092 2288 1159 Elelc
2320 1091 2548 1158 Miklo's

251 1208 595 1282 ,come-snei·
624 1208 727 1291 fia
781 1207 1032 1293 D‘cjenes
1080 1213 1237 1273 nemi
1277 1230 1457 1293 peres
1507 1205 1771 1272 birtokdt
1818 1205 2030 1271 Favus
2084 1203 2546 1291 pannonhalmi

916 1315 1194 1403 apdmak
1229 1315 1565 1401 dtenqedte.
1616 1313 1814 1381 1258.

509 1513 882 1601 Capitulum
932 1512 1228 1580 Ecclesie
1259 1512 1570 1581 Albensis
1620 1510 1945 1578 uniuersis
1978 1509 2344 1578 Christiane
2393 1506 2547 1577 fidei

286 1624 646 1693 cultoribus
701 1622 1109 1711 presentibus
1142 1622 1392 1710 pariter
1424 1631 1490 1689 et
1522 1621 1757 1689 futuris
1788 1619 2197 1710 presencium
2240 1620 2546 1688 noticiam

285 1732 615 1800 habituris
668 1731 941 1798 salutem
992 1730 1057 1797 in
1090 1752 1185 1816 eo,
1234 1730 1346 1813 qui
1397 1737 1496 1797 est
1526 1729 1706 1797 salus
1758 1729 2062 1798 omnium.
2113 1728 2321 1795 Omne
2370 1726 2543 1813 quod

289 1841 675 1909 memoriam
696 1841 967 1929 appetit,
1009 1839 1276 1927 dignum
1310 1846 1409 1908 est
1428 1840 1800 1909 testimonio
1835 1840 2197 1907 litterarum
2228 1857 2542 1907 commen·

287 1948 476 2036 dare,
526 1971 608 2017 ne
659 1971 763 2018 res
809 1948 1255 2037 temporaliter
1295 1956 1479 2034 geste
1529 1949 1721 2018 simul
1772 1969 1918 2018 cum
1948 1947 2209 2016 labente
2253 1954 2544 2034 tempore

291 2077 329 2125 e
394 2059 710 2127 memoria
772 2056 1264 2126 succedencium
1328 2057 1690 2127 elabantur.
1756 2055 2077 2138 Quocirca
2122 2054 2547 2123 Vniuersitati

289 2171 512 2235 uestre
541 2171 769 2235 tenore
817 2164 1223 2253 presencium
1255 2162 1685 2253 declaramus,
1734 2164 1908 2250 quod
1940 2164 2098 2231 Elec
2129 2163 2300 2230 filius
2339 2161 2548 2232 Comi·

290 2276 378 2343 tis
431 2275 691 2341 Nicolai
744 2275 1036 2342 exhibuit
1087 2275 1276 2342 nobis
1326 2275 1579 2343 litteras
1635 2275 1879 2344 domini
1928 2272 2130 2360 Regis
2180 2275 2301 2341 hec
2352 2272 2550 2341 verba

291 2386 740 2452 continentes:

513 2492 674 2561 Bela
706 2494 829 2560 Dei
864 2493 1092 2580 gracia
1113 2494 1253 2561 Rex
1273 2494 1608 2579 Hungarie
1640 2495 1766 2561 stb.
1801 2492 2224 2579 (kovetkezik
2246 2493 2355 2560 IV.
2390 2490 2549 2560 Bela

295 2601 658 2692 kiralynak
697 2600 967 2672 1256-ki
997 2601 1349 2690 okmanya,
1383 2603 1544 2670 mint
1576 2602 1841 2672 feutebb
1876 2603 2027 2672 305.
2070 2623 2160 2671 sz.
2194 2602 2286 2692 a.)

516 2715 597 2782 Et
626 2712 1037 2801 postmodum
1070 2712 1298 2780 eodem
1324 2710 1432 2779 die
1462 2720 1529 2780 et
1558 2712 1722 2781 bora
1753 2712 2052 2781 dominus
2070 2711 2292 2780 Fauus
2323 2710 2551 2780 Abbas

295 2825 524 2892 Sancti
555 2825 816 2893 Martini
865 2822 950 2890 de
980 2825 1178 2893 Sacro
1210 2826 1427 2891 Monte
1460 2824 1796 2892 Pannonie
1827 2824 2124 2892 exhibuit
2160 2822 2349 2892 nobis
2380 2822 2551 2889 litte·

299 2953 408 2999 ras
443 2941 701 3001 nostras
735 2932 1146 3000 memoriales
1180 2933 1299 3000 sub
1339 2932 1464 3000 hac
1493 2933 1741 3002 forma:

518 3040 655 3111 Nos
689 3041 1055 3129 Capitulum
1075 3042 1370 3109 Ecclesie
1391 3041 1696 3111 Albensis
1718 3041 1842 3110 stb.
1882 3038 2307 3128 (kovetkezik
2329 3057 2551 3125 ugyan

301 3173 341 3219 a
361 3151 687 3220 fehervari
708 3151 1165 3239 kaptalannak
1191 3152 1462 3220 1256-Κί
1487 3149 2076 3236 bizonysaglevele‚
2105 3149 2267 3215 mint
2287 3146 2552 3215 fentebb

302 3262 453 3331 313.
487 3281 576 3331 sz.
611 3261 704 3345 a.)
1149 3251 1160 3266 “

517 3374 600 3441 Et
628 3373 860 3440 iterum
911 3371 1083 3439 idem
1117 3370 1416 3439 dominus
1450 3370 1674 3438 Abbas
1727 3388 1947 3435 coram
1996 3367 2223 3436 eodem
2255 3367 2409 3436 Elec
2442 3388 2549 3434 ex-

304 3480 511 3552 hibuit
546 3482 715 3550 alias
748 3483 999 3549 litteras
1033 3487 1292 3548 nostras
1325 3480 1729 3548 continentes
1760 3478 1928 3545 hunc
1961 3484 2287 3543 tenorem:

517 3590 655 3660 Nos
677 3589 1046 3677 Capitulum
1067 3588 1361 3656 Ecclesie
1381 3588 1689 3655 Albensis
1712 3586 1835 3654 stb.
1875 3583 2301 3674 (kevetkezik
2327 3603 2551 3670 ugyan

305 3721 345 3767 a
373 3701 696 3770 fehervari
747 3699 1199 3787 kaptalannak
1254 3696 1525 3767 lem-ki
1561 3694 2154 3783 bizonysaglevele,
2211 3695 2371 3761 mint
2414 3692 2551 3761 fen·

302 3810 456 3876 tebb
489 3810 641 3879 332.
674 3829 762 3877 sz.
803 3809 894 3894 a.)

519 3917 725 4003 Igitur
746 3918 996 3986 duobus
1019 3918 1209 3985 annis
1231 3913 1625 4005 supradictis
1646 3912 1926 3981 finaliter
1947 3910 2258 3997 decursis,
2294 3911 2359 3978 in
2379 3910 2549 3998 prin-

309 4028 478 4116 cipio
512 4027 696 4096 tercii
727 4027 881 4095 anni
915 4026 1086 4093 idem
1106 4025 1283 4111 Elec,
1319 4029 1388 4090 ut
1419 4031 1519 4091 est
1549 4022 1811 4109 dictum,
1847 4042 2066 4089 coram
2097 4020 2286 4088 nobis
2319 4020 2549 4088 consti-

310 4142 500 4223 tutus,
553 4144 776 4224 utpote
802 4135 900 4202 uir
933 4132 1250 4203 discretus
1283 4139 1348 4200 et
1380 4131 1665 4217 undique
1698 4130 2199 4218 circumspectus
2238 4135 2304 4195 et
2333 4125 2551 4196 anime

308 4264 420 4313 sue
468 4244 755 4313 remedio
803 4243 1146 4334 prouidere
1166 4294 1183 4326 ‚
1238 4249 1300 4308 et
1352 4241 1437 4307 ab
1487 4257 1684 4306 onere
1734 4238 1891 4304 dicti
1942 4235 2147 4304 debiti
2196 4256 2324 4322 quo
2377 4236 2552 4303 dicto

310 4354 548 4422 Abbati
580 4360 646 4421 et
677 4372 795 4422 suo
828 4351 1220 4421 monasterio
1252 4349 1593 4418 tenebatur
1639 4348 1967 4432 obligatus
2001 4366 2071 4413 se
2106 4346 2372 4432 cupiens
2404 4365 2553 4414 exo·

312 4479 537 4530 uetare
587 4469 652 4529 et
701 4460 1083 4544 absoluere,
1148 4457 1475 4545 quandam
1527 4457 2009 4544 possessionem
2056 4473 2241 4523 suam
2298 4452 2552 4538 Dijenis

313 4572 502 4639 sitam
553 4573 618 4638 in
673 4571 995 4637 Comitatu
1047 4568 1434 4637 Posoniensi
1491 4586 1633 4632 cum
1684 4565 1985 4632 omnibus
2039 4561 2424 4630 Vtilitatibus
2486 4570 2554 4630 et

317 4680 748 4765 pertinenciiS,
788 4680 945 4747 nihil
970 4679 1140 4762 jnris
1161 4698 1275 4744 seu
1301 4676 1625 4762 porcionis
1648 4675 1775 4740 sibi
1796 4675 1859 4739 in
1882 4672 2110 4739 eadem
2135 4670 2550 4759 reseruandO,
2688 4677 2697 4684 ’
