3359 5250
1350 356 1472 425 321

270 550 356 619 de
385 551 588 640 Bana,
639 555 829 642 Moys
877 556 1265 625 Mariscalco
1296 607 1313 641 ,
1362 558 1499 627 Ben
1514 557 1730 625 edicto
1782 557 2200 642 Musuniensi‚
2270 557 2545 627 Nicolao

274 662 503 732 Ferrei
534 664 770 750 Castri‚
804 666 1072 735 Detrico
1107 666 1503 756 Janrinensi,
1541 670 1762 755 Erney
1789 666 2251 754 Worosdiensi,
2286 674 2354 736 et
2387 668 2537 736 aliis

268 790 467 855 qnam
527 771 824 858 pluribus
875 774 1299 860 Magistratus
1359 784 1425 843 et
1476 775 1843 846 Comitatus
1897 775 2287 843 tenentibus.
2345 775 2538 845 Anno

269 878 535 946 Domini
565 878 861 948 M.cO.L.
881 880 1092 969 primo
1124 882 1237 949 IX.
1273 882 1600 951 kalendas
1634 883 2040 970 Decembris,
2071 884 2284 970 Regni
2316 891 2538 952 autem

272 985 482 1054 nostri
511 1006 686 1055 anno
729 987 931 1056 XVP.

269 1181 481 1255 (Eg-yik
521 1187 727 1240 eredeti
764 1184 1037 1255 phldsnya
1062 1204 1096 1241 a
1133 1185 1424 1257 kiralynak
1462 1204 1635 1256 arany
1677 1188 1921 1258 pecsetje
1957 1190 2111 1255 alatt,
2151 1207 2187 1243 a
2210 1207 2290 1243 ns.
2330 1189 2533 1261 Kallay

269 1274 571 1329 csaladnak
598 1274 986 1332 leveltaraban.
1024 1281 1175 1332 Ezen
1202 1276 1440 1347 okminy
1465 1278 1726 1347 szcveget
1751 1277 1869 1332 mar
1891 1278 2109 1333 ketszaa
2146 1281 2305 1334 evvel
2335 1283 2531 1335 ezelsstt

270 1367 480 1419 Lucius
505 1368 633 1419 adta
659 1368 737 1432 ki,
758 1370 843 1420 De
865 1369 1059 1436 Regno
1079 1370 1388 1423 Dalmatiae
1410 1378 1466 1422 et
1492 1370 1745 1422 croatiae
1771 1371 1865 1422 IV.
1891 1371 2075 1437 konyv
2102 1372 2153 1425 9.
2180 1370 2290 1435 fej.;
2312 1388 2337 1422 s
2362 1369 2535 1424 utana

269 1455 435 1524 Fejer
462 1458 592 1510 eod.
620 1458 770 1525 Dipl.
794 1459 889 1512 IV.
917 1460 1031 1512 kot.
1073 1465 1123 1512 2.
1154 1477 1195 1513 r.
1228 1462 1345 1512 108.
1371 1459 1406 1510 1.
1445 1460 1518 1511 Itt
1542 1466 1633 1512 azt
1668 1459 1725 1525 uj
1737 1476 1794 1512 ra
1820 1460 2214 1514 selveendssnek
2249 1460 2399 1513 azert
2425 1469 2532 1514 tar-

270 1547 476 1610 tottuk,
499 1556 637 1602 mort
657 1565 795 1601 naon
817 1551 1023 1605 eredeti
1044 1548 1296 1618 peldany,
1315 1553 1460 1618 moly
1479 1549 2006 1605 kozzetetelflnknek
2028 1550 2214 1621 alaptil
2233 1549 2480 1618 szolgsst,
2508 1568 2541 1603 a

595 1641 752 1694 hazai
776 1639 1241 1709 diplomatichnak
1276 1637 1446 1710 egyik'
1467 1643 1726 1710 legszebb
1754 1639 2179 1710 disspeldanya.)

1144 1927 1666 1955 -—-..,—....

1324 2416 1481 2485 223.

277 2617 318 2683 Ι
323 2617 393 2683 V.
428 2616 592 2683 Be‘la
638 2616 970 2706 kirdlynak
1017 2643 1058 2683 a
1095 2619 1361 2685 vav-aedi
1406 2617 1649 2685 vav-nale
1701 2619 1926 2686 hdrom
1956 2618 2181 2706 falvdt
2226 2617 2533 2706 tdryyazd

517 2726 874 2814 adomnya
905 2728 1075 2793 Eme
1106 2728 1371 2794 vav-agdi
1382 2727 1700 2815 fdispdny
1728 2729 2044 2797 szdmdra.
2088 2725 2285 2792 1251.

485 2925 652 2992 Bela
701 2924 826 2993 Dei
879 2925 1105 3010 gracia
1153 2923 1509 3012 Hungarie,
1547 2925 1914 3012 Dalmacie,
1966 2923 2257 3009 Croacie,
2309 2925 2532 3010 Rame,

249 3033 517 3119 ‚Sernie,
552 3030 852 3120 Gallicie,
872 3033 1282 3119 Lodomerie,
1322 3032 1763 3121 Cumanieque
1784 3035 1924 3102 Rex
1956 3032 2254 3102 omnibns
2286 3031 2529 3100 Christi

272 3140 575 3210 fidelibus
597 3148 934 3228 presentes
964 3142 1223 3210 litteras
1253 3141 1648 3231 inspecturis
1665 3143 1946 3210 salutem
1985 3141 2054 3208 in
2084 3141 2371 3210 omnium
2401 3140 2528 3208 sal·

270 3257 517 3318 natore.
547 3250 831 3318 Prouida
851 3250 1054 3336 Regie
1084 3251 1472 3320 Serenitatis
1508 3250 2015 3338 circumspeccio
2054 3249 2351 3336 diligenti
2383 3268 2529 3316 con·

271 3358 679 3428 sideracione
728 3360 925 3428 debet
955 3359 1168 3427 metiri
1218 3362 1454 3428 merita
1486 3360 1912 3446 singulorum,
1966 3365 2031 3427 et
2060 3359 2341 3444 singulis
2395 3357 2529 3444 qni-

272 3469 526 3556 bnsqne
554 3490 670 3557 pro
700 3469 948 3538 meritis
978 3469 1400 3556 respondere.
1455 3466 1740 3539 Proinde
1769 3468 1856 3536 ad
1889 3466 2338 3537 vniuersorum
2369 3466 2531 3533 noti-

270 3577 461 3664 ciam,
492 3586 630 3645 tam
650 3576 1059 3664 presencium
1080 3596 1277 3662 quam
1311 3583 1739 3665 posterorum,
1779 3577 2010 3644 harum
2030 3575 2200 3643 serie
2230 3573 2529 3642 uolumus

267 3684 610 3772 peruenire
629 3707 647 3770 3
681 3684 854 3771 qnod
876 3684 1155 3752 dilectus
1189 3691 1258 3751 et
1274 3683 1487 3752 fidelis
1516 3690 1742 3752 noster
1759 3682 2076 3769 Magister
2098 3683 2271 3749 Erne
2292 3680 2525 3750 Comes

268 3792 749 3878 Vorosdiensis,
803 3813 950 3861 cnm
983 3792 1270 3864 barbara
1318 3811 1482 3878 gens
1528 3792 1954 3862 Tartarorum
2003 3790 2245 3859 insultu
2292 3789 2527 3858 bellico

267 3903 564 3986 Regnum
593 3906 887 3968 nostrum
918 3899 1087 3986 adijt
1117 3905 1184 3967 et
1215 3899 1480 3987 inuasit,
1516 3899 1834 3987 preclaris
1855 3899 2185 3967 fidelitatis
2227 3897 2528 3983 insigniis

268 4030 487 4080 coram
518 4009 759 4078 Nostre
792 4009 1155 4077 Maiestatis
1187 4009 1395 4077 oculis
1431 4016 1564 4076 tam
1615 4006 2222 4076 commendabiliter
2274 4005 2522 4091 enituit,

268 4126 337 4187 nt
383 4138 535 4187 cnm
583 4118 1031 4187 inualescente
1089 4117 1494 4188 aduersitate
1543 4116 1871 4186 defectum
1922 4135 2232 4202 equorum
2282 4114 2527 4182 habere
2640 4197 2650 4210 .

268 4248 389 4297 nos
435 4226 842 4314 contigisset,
897 4228 1042 4315 ipse
1093 4227 1319 4296 viuere
1367 4232 1768 4314 postponens
1791 4276 1810 4311 ,
1863 4232 1930 4293 et
1977 4226 2181 4293 vitam
2229 4229 2525 4292 nostram

272 4343 476 4405 morte
507 4357 629 4404 sna
676 4335 997 4406 redimere
1044 4335 1454 4424 desiderans,
1506 4356 1764 4421 equum,
1820 4353 2012 4420 quem
2042 4354 2161 4422 pro
2202 4329 2527 4400 saluanda

272 4465 390 4514 sna
437 4465 726 4532 persona
764 4446 1075 4532 habebat,
1131 4466 1248 4532 pro
1298 4443 1682 4514 saluacione
1731 4462 2013 4530 persone
2062 4446 2286 4509 nostre
2336 4439 2525 4507 nobis

274 4555 505 4624 obtulit
533 4555 978 4640 equitandum,
1034 4555 1182 4641 ipse
1212 4574 1369 4623 nero
1397 4574 1544 4622 cum
1589 4553 1860 4635 eisdem,
1913 4550 2174 4637 quinos
2227 4548 2522 4631 inseque-

276 4663 507 4731 bantur
536 4664 883 4752 plurimum
929 4661 1308 4761 certaminis
1341 4661 1569 4746 iniens,
1623 4667 1773 4749 post
1808 4661 2026 4746 plures
2058 4663 2335 4744 punctus
2388 4658 2525 4724 lan-

355 4801 558 4837 uonnu.
595 4801 756 4838 nuno.
790 4802 929 4837 nis-r.
963 4801 1106 4836 mm„
1153 4812 1216 4819 -η
1265 4791 1326 4829 12.
2118 4777 2194 4831 ‘21
