3359 5250
1846 355 1929 425 78

747 553 1199 642 permissione,
1237 573 1357 621 suo
1389 551 1514 621 iuri
1544 553 2104 640 appropriassent.
2157 555 2260 622 Ex
2290 553 2568 627 aduerso
2600 576 2754 627 vero
2784 558 3006 627 Pousa

746 673 812 733 et
843 663 1264 748 Laurencius,
1311 682 1396 730 ex
1443 662 1652 751 ipsius
1700 663 2139 752 permissione
2189 664 2598 752 aliorumque
2645 665 3009 735 uicinorum

748 774 992 844 dictam
1023 779 1263 842 terram
1293 770 1671 859 possedisse
1702 774 2107 843 asserebant.
2163 774 2287 843 Die
2316 774 2517 860 igitur
2545 795 2589 843 a
2617 776 2807 844 nobis
2844 776 3004 844 assi·

747 889 970 971 gnato,
1020 880 1176 949 dum
1218 888 1443 968 partes
1477 901 1560 948 ex
1610 881 1853 951 iudicio
1885 888 2105 952 nostro
2155 904 2342 952 suam
2388 885 2668 954 testibus
2719 905 3008 971 compro-

747 994 1014 1061 bassent
1060 992 1314 1060 idoneis
1367 989 1822 1072 assercionem,
1876 991 2082 1057 Ponet
2116 991 2352 1060 Comes
2385 989 2557 1059 dicte
2586 999 2763 1059 terre
2810 993 3002 1059 amis-

744 1101 993 1170 sionem
1022 1119 1142 1187 per
1171 1103 1650 1165 sacramentum
1682 1116 1801 1163 sex
1835 1097 2168 1165 hominum
2199 1099 2408 1167 voluit
2438 1099 2783 1184 sustinere,
2813 1099 3007 1167 Pauli

743 1209 1053 1277 videlicet
1083 1207 1200 1293 filij
1250 1206 1421 1274 Pous
1439 1255 1458 1290 ,
1508 1205 1840 1290 Damiani,
1892 1211 1958 1273 et
2006 1206 2246 1292 Boricii
2296 1207 2570 1276 fratrum
2620 1206 3002 1295 eorundem,

745 1317 938 1387 Pauli
955 1316 1075 1403 filij
1096 1318 1295 1404 Zepe,
1317 1314 1496 1383 Petri
1525 1313 1640 1400 filij
1668 1314 1975 1401 Dionisij,
2010 1324 2076 1384 et
2094 1317 2373 1384 Abbatis
2407 1319 2492 1385 de
2511 1318 2719 1385 Buud.
2752 1321 3005 1385 Etcum

746 1427 888 1495 dies
919 1424 1311 1495 sacramenti
1343 1422 1743 1513 aduenisset,
1784 1425 1938 1492 talis
1991 1425 2160 1494 inter
2192 1447 2306 1495 eos
2337 1426 2515 1494 facta
2555 1433 2655 1494 est
2685 1424 2998 1513 composi-

746 1537 868 1622 cio,
921 1536 1091 1602 sicut
1133 1534 1201 1600 in
1254 1532 1494 1601 litteris
1530 1531 1901 1600 Conuentus
1935 1533 2172 1602 Sancte
2222 1536 2486 1621 Dextre,
2543 1534 2654 1602 vbi
2706 1538 3003 1621 prestare

749 1646 1112 1714 debuerunt
1141 1647 1640 1727 sacramentum,
1691 1642 2072 1729 recepimuS,
2110 1648 2173 1709 et
2203 1643 2372 1711 sicut
2400 1643 2590 1711 nobis
2621 1664 2743 1731 per
2780 1649 3003 1729 partes

749 1759 851 1822 est
881 1754 1159 1821 relatum
1191 1774 1207 1816 ε
1258 1748 1433 1836 quod
1461 1755 1706 1818 terram
1753 1749 2030 1818 duorum
2062 1759 2428 1820 aratrorum
2477 1752 2561 1820 de
2592 1758 2766 1819 terra
2795 1752 3002 1817 Chen·

749 1882 913 1948 guer
940 1861 1148 1930 Ponet
1176 1857 1414 1925 Comiti
1442 1858 1720 1943 pacifice
1753 1866 1820 1926 et
1849 1858 2067 1944 quiete
2096 1859 2235 1925 iure
2264 1868 2580 1946 perpetuo
2603 1859 3005 1945 reliquerunt

747 1968 1236 2058 possidendam,
1286 1965 1406 2032 tali
1455 1974 1672 2032 tamen
1728 1964 1959 2052 modo;
2012 1967 2187 2052 quod
2219 1967 2425 2035 Ponet
2473 1971 2686 2036 Pouse
2737 1972 2806 2033 et
2833 1968 3001 2033 Lau-

748 2078 965 2147 rencio
1015 2074 1507 2164 quatuordecim
1560 2094 1816 2141 marcas
1850 2073 2007 2141 dare
2057 2079 2376 2144 teneatur.
2406 2076 2615 2160 Igitur
2644 2075 2814 2142 inter
2845 2080 2999 2141 tem·

746 2207 871 2275 pus
903 2182 1256 2254 solucionis
1289 2180 1579 2268 pecunie,
1633 2182 1791 2249 dicti
1822 2182 2039 2251 Pousa
2079 2191 2143 2250 et
2173 2185 2574 2253 Laurencius
2625 2191 2850 2254 contra
2880 2182 2999 2248 Re-

747 2297 903 2362 kam
934 2300 999 2359 et
1028 2290 1309 2374 Bolosey
1341 2290 1411 2355 in
1442 2289 1744 2357 examine
1774 2288 1975 2357 duelli
2021 2310 2141 2378 pro
2176 2291 2330 2359 furti
2366 2292 2635 2360 crimine
2666 2297 2818 2358 sunt
2848 2306 3000 2355 con-

751 2401 928 2485 uicti,
980 2399 1093 2485 qui
1131 2401 1349 2465 Pousa
1396 2396 1751 2483 suspendio
1806 2399 2342 2485 condempnatus,
2394 2399 2790 2467 Laurencius
2840 2413 3000 2463 vero

747 2509 1010 2596 fugiens
1041 2506 1382 2574 ecclesiam
1411 2505 1722 2591 introiuit,
1757 2511 1823 2574 et
1854 2506 1949 2573 sic
1980 2508 2320 2592 sanguinis
2341 2509 2555 2577 euasit
2594 2507 2999 2590 effusionem,

745 2626 1013 2706 totaque
1065 2635 1287 2684 eorum
1318 2614 1653 2703 possessio
1705 2622 1838 2683 tam
1870 2616 1958 2684 ad
1992 2638 2221 2685 manus
2269 2619 2478 2705 partis
2508 2616 2807 2703 aduerse,
2860 2621 3000 2683 tam

746 2728 833 2795 ad
880 2735 1140 2794 nostras
1189 2722 1314 2790 fuit
1361 2722 1709 2809 deuoluta3
1762 2724 2058 2793 similiter
2106 2733 2171 2794 et
2202 2727 2407 2795 Ponet
2446 2725 2679 2795 Comes
2725 2726 3001 2794 terciam

744 2841 999 2923 partem
1051 2830 1538 2916 quatuordecim
1572 2851 1955 2920 marcarum,
2007 2833 2241 2918 quibus
2280 2837 2495 2903 Pouse
2540 2843 2606 2904 et
2634 2833 2999 2904 Laurencio

744 2942 1106 3025 tenebatur,
1159 2940 1332 3026 parti
1386 2939 1584 3006 soluit
1615 2939 1912 3027 aduerso,
1966 2941 2131 3010 duas
2170 2964 2322 3010 vero
2371 2950 2592 3032 partes
2643 2942 3001 3010 earundem

746 3069 1109 3121 marcarum
1132 3047 1319 3116 nobis
1352 3055 1684 3133 tamquam
1705 3050 1917 3136 judici
1939 3052 2276 3137 persoluit.
2312 3051 2459 3130 Qua
2486 3053 2567 3121 de
2586 3072 2787 3120 causa
2818 3071 3000 3138 sepe-

743 3163 987 3230 dictam
1018 3164 1259 3226 terram
1292 3157 1565 3226 duorum
1587 3167 1948 3227 aratrorum
1967 3160 2050 3227 de
2069 3169 2246 3228 terra
2265 3160 2630 3249 Chenguer,
2669 3163 2825 3228 licet
2851 3162 3001 3245 ipsa

746 3282 922 3338 terra
955 3268 1146 3335 matri
1178 3268 1388 3334 Pouse
1420 3273 1486 3334 et
1515 3268 1863 3353 Laurencij
1897 3288 2014 3353 pro
2050 3289 2172 3337 sua
2201 3269 2356 3337 dote
2388 3270 2546 3337 data
2575 3269 2808 3353 fuerat,
2841 3268 3001 3353 quia

747 3387 1078 3461 tamquam
1109 3374 1429 3442 detenti-ix
1465 3374 1702 3460 furum,
1749 3375 2025 3444 filiorum
2062 3377 2314 3444 scilicet
2345 3397 2625 3462 suorum,
2665 3377 2797 3462 qui,
2832 3377 3002 3443 sicut

748 3487 1171 3576 prediximus,
1212 3483 1278 3549 in
1313 3482 1463 3548 furti
1495 3483 1764 3552 crimine
1796 3484 2048 3552 fuerunt
2080 3486 2378 3569 conuicti,
2414 3485 2821 3572 deprehensa
2854 3483 2999 3568 fuit,

749 3618 867 3686 per
879 3593 1252 3664 Gabrielem
1272 3591 1670 3680 prestaldum
1689 3592 1857 3682 (igy)
1881 3595 1961 3662 de
1984 3595 2146 3662 uilla
2162 3597 2304 3663 Toh
2323 3596 2533 3663 eidem
2545 3594 2998 3665 PonetOomiti

746 3708 884 3775 iure
917 3708 1227 3791 perpetuo
1260 3709 1327 3768 et
1358 3700 1886 3770 inreuocabiliter
1914 3702 2183 3770 fecimus
2205 3704 2552 3789 assignari.
2587 3705 2670 3771 Et
2703 3722 2784 3771 ne
2803 3703 2998 3770 huius

750 3815 845 3883 rei
878 3810 1082 3879 series
1114 3809 1181 3875 in
1215 3809 1460 3876 irritum
1492 3829 1608 3896 per
1637 3809 1926 3895 aliquem
1957 3811 2167 3897 possit
2198 3812 2512 3897 reuocari,
2566 3811 2653 3879 ad
2683 3818 2999 3899 perpetue

747 3922 944 3990 robur
974 3915 1356 3986 stabilitatis
1387 3925 1726 4002 presentes
1746 3917 1971 3985 literas
2003 3920 2440 3987 concessimus
2489 3918 2721 4007 sig(illi
2759 3918 2996 4004 nostri)

745 4027 1107 4116 patrocinio
1140 4026 1502 4095 roboratas.
1538 4026 1784 4094 Datum
1815 4048 1988 4095 anno
2010 4028 2270 4096 Domini
2302 4030 2391 4095 M⁰
2412 4026 2542 4093 CC⁰
2562 4030 2781 4096 XXX⁰
2800 4047 2994 4095 nono.

747 4208 1022 4277 (Et-edotio
1039 4203 1391 4274 bssrhartyfin,
1418 4206 1667 4273 melynek
1694 4208 1863 4274 fssgg6
1890 4208 2129 4274 pecsetje
2150 4210 2426 4275 elveszett,
2453 4210 2612 4261 elssbb
2635 4223 2667 4260 a
2694 4224 2776 4276 gr.
2798 4208 2998 4275 Gyulai

745 4297 931 4351 csalad
957 4294 1346 4359 leveltltraban,
1371 4302 1513 4348 most
1539 4312 1602 4348 az
1628 4294 1836 4362 erdelyi
1860 4297 2112 4349 Muzeum
2138 4296 2600 4351 kezirattaraban.
2638 4299 2796 4352 szli
2820 4297 2998 4349 Szabo

746 4387 965 4455 Karoly.
1003 4386 1195 4442 Kollar
1217 4385 1483 4440 masolata
1507 4385 1638 4440 utan
1663 4385 1874 4441 szamos
1912 4386 2333 4445 ertelemzavaro
2357 4386 2583 4441 hibival
2621 4388 2810 4441 kiadta
2836 4386 2999 4453 Fejer

1157 4478 1289 4531 Cod.
1315 4477 1549 4545 Diplom.
1576 4477 1762 4544 Hung.
1789 4477 1882 4529 Π.
1909 4477 1960 4529 d.
1988 4479 2030 4530 1.
2058 4478 2169 4531 ket.
2212 4479 2513 4531 ιτα-172.
2540 4478 2601 4545 l.)

1609 4686 1721 4697 *—
