3359 5250
1784 373 1912 442 138

1783 939 1898 1011 sl.

708 1125 804 1193 Aa
834 1123 1201 1213 emergatur·
1229 1121 1675 1209 kdptalmmak
1704 1119 2250 1208 bizonyoctylmla,
2298 1120 2459 1207 hoqy
2489 1117 2725 1202 Ousud,
2766 1116 2969 1184 Haru-

707 1233 956 1299 lmmak
989 1231 1110 1317 fia,
1156 1227 1452 1296 Bahman
1510 1228 1784 1296 biv-tolcae
1838 1227 2140 1294 Kolenda
2172 1225 2435 1312 fiaimk
2482 1224 2722 1293 andra.
2771 1226 2970 1294 1243.

1441 1412 1501 1474 A
1683 1405 1737 1470 B
1919 1403 1971 1471 C
2154 1404 2214 1470 D

941 1584 1231 1653 Achilles
1280 1584 1526 1652 Diuina
1577 1583 2011 1652 miseracione
2060 1580 2442 1668 Propositus
2491 1580 2962 1665 strigoniensis

705 1693 1204 1777 vniuersumque
1235 1688 1528 1758 eiusdem
1577 1689 1709 1760 loci
1740 1689 2114 1777 Capitulum
2149 1689 2453 1757 omnibns
2493 1693 2830 1776 presentes
2861 1687 2968 1756 lit·

705 1805 877 1865 teras
908 1797 1296 1887 inspecturis
1329 1797 1607 1865 salutem
1638 1797 1707 1863 in
1740 1796 2023 1867 Domino
2055 1796 2219 1865 Jesu
2254 1795 2533 1865 Christo.
2575 1794 2680 1862 Ad
2708 1795 2967 1863 vniner·

703 1924 921 1974 sorum
950 1905 1263 1975 noticiam
1281 1904 1581 1975 volumus
1614 1904 1980 1992 peruenire,
2021 1904 2199 1988 qnod
2217 1901 2440 1972 Cusnd
2471 1903 2644 1971 filius
2664 1902 2969 1970 Hatubur

704 2014 771 2079 in
799 2023 1024 2083 nostra
1077 2014 1467 2081 constitutus
1518 2012 1882 2099 presencia,
1934 2033 2054 2080 sna
2085 2014 2276 2080 nobis
2322 2012 2653 2081 relacione
2703 2010 2966 2079 demon·

704 2121 959 2208 strauit,
1015 2118 1191 2206 quod
1221 2117 1639 2187 medietatem
1688 2123 1861 2186 terre
1898 2120 2199 2189 Ruhman
2248 2140 2368 2207 pro
2400 2139 2519 2187 sex
2568 2118 2807 2186 marcis
2860 2140 2965 2187 ar-

705 2230 904 2314 genti,
938 2237 1004 2297 et
1036 2228 1453 2296 medietatem
1491 2227 1828 2296 cuiusdam
1867 2236 2042 2295 terre
2074 2228 2344 2295 alterins
2375 2225 2686 2295 videlicet
2713 2227 2963 2294 Tusna-

701 2336 929 2421 pulay‚
963 2356 1088 2420 que
1122 2343 1224 2403 est
1253 2337 1386 2404 sita
1415 2337 1604 2403 iuxta
1634 2343 1878 2403 terram
1912 2335 2243 2420 Kalanda,
2276 2355 2395 2422 pro
2429 2333 2684 2403 duabus
2718 2335 2961 2402 marcis

701 2444 956 2528 argenti
985 2444 1123 2513 iure
1153 2443 1547 2513 hereditario
1584 2463 1952 2532 possessas,
1986 2445 2190 2511 Petch
2221 2451 2289 2512 et
2316 2442 2504 2511 fratri
2526 2440 2818 2511 eiusdem
2843 2463 2958 2512 no·

707 2551 880 2619 mine
912 2550 1287 2640 Benedicto,
1338 2551 1496 2639 filijs
1545 2552 1725 2619 Petri
1778 2552 1861 2619 de
1893 2550 2219 2638 Kalanda,
2267 2550 2592 2620 vendiditt
2639 2558 2960 2639 perpetuo

699 2657 1171 2745 possidendas;
1230 2665 1296 2725 et
1325 2657 1502 2726 idem
1535 2656 1758 2725 Cusud
1788 2657 2129 2745 professus
2163 2664 2281 2745 est,
2334 2656 2579 2725 dictam
2609 2659 2960 2744 pecuniam

700 2767 994 2852 plenarie
1041 2766 1392 2852 recepisse.
1462 2764 1664 2833 Cuius
1716 2765 1926 2834 eciam
1974 2773 2150 2834 terre
2198 2765 2494 2833 Ruhman
2546 2765 2959 2833 medietatem

701 2872 901 2940 aliam
934 2871 1335 2939 Lauduanus
1385 2880 1451 2941 et
1482 2872 1866 2957 Gregorius,
1910 2874 2306 2959 jobagiones
2344 2873 2561 2941 castri
2591 2872 2961 2959 Nengradi-

697 2980 874 3048 ensis
906 2979 991 3045 ab
1024 2976 1257 3046 eodem
1288 2976 1510 3047 Ousud
1544 2998 1942 3065 possessam,
1984 2980 2416 3050 vendiderunt
2456 2980 2703 3049 eisdem
2747 2982 2955 3049 Petch

697 3094 762 3154 et
791 3086 1165 3172 Benedicto,
1200 3095 1390 3173 prout
1419 3089 1487 3154 in
1521 3087 1757 3155 litteris
1789 3088 2036 3156 nostris
2067 3088 2397 3177 prioribus
2430 3089 2832 3174 continetur;
2890 3096 2957 3156 et

696 3197 792 3263 ita
820 3195 1046 3264 totalis
1097 3203 1273 3263 terra
1305 3196 1602 3262 Rnhman
1636 3195 1725 3262 ad
1773 3196 1877 3265 ius
1912 3204 1977 3264 et
2024 3196 2379 3265 dominium
2409 3197 2609 3264 Petch
2658 3204 2726 3264 et
2754 3197 2958 3266 Bene-

696 3302 854 3371 dicti
900 3309 1390 3387 prenotatorum
1423 3310 1525 3369 est
1556 3303 1865 3372 deuoluta
1895 3305 2067 3374 iusto
2108 3304 2299 3371 titulo
2339 3306 2715 3392 empcionis.
2769 3305 2956 3373 Gom·

695 3409 982 3475 metanei
1032 3414 1249 3476 autem
1297 3417 1473 3477 terre
1521 3410 1825 3478 Ruhman
1879 3418 2033 3480 sunt
2078 3413 2222 3499 hyr
2271 3412 2505 3498 Arrua,
2567 3414 2724 3500 Isyp
2778 3413 2954 3480 filius

695 3516 928 3600 Pulan,
963 3523 1029 3584 et
1060 3515 1301 3583 Fulcus
1333 3515 1509 3584 filius
1539 3517 1818 3586 Pouche.
1868 3520 1954 3586 Vt
1980 3520 2183 3608 igitur
2227 3539 2430 3607 supra
2470 3519 2643 3587 dicta
2690 3540 2955 3606 posses-

698 3625 795 3691 sio
829 3625 1022 3692 salua
1053 3644 1308 3711 semper
1339 3634 1727 3711 permaneat
1756 3635 1824 3695 et
1852 3628 2266 3713 inconcussa,
2309 3647 2508 3716 super
2536 3628 2663 3698 hoc
2691 3649 2953 3717 presen-

695 3738 797 3798 tes
846 3732 1103 3799 litteras
1153 3733 1596 3801 concessimus
1658 3734 1866 3822 sigilli
1914 3736 2119 3806 nostri
2168 3736 2521 3804 munimine
2586 3738 2946 3809 roboratas.

692 3840 939 3906 Datum
960 3859 1079 3926 per
1099 3859 1331 3907 manus
1344 3841 1610 3910 Licardi
1623 3843 1940 3930 Lectoris,
1963 3865 2135 3915 anno
2157 3845 2382 3930 gracie
2401 3845 2492 3912 Μο
2504 3844 2947 3913 CC⁰XL⁰III⁰.

696 3946 1072 4014 Venerabili
1093 3954 1279 4034 patre
1298 3956 1521 4018 nostro
1539 3951 1875 4036 Stephano
1888 3951 2416 4041 Archiepiscopo,
2430 3955 2626 4023 Petro
2641 3952 2947 4039 Cantore,

689 4052 987 4119 Fabiano
1020 4054 1308 4139 Decano,
1330 4055 1678 4125 Ambrosio
1700 4055 2010 4145 Custode,
2045 4058 2410 4142 ceterisque
2429 4057 2779 4128 Canonicis
2811 4059 2950 4128 feli-

692 4159 853 4226 citer
895 4160 1344 4230 existentibus.

704 4356 961 4410 Eredetie
987 4357 1337 4427 berhartyan,
1366 4376 1400 4413 a
1423 4361 1611 4429 peccet
1628 4364 1904 4426 elveszett,
1930 4377 1965 4414 a
1990 4361 2195 4419 fssmelt.
2223 4363 2457 4431 herczeg
2476 4363 2807 4433 Eszterlulzy
2826 4381 2943 4420 css-

1489 4449 1691 4505 ladnak
1714 4449 2135 4519 levdltiraban.)
