3359 5250
1771 296 1898 365 164

703 495 1307 566 commendabiliter
1342 495 1759 583 reportando.
1813 494 1988 573 Quid
2021 491 2266 579 plura?
2317 490 2421 558 Ad
2451 499 2673 581 partes
2703 494 2964 579 Ruscie‚

702 604 884 675 etad
932 611 1151 693 partes
1181 605 1492 692 Bulgarie
1525 604 1593 670 in
1643 611 1869 671 nostra
1899 603 2243 687 legacione
2294 603 2640 692 profectus,
2693 606 2780 672 ab
2810 607 2963 672 Illu-

699 715 1021 782 strissimo
1054 716 1240 781 Duce
1270 712 1551 798 Danela‚
1605 710 1715 796 qui
1748 711 2169 779 Tartar-orum
2204 710 2509 796 Principe
2559 712 2825 782 uisitato
2875 713 2966 780 ad

695 823 963 912 propria
994 821 1278 908 rediens,
1325 821 1701 889 vniuersum
1731 824 1972 887 statum
2002 819 2445 908 Tartar-orum,
2483 827 2677 908 prout
2706 822 2962 889 viderat

695 941 760 1000 et
790 937 1202 1017 cognouerat,
1237 929 1728 998 edisserendum
1758 928 1946 995 nobis
1977 928 2367 1015 promiserat
2385 928 2520 996 stili
2559 928 2774 998 officio
2807 948 2956 996 eon-

696 1042 921 1125 ditum,
951 1039 1348 1127 reportauit3
1398 1038 1467 1105 in
1497 1038 1812 1123 Bulgaria
1843 1057 1999 1105 uero
2049 1057 2170 1125 per
2199 1037 2421 1124 plures
2467 1056 2727 1105 menses
2777 1037 2954 1106 inuo-

693 1148 975 1218 luntarie
1007 1146 1329 1233 detentus,
1379 1147 1727 1233 negocium
1759 1146 1988 1230 eciam,
2038 1166 2159 1232 pro
2193 1166 2321 1231 quo
2360 1166 2505 1213 eum
2545 1146 2957 1232 miseramus,

695 1256 1102 1344 promocioni
1131 1255 1417 1323 reddidit
1448 1252 2000 1339 commendande3
2051 1252 2294 1320 saliens
2327 1254 2502 1321 idem
2534 1254 2846 1324 Nicolaus
2881 1255 2962 1323 de

693 1365 942 1432 uirtute
972 1362 1307 1432 fidelitatis
1338 1361 1403 1430 in
1437 1361 1746 1432 uirtutem
1778 1360 2182 1448 deuocionis,
2231 1362 2499 1429 easdem
2542 1362 2784 1431 uirtute
2815 1384 2960 1432 con-

695 1471 950 1542 stancie
972 1471 1162 1559 quasi
1182 1469 1466 1559 quodam
1485 1470 1827 1555 signaculo
1848 1469 2239 1539 roborando.
2273 1470 2352 1538 ln
2382 1490 2654 1556 quorum
2673 1470 2962 1539 omnium

695 1603 773 1650 ac
809 1579 1020 1649 eciam
1068 1579 1352 1667 plurium
1400 1577 1827 1647 seruiciorum
1877 1579 2040 1666 eius,
2091 1598 2218 1665 que
2263 1578 2483 1648 omnia
2530 1598 2649 1665 per
2696 1577 2966 1663 singula

694 1692 965 1775 longum
999 1695 1177 1757 esset
1206 1686 1474 1756 litterali
1495 1685 1762 1756 oraculo
1789 1687 2089 1774 recitare,
2122 1687 2424 1772 quamuis
2456 1687 2671 1755 minus
2692 1687 2960 1773 dignam

692 1800 762 1866 in
792 1795 1475 1886 reconpensaeionem,
1510 1794 1730 1863 sibiet
1758 1814 1875 1883 per
1896 1816 2043 1863 eum
2076 1796 2213 1863 suis
2252 1794 2606 1864 heredibus
2626 1795 2963 1863 heredum·

696 1926 827 1993 que
856 1925 1123 1975 suorum
1150 1904 1633 1974 successoribus
1665 1904 1995 1989 quandam
2026 1912 2265 1972 terram
2297 1902 2511 1972 Castri
2551 1904 2757 1972 nostri
2790 1905 2962 1971 Hun-

702 2014 905 2083 tensis
928 2017 1232 2102 Koarzeg
1262 2021 1589 2101 uocatam,
1623 2012 1929 2099 vicinam,
1952 2019 2472 2083 commetaneam
2493 2019 2561 2081 et
2585 2014 2962 2098 contiguam

695 2130 869 2191 terre
922 2120 1272 2189 Chalamia
1319 2129 1554 2191 vocate
1573 2171 1593 2209 ,
1663 2140 1861 2206 quam
1909 2128 2061 2209 post
2108 2122 2352 2190 exitum
2402 2122 2824 2189 Tartarorum
2875 2120 2959 2188 de

696 2232 924 2316 Regno
974 2237 1219 2318 nostro,
1268 2231 1537 2298 Buluzlo
1589 2230 1671 2297 de
1703 2229 1978 2299 Nadasd
2031 2231 2226 2299 homo
2273 2238 2493 2300 noster
2542 2251 2687 2298 cum
2735 2236 2958 2299 nostro

699 2340 968 2426 registo‚
1002 2346 1306 2427 presente
1326 2338 1701 2410 testimonio
1723 2338 2008 2427 Capituli
2032 2338 2391 2426 Vaciensis‚
2424 2346 2490 2407 et
2507 2340 2716 2407 eciam
2734 2358 2961 2406 omnes

700 2448 872 2515 alias
893 2453 1106 2515 terras
1137 2446 1430 2515 eiusdem
1452 2446 1670 2515 Castri
1700 2449 1906 2518 nostri
1940 2447 2446 2536 reinpediuerat7
2482 2468 2678 2535 quam
2697 2448 2960 2533 quidem

699 2565 943 2625 terram
973 2556 1278 2645 Koarzeg
1327 2564 1650 2644 uocatam,
1702 2558 1823 2623 sub
1857 2555 2106 2626 eisdem
2156 2560 2345 2627 metis
2378 2562 2443 2626 et
2473 2557 2785 2643 terminis,
2838 2557 2960 2626 sub

701 2667 934 2751 quibus
967 2675 1069 2736 est
1099 2668 1406 2753 limitata,
1440 2665 1655 2735 eidem
1687 2667 1963 2735 Nicolao
1995 2667 2128 2735 filio
2150 2667 2408 2735 Obichk
2439 2687 2557 2756 pro
2588 2673 2686 2735 tot
2721 2672 2788 2735 et
2820 2675 2962 2735 tan·

697 2775 787 2842 tis
818 2776 1117 2862 seruiciJs
1148 2776 1286 2843 suis
1317 2775 1685 2863 meritoriis,
1718 2774 1873 2843 licet
1906 2776 2229 2845 modicum
2260 2775 2524 2861 quidem
2557 2776 2662 2864 sit,
2698 2775 2779 2844 de
2811 2797 2960 2845 con-

701 2902 899 2951 sensu
928 2891 994 2951 et
1014 2882 1350 2951 voluntate
1386 2884 1672 2953 omnium
1705 2884 2065 2952 vicinorum
2085 2892 2151 2953 et
2171 2889 2755 2952 commetaneorum
2789 2882 2961 2952 dicte

700 2997 894 3078 terre,
927 2989 1202 3059 Comitis
1233 2990 1487 3061 scilicet
1506 2992 1869 3080 Stanizlay‚
1904 3000 1969 3060 et
1990 2992 2339 3079 Pangracij
2372 2992 2490 3077 filij
2525 2991 2668 3077 sui3
2700 3011 2744 3057 a
2774 2998 2961 3078 parte

699 3099 1004 3169 orientali
1036 3099 1374 3189 Lamperti
1405 3101 1490 3169 de
1513 3150 1530 3168 .
1553 3153 1569 3169 .
1591 3121 1772 3188 zene‚
1805 3107 1871 3169 et
1899 3101 2178 3169 filiorum
2211 3120 2513 3187 suorum3
2548 3120 2590 3167 a
2625 3106 2814 3187 parte
2837 3121 2963 3169 me-

700 3208 1008 3278 ridionali
1038 3210 1363 3279 Feliciani
1394 3209 1478 3278 de
1510 3210 2151 3297 thazaschalamia
2187 3217 2254 3277 et
2281 3209 2559 3278 filiorum
2599 3228 2883 3293 suorum,
2920 3229 2962 3276 a

699 3324 888 3402 parte
907 3318 1298 3387 occidentali
1328 3320 1608 3404 Nicolai,
1644 3341 1725 3388 ac
1745 3319 2034 3388 Paznani
2071 3319 2188 3405 filij
2222 3318 2344 3404 sui,
2378 3325 2446 3387 et
2462 3317 2719 3386 Nicolai
2741 3318 2962 3385 fratris

696 3423 985 3495 Paznani
1031 3426 1461 3515 personaliter
1508 3428 1973 3497 adherencium
2003 3480 2022 3517 ‚
2071 3428 2371 3497 dedimus
2389 3477 2409 3513 ,
2459 3426 2845 3496 donanimus
2891 3433 2959 3493 et

700 3533 1087 3602 contulimus
1137 3555 1282 3602 cum
1331 3536 1628 3605 omnibus
1659 3535 2057 3604 Vtilitatibus
2089 3544 2155 3603 et
2184 3534 2605 3625 pertinenciis
2652 3534 2790 3603 suis
2821 3535 2958 3600 vni-

699 3643 908 3710 uersis
940 3650 1252 3730 perpetuo
1285 3650 1351 3711 et
1377 3644 1896 3715 irreuoeabiliter
1924 3642 2412 3731 possidendam.
2465 3641 2665 3710 Cuius
2696 3641 2962 3725 quidem

698 3757 871 3819 terre
931 3759 1102 3821 mete
1146 3752 1272 3822 hoc
1318 3754 1544 3823 ordine
1593 3752 2083 3839 distinguntur:
2135 3752 2358 3819 Prima
2405 3756 2581 3818 meta
2629 3749 2866 3837 incipit
2914 3770 2959 3815 a

698 3866 888 3947 parte
936 3859 1239 3928 orientali
1289 3859 1372 3928 de
1418 3869 1592 3929 terra
1628 3862 1932 3948 Koarzeg
1963 3867 2217 3947 vocata,
2268 3860 2380 3929 vbi
2412 3866 2562 3928 sunt
2623 3859 2751 3926 due
2782 3865 2958 3926 mete

698 3975 906 4036 tel-ree
935 3967 1122 4037 iuxta
1155 3968 1427 4037 fluuium
1461 3969 1641 4057 Ipul,
1690 3976 1757 4037 et
1785 3969 1878 4036 ibi
1910 3968 2090 4037 cadit
2119 3969 2187 4035 in
2220 3971 2433 4057 ipsum
2465 3967 2736 4035 fluuium
2766 3967 2960 4055 Ipul;

700 4076 936 4144 deinde
985 4082 1199 4144 autem
1252 4075 1458 4145 tendit
1507 4097 1736 4146 uersus
1788 4075 2129 4146 meridiem
2181 4077 2271 4144 ad
2320 4086 2564 4145 terram
2604 4074 2965 4163 Lamperti,

698 4203 825 4269 que
868 4184 1040 4252 Riba
1070 4190 1358 4269 uocatur,
1408 4192 1476 4253 et
1523 4185 1727 4253 currit
1775 4183 1841 4252 in
1872 4186 2023 4273 ipsa
2071 4205 2246 4272 aqua
2284 4204 2402 4272 per
2452 4204 2760 4272 magnum
2810 4202 2959 4269 spa·

698 4292 871 4360 cium
903 4292 1136 4379 eundo,
1179 4297 1243 4359 et
1273 4291 1364 4359 ibi
1397 4291 1617 4360 veniet
1662 4291 1752 4359 ad
1780 4293 2150 4360 Haradissa
2189 4291 2486 4360 Castrum
2528 4292 2596 4360 in
2627 4311 2822 4358 unum
2852 4310 2966 4356 ne-

698 4421 842 4468 mus
874 4400 962 4467 ad
992 4399 1413 4488 occidentem,
1464 4398 1641 4486 quod
1671 4402 1872 4486 vulgo
1902 4400 2094 4467 Holm
2127 4399 2384 4487 dicitur,
2436 4407 2500 4467 et
2531 4419 2734 4487 prope
2764 4398 2956 4464 illum

700 4507 1120 4576 monticulum
1167 4530 1397 4597 pamm
1440 4509 1892 4577 descendendo
1942 4514 2092 4576 sunt
2140 4508 2267 4575 due
2298 4515 2469 4577 mete
2517 4517 2746 4593 terree,
2801 4507 2972 4574 etin

698 4616 925 4685 eodem
959 4637 1222 4686 nemore
1252 4624 1353 4685 est
1380 4619 1509 4685 vna
1541 4617 1670 4705 via,
1704 4636 1835 4700 qua
1865 4617 2000 4685 exit
2032 4616 2114 4685 de
2148 4618 2267 4687 illo
2303 4639 2587 4706 nemore,
2634 4624 2700 4683 et
2731 4616 2974 4685 transit
