<?xml version="1.0" encoding="UTF-8"?>
<!DOCTYPE html PUBLIC "-//W3C//DTD XHTML 1.0 Transitional//EN"
    "http://www.w3.org/TR/xhtml1/DTD/xhtml1-transitional.dtd">
<html xmlns="http://www.w3.org/1999/xhtml" xml:lang="en" lang="en">
 <head>
  <title>
</title>
<meta http-equiv="Content-Type" content="text/html;charset=utf-8" />
  <meta name='ocr-system' content='tesseract 3.04.00' />
  <meta name='ocr-capabilities' content='ocr_page ocr_carea ocr_par ocr_line ocrx_word'/>
</head>
<body>
  <div class='ocr_page' id='page_1' title='image "./codexdiplomatic09unkngoog_0466.png"; bbox 0 0 3359 5250; ppageno 0'>
   <div class='ocr_carea' id='block_1_1' title="bbox 1783 312 1916 379">
    <p class='ocr_par' dir='ltr' id='par_1_1' title="bbox 1783 312 1916 379">
     <span class='ocr_line' id='line_1_1' title="bbox 1783 312 1916 379; baseline 0.015 -2"><span class='ocrx_word' id='word_1_1' title='bbox 1783 312 1916 379; x_wconf 83' lang='lat'><strong>426</strong></span> 
     </span>
    </p>
   </div>
   <div class='ocr_carea' id='block_1_2' title="bbox 1691 402 2017 414">
    <p class='ocr_par' dir='ltr' id='par_1_2' title="bbox 1691 402 2017 414">
     <span class='ocr_line' id='line_1_2' title="bbox 1691 402 2017 414; baseline 0 4836"><span class='ocrx_word' id='word_1_2' title='bbox 1691 402 2017 414; x_wconf 95' lang='lat' dir='ltr'><strong> </strong></span> 
     </span>
    </p>
   </div>
   <div class='ocr_carea' id='block_1_3' title="bbox 723 506 2985 3952">
    <p class='ocr_par' dir='ltr' id='par_1_3' title="bbox 723 506 2985 3952">
     <span class='ocr_line' id='line_1_3' title="bbox 723 506 2974 601; baseline -0.004 -19"><span class='ocrx_word' id='word_1_3' title='bbox 723 514 1055 601; x_wconf 89' lang='lat' dir='ltr'><strong>quandam</strong></span> <span class='ocrx_word' id='word_1_4' title='bbox 1103 513 1363 596; x_wconf 85' lang='lat' dir='ltr'><strong>vallem,</strong></span> <span class='ocrx_word' id='word_1_5' title='bbox 1413 516 1481 578; x_wconf 88' lang='lat' dir='ltr'><strong>et</strong></span> <span class='ocrx_word' id='word_1_6' title='bbox 1524 528 1641 597; x_wconf 89' lang='lat' dir='ltr'><strong>per</strong></span> <span class='ocrx_word' id='word_1_7' title='bbox 1697 527 1843 577; x_wconf 88' lang='lat' dir='ltr'><strong>eam</strong></span> <span class='ocrx_word' id='word_1_8' title='bbox 1894 506 2297 577; x_wconf 87' lang='lat' dir='ltr'><strong>descendens</strong></span> <span class='ocrx_word' id='word_1_9' title='bbox 2344 507 2526 575; x_wconf 87' lang='lat' dir='ltr'><strong>cadit</strong></span> <span class='ocrx_word' id='word_1_10' title='bbox 2573 506 2644 575; x_wconf 88' lang='lat' dir='ltr'><strong>id</strong></span> <span class='ocrx_word' id='word_1_11' title='bbox 2692 508 2974 576; x_wconf 88' lang='lat' dir='ltr'><strong>riuulum</strong></span> 
     </span>
     <span class='ocr_line' id='line_1_4' title="bbox 725 615 2969 709; baseline -0.003 -18"><span class='ocrx_word' id='word_1_12' title='bbox 725 622 1081 707; x_wconf 82' lang='lat' dir='ltr'><strong>Desnieha,</strong></span> <span class='ocrx_word' id='word_1_13' title='bbox 1124 627 1190 689; x_wconf 88' lang='lat' dir='ltr'><strong>et</strong></span> <span class='ocrx_word' id='word_1_14' title='bbox 1216 640 1330 709; x_wconf 90' lang='lat' dir='ltr'><strong>per</strong></span> <span class='ocrx_word' id='word_1_15' title='bbox 1362 619 1578 706; x_wconf 80' lang='lat' dir='ltr'><strong>ipsam</strong></span> <span class='ocrx_word' id='word_1_16' title='bbox 1609 615 1823 686; x_wconf 88' lang='lat' dir='ltr'><strong>eundo</strong></span> <span class='ocrx_word' id='word_1_17' title='bbox 1854 617 1991 686; x_wconf 85' lang='lat' dir='ltr'><strong>exit</strong></span> <span class='ocrx_word' id='word_1_18' title='bbox 2022 616 2089 684; x_wconf 86' lang='lat' dir='ltr'><strong>in</strong></span> <span class='ocrx_word' id='word_1_19' title='bbox 2123 616 2363 685; x_wconf 84' lang='lat' dir='ltr'><strong>vallem</strong></span> <span class='ocrx_word' id='word_1_20' title='bbox 2411 616 2674 685; x_wconf 88' lang='lat' dir='ltr'><strong>nomine</strong></span> <span class='ocrx_word' id='word_1_21' title='bbox 2706 616 2969 703; x_wconf 81' lang='lat' dir='ltr'><strong>Hymel·</strong></span> 
     </span>
     <span class='ocr_line' id='line_1_5' title="bbox 725 724 2974 819; baseline -0.003 -20"><span class='ocrx_word' id='word_1_22' title='bbox 725 733 910 800; x_wconf 85' lang='lat' dir='ltr'><strong>linna</strong></span> <span class='ocrx_word' id='word_1_23' title='bbox 934 733 1049 819; x_wconf 79' lang='lat'><strong>(?),</strong></span> <span class='ocrx_word' id='word_1_24' title='bbox 1086 736 1153 797; x_wconf 89' lang='lat' dir='ltr'><strong>et</strong></span> <span class='ocrx_word' id='word_1_25' title='bbox 1183 728 1367 797; x_wconf 88' lang='lat' dir='ltr'><strong>vadit</strong></span> <span class='ocrx_word' id='word_1_26' title='bbox 1416 726 1505 795; x_wconf 90' lang='lat' dir='ltr'><strong>ad</strong></span> <span class='ocrx_word' id='word_1_27' title='bbox 1536 733 1738 814; x_wconf 88' lang='lat' dir='ltr'><strong>caput</strong></span> <span class='ocrx_word' id='word_1_28' title='bbox 1787 724 2102 810; x_wconf 88' lang='lat' dir='ltr'><strong>eiusdem,</strong></span> <span class='ocrx_word' id='word_1_29' title='bbox 2152 726 2378 811; x_wconf 84' lang='lat' dir='ltr'><strong>ibique</strong></span> <span class='ocrx_word' id='word_1_30' title='bbox 2409 730 2560 793; x_wconf 88' lang='lat' dir='ltr'><strong>sunt</strong></span> <span class='ocrx_word' id='word_1_31' title='bbox 2609 725 2738 793; x_wconf 88' lang='lat' dir='ltr'><strong>due</strong></span> <span class='ocrx_word' id='word_1_32' title='bbox 2786 732 2974 810; x_wconf 87' lang='lat' dir='ltr'><strong>mete,</strong></span> 
     </span>
     <span class='ocr_line' id='line_1_6' title="bbox 724 831 2977 927; baseline -0.001 -21"><span class='ocrx_word' id='word_1_33' title='bbox 724 860 997 927; x_wconf 84' lang='lat' dir='ltr'><strong>quarum</strong></span> <span class='ocrx_word' id='word_1_34' title='bbox 1029 860 1162 907; x_wconf 86' lang='lat' dir='ltr'><strong>vna</strong></span> <span class='ocrx_word' id='word_1_35' title='bbox 1193 837 1473 920; x_wconf 79' lang='lat' dir='ltr'>Gordus,</span> <span class='ocrx_word' id='word_1_36' title='bbox 1525 836 1738 903; x_wconf 87' lang='lat' dir='ltr'><strong>altera</strong></span> <span class='ocrx_word' id='word_1_37' title='bbox 1768 834 2087 922; x_wconf 77' lang='lat' dir='ltr'><strong>Stephani</strong></span> <span class='ocrx_word' id='word_1_38' title='bbox 2118 834 2405 920; x_wconf 82' lang='lat' dir='ltr'><strong>Vngari3</strong></span> <span class='ocrx_word' id='word_1_39' title='bbox 2456 831 2611 901; x_wconf 83' lang='lat' dir='ltr'><strong>inde</strong></span> <span class='ocrx_word' id='word_1_40' title='bbox 2664 835 2753 902; x_wconf 90' lang='lat' dir='ltr'><strong>ad</strong></span> <span class='ocrx_word' id='word_1_41' title='bbox 2801 835 2977 903; x_wconf 86' lang='lat' dir='ltr'><strong>uiam</strong></span> 
     </span>
     <span class='ocr_line' id='line_1_7' title="bbox 723 940 2976 1027; baseline -0 -15"><span class='ocrx_word' id='word_1_42' title='bbox 723 946 852 1013; x_wconf 88' lang='lat' dir='ltr'><strong>itur</strong></span> <span class='ocrx_word' id='word_1_43' title='bbox 900 942 1134 1013; x_wconf 80' lang='lat' dir='ltr'><strong>iterum</strong></span> <span class='ocrx_word' id='word_1_44' title='bbox 1185 942 1274 1014; x_wconf 87' lang='lat' dir='ltr'><strong>ad</strong></span> <span class='ocrx_word' id='word_1_45' title='bbox 1305 943 1472 1011; x_wconf 89' lang='lat' dir='ltr'><strong>duas</strong></span> <span class='ocrx_word' id='word_1_46' title='bbox 1505 947 1749 1027; x_wconf 81' lang='lat' dir='ltr'><strong>metas3</strong></span> <span class='ocrx_word' id='word_1_47' title='bbox 1804 941 2041 1009; x_wconf 79' lang='lat' dir='ltr'>abhinc</span> <span class='ocrx_word' id='word_1_48' title='bbox 2091 960 2210 1027; x_wconf 91' lang='lat' dir='ltr'><strong>per</strong></span> <span class='ocrx_word' id='word_1_49' title='bbox 2258 940 2438 1007; x_wconf 86' lang='lat' dir='ltr'><strong>uiam</strong></span> <span class='ocrx_word' id='word_1_50' title='bbox 2487 940 2699 1011; x_wconf 91' lang='lat' dir='ltr'><strong>eundo</strong></span> <span class='ocrx_word' id='word_1_51' title='bbox 2753 961 2976 1011; x_wconf 88' lang='lat' dir='ltr'><strong>uersus</strong></span> 
     </span>
     <span class='ocr_line' id='line_1_8' title="bbox 725 1048 2971 1139; baseline 0 -20"><span class='ocrx_word' id='word_1_52' title='bbox 725 1053 1065 1120; x_wconf 82' lang='lat' dir='ltr'><strong>meridiem</strong></span> <span class='ocrx_word' id='word_1_53' title='bbox 1096 1052 1470 1139; x_wconf 89' lang='lat' dir='ltr'><strong>peruenitur</strong></span> <span class='ocrx_word' id='word_1_54' title='bbox 1499 1048 1587 1117; x_wconf 92' lang='lat' dir='ltr'><strong>ad</strong></span> <span class='ocrx_word' id='word_1_55' title='bbox 1618 1048 1786 1117; x_wconf 87' lang='lat' dir='ltr'><strong>duas</strong></span> <span class='ocrx_word' id='word_1_56' title='bbox 1817 1054 2044 1134; x_wconf 76' lang='lat' dir='ltr'><strong>metae,</strong></span> <span class='ocrx_word' id='word_1_57' title='bbox 2087 1068 2359 1133; x_wconf 89' lang='lat' dir='ltr'><strong>quarum</strong></span> <span class='ocrx_word' id='word_1_58' title='bbox 2392 1068 2523 1116; x_wconf 85' lang='lat' dir='ltr'><strong>vna</strong></span> <span class='ocrx_word' id='word_1_59' title='bbox 2554 1057 2656 1117; x_wconf 89' lang='lat' dir='ltr'><strong>est</strong></span> <span class='ocrx_word' id='word_1_60' title='bbox 2688 1051 2971 1137; x_wconf 86' lang='lat' dir='ltr'><strong>Gordus,</strong></span> 
     </span>
     <span class='ocr_line' id='line_1_9' title="bbox 726 1157 2974 1247; baseline 0 -20"><span class='ocrx_word' id='word_1_61' title='bbox 726 1161 935 1228; x_wconf 88' lang='lat' dir='ltr'><strong>altera</strong></span> <span class='ocrx_word' id='word_1_62' title='bbox 964 1160 1317 1247; x_wconf 83' lang='lat' dir='ltr'><strong>Stephani3</strong></span> <span class='ocrx_word' id='word_1_63' title='bbox 1369 1157 1606 1226; x_wconf 90' lang='lat' dir='ltr'><strong>deinde</strong></span> <span class='ocrx_word' id='word_1_64' title='bbox 1656 1157 1842 1225; x_wconf 83' lang='lat' dir='ltr'><strong>iuxta</strong></span> <span class='ocrx_word' id='word_1_65' title='bbox 1887 1157 2192 1225; x_wconf 89' lang='lat' dir='ltr'><strong>siluulam</strong></span> <span class='ocrx_word' id='word_1_66' title='bbox 2241 1177 2357 1244; x_wconf 87' lang='lat' dir='ltr'><strong>per</strong></span> <span class='ocrx_word' id='word_1_67' title='bbox 2404 1179 2680 1245; x_wconf 89' lang='lat' dir='ltr'><strong>paruam</strong></span> <span class='ocrx_word' id='word_1_68' title='bbox 2733 1163 2974 1229; x_wconf 88' lang='lat' dir='ltr'><strong>uallem</strong></span> 
     </span>
     <span class='ocr_line' id='line_1_10' title="bbox 726 1265 2968 1354; baseline 0.002 -19"><span class='ocrx_word' id='word_1_69' title='bbox 726 1266 1063 1336; x_wconf 86' lang='lat' dir='ltr'><strong>deseendit</strong></span> <span class='ocrx_word' id='word_1_70' title='bbox 1092 1266 1182 1335; x_wconf 88' lang='lat' dir='ltr'><strong>ad</strong></span> <span class='ocrx_word' id='word_1_71' title='bbox 1228 1274 1468 1334; x_wconf 87' lang='lat' dir='ltr'><strong>metam</strong></span> <span class='ocrx_word' id='word_1_72' title='bbox 1500 1266 1622 1333; x_wconf 88' lang='lat' dir='ltr'><strong>sub</strong></span> <span class='ocrx_word' id='word_1_73' title='bbox 1652 1265 1884 1333; x_wconf 90' lang='lat' dir='ltr'><strong>arbore</strong></span> <span class='ocrx_word' id='word_1_74' title='bbox 1910 1267 2203 1354; x_wconf 70' lang='lat' dir='ltr'><strong>yet-tunsa</strong></span> <span class='ocrx_word' id='word_1_75' title='bbox 2220 1292 2248 1343; x_wconf 89' lang='lat'><em>;</em></span> <span class='ocrx_word' id='word_1_76' title='bbox 2299 1266 2539 1334; x_wconf 88' lang='lat' dir='ltr'><strong>abhinc</strong></span> <span class='ocrx_word' id='word_1_77' title='bbox 2568 1267 2755 1336; x_wconf 83' lang='lat' dir='ltr'><strong>iuxta</strong></span> <span class='ocrx_word' id='word_1_78' title='bbox 2790 1270 2968 1339; x_wconf 84' lang='lat' dir='ltr'><strong>fene-</strong></span> 
     </span>
     <span class='ocr_line' id='line_1_11' title="bbox 725 1373 2976 1463; baseline 0.002 -20"><span class='ocrx_word' id='word_1_79' title='bbox 725 1383 860 1443; x_wconf 91' lang='lat' dir='ltr'><strong>tum</strong></span> <span class='ocrx_word' id='word_1_80' title='bbox 889 1374 1098 1463; x_wconf 90' lang='lat' dir='ltr'><strong>ipsius</strong></span> <span class='ocrx_word' id='word_1_81' title='bbox 1130 1375 1391 1445; x_wconf 82' lang='lat' dir='ltr'>Gordus</span> <span class='ocrx_word' id='word_1_82' title='bbox 1422 1395 1540 1462; x_wconf 90' lang='lat' dir='ltr'><strong>per</strong></span> <span class='ocrx_word' id='word_1_83' title='bbox 1589 1381 1799 1442; x_wconf 90' lang='lat' dir='ltr'><strong>metas</strong></span> <span class='ocrx_word' id='word_1_84' title='bbox 1833 1373 1899 1440; x_wconf 90' lang='lat' dir='ltr'><strong>in</strong></span> <span class='ocrx_word' id='word_1_85' title='bbox 1932 1394 2197 1443; x_wconf 91' lang='lat' dir='ltr'><strong>nemore</strong></span> <span class='ocrx_word' id='word_1_86' title='bbox 2242 1376 2456 1443; x_wconf 88' lang='lat' dir='ltr'><strong>eundo</strong></span> <span class='ocrx_word' id='word_1_87' title='bbox 2507 1378 2688 1445; x_wconf 88' lang='lat' dir='ltr'><strong>cadit</strong></span> <span class='ocrx_word' id='word_1_88' title='bbox 2715 1380 2783 1446; x_wconf 92' lang='lat' dir='ltr'><strong>in</strong></span> <span class='ocrx_word' id='word_1_89' title='bbox 2814 1381 2976 1447; x_wconf 83' lang='lat' dir='ltr'><strong>Gru·</strong></span> 
     </span>
     <span class='ocr_line' id='line_1_12' title="bbox 726 1481 2972 1575; baseline 0.003 -24"><span class='ocrx_word' id='word_1_90' title='bbox 726 1486 946 1569; x_wconf 86' lang='lat' dir='ltr'><strong>seuch,</strong></span> <span class='ocrx_word' id='word_1_91' title='bbox 999 1484 1113 1569; x_wconf 88' lang='lat' dir='ltr'><strong>qui</strong></span> <span class='ocrx_word' id='word_1_92' title='bbox 1143 1483 1438 1568; x_wconf 89' lang='lat' dir='ltr'><strong>distingit</strong></span> <span class='ocrx_word' id='word_1_93' title='bbox 1486 1482 1728 1551; x_wconf 91' lang='lat' dir='ltr'><strong>limites</strong></span> <span class='ocrx_word' id='word_1_94' title='bbox 1761 1481 2206 1551; x_wconf 82' lang='lat' dir='ltr'><strong>Grassanicha</strong></span> <span class='ocrx_word' id='word_1_95' title='bbox 2237 1488 2303 1550; x_wconf 88' lang='lat' dir='ltr'><strong>ct</strong></span> <span class='ocrx_word' id='word_1_96' title='bbox 2336 1482 2579 1572; x_wconf 79' lang='lat' dir='ltr'><strong>Garig3</strong></span> <span class='ocrx_word' id='word_1_97' title='bbox 2627 1506 2747 1575; x_wconf 89' lang='lat' dir='ltr'><strong>per</strong></span> <span class='ocrx_word' id='word_1_98' title='bbox 2779 1488 2972 1559; x_wconf 84' lang='lat' dir='ltr'><strong>Crus-</strong></span> 
     </span>
     <span class='ocr_line' id='line_1_13' title="bbox 726 1590 2978 1679; baseline 0.003 -19"><span class='ocrx_word' id='word_1_99' title='bbox 726 1593 926 1661; x_wconf 86' lang='lat' dir='ltr'><strong>seueh</strong></span> <span class='ocrx_word' id='word_1_100' title='bbox 956 1600 1171 1661; x_wconf 89' lang='lat' dir='ltr'><strong>autem</strong></span> <span class='ocrx_word' id='word_1_101' title='bbox 1221 1591 1434 1661; x_wconf 87' lang='lat' dir='ltr'><strong>eundo</strong></span> <span class='ocrx_word' id='word_1_102' title='bbox 1472 1590 1849 1679; x_wconf 88' lang='lat' dir='ltr'><strong>peruenitur</strong></span> <span class='ocrx_word' id='word_1_103' title='bbox 1899 1591 1989 1659; x_wconf 88' lang='lat' dir='ltr'><strong>ad</strong></span> <span class='ocrx_word' id='word_1_104' title='bbox 2038 1599 2234 1679; x_wconf 88' lang='lat' dir='ltr'><strong>caput</strong></span> <span class='ocrx_word' id='word_1_105' title='bbox 2278 1592 2573 1661; x_wconf 87' lang='lat' dir='ltr'><strong>eiusdem</strong></span> <span class='ocrx_word' id='word_1_106' title='bbox 2624 1597 2861 1664; x_wconf 89' lang='lat' dir='ltr'><strong>iterum</strong></span> <span class='ocrx_word' id='word_1_107' title='bbox 2891 1600 2978 1666; x_wconf 84' lang='lat' dir='ltr'><strong>ad</strong></span> 
     </span>
     <span class='ocr_line' id='line_1_14' title="bbox 726 1697 2980 1795; baseline 0.003 -29"><span class='ocrx_word' id='word_1_108' title='bbox 726 1707 964 1768; x_wconf 90' lang='lat' dir='ltr'><strong>metam</strong></span> <span class='ocrx_word' id='word_1_109' title='bbox 997 1701 1201 1789; x_wconf 88' lang='lat' dir='ltr'><strong>ipsius</strong></span> <span class='ocrx_word' id='word_1_110' title='bbox 1231 1699 1496 1768; x_wconf 86' lang='lat' dir='ltr'><strong>Martini</strong></span> <span class='ocrx_word' id='word_1_111' title='bbox 1548 1697 1838 1784; x_wconf 85' lang='lat' dir='ltr'><strong>Comitis,</strong></span> <span class='ocrx_word' id='word_1_112' title='bbox 1889 1697 2108 1785; x_wconf 87' lang='lat' dir='ltr'><strong>ibique</strong></span> <span class='ocrx_word' id='word_1_113' title='bbox 2138 1701 2259 1767; x_wconf 89' lang='lat' dir='ltr'><strong>sub</strong></span> <span class='ocrx_word' id='word_1_114' title='bbox 2293 1699 2580 1785; x_wconf 86' lang='lat' dir='ltr'><strong>quadam</strong></span> <span class='ocrx_word' id='word_1_115' title='bbox 2611 1704 2804 1772; x_wconf 83' lang='lat' dir='ltr'><strong>vinea</strong></span> <span class='ocrx_word' id='word_1_116' title='bbox 2834 1728 2980 1795; x_wconf 91' lang='lat' dir='ltr'><strong>pro·</strong></span> 
     </span>
     <span class='ocr_line' id='line_1_15' title="bbox 727 1807 2979 1901; baseline 0.003 -26"><span class='ocrx_word' id='word_1_117' title='bbox 727 1808 1032 1893; x_wconf 77' lang='lat' dir='ltr'><strong>grediens</strong></span> <span class='ocrx_word' id='word_1_118' title='bbox 1065 1808 1243 1876; x_wconf 86' lang='lat' dir='ltr'><strong>eadit</strong></span> <span class='ocrx_word' id='word_1_119' title='bbox 1273 1809 1342 1875; x_wconf 91' lang='lat' dir='ltr'><strong>in</strong></span> <span class='ocrx_word' id='word_1_120' title='bbox 1373 1826 1680 1893; x_wconf 86' lang='lat' dir='ltr'><strong>magnam</strong></span> <span class='ocrx_word' id='word_1_121' title='bbox 1714 1807 1911 1891; x_wconf 83' lang='lat' dir='ltr'><strong>viam,</strong></span> <span class='ocrx_word' id='word_1_122' title='bbox 1945 1816 2013 1874; x_wconf 84' lang='lat' dir='ltr'><strong>et</strong></span> <span class='ocrx_word' id='word_1_123' title='bbox 2041 1826 2160 1894; x_wconf 89' lang='lat' dir='ltr'><strong>per</strong></span> <span class='ocrx_word' id='word_1_124' title='bbox 2189 1808 2405 1893; x_wconf 82' lang='lat' dir='ltr'><strong>ipsam</strong></span> <span class='ocrx_word' id='word_1_125' title='bbox 2429 1809 2641 1880; x_wconf 87' lang='lat' dir='ltr'><strong>eundo</strong></span> <span class='ocrx_word' id='word_1_126' title='bbox 2681 1813 2879 1901; x_wconf 90' lang='lat' dir='ltr'><strong>longe</strong></span> <span class='ocrx_word' id='word_1_127' title='bbox 2910 1815 2979 1883; x_wconf 88' lang='lat' dir='ltr'><strong>in</strong></span> 
     </span>
     <span class='ocr_line' id='line_1_16' title="bbox 726 1914 2978 2010; baseline 0.003 -26"><span class='ocrx_word' id='word_1_128' title='bbox 726 1919 902 1984; x_wconf 77' lang='lat' dir='ltr'><strong>berch</strong></span> <span class='ocrx_word' id='word_1_129' title='bbox 952 1918 1329 2005; x_wconf 86' lang='lat' dir='ltr'><strong>peruenitur</strong></span> <span class='ocrx_word' id='word_1_130' title='bbox 1377 1914 1466 1984; x_wconf 86' lang='lat' dir='ltr'><strong>ad</strong></span> <span class='ocrx_word' id='word_1_131' title='bbox 1496 1920 1737 1982; x_wconf 84' lang='lat' dir='ltr'><strong>metam</strong></span> <span class='ocrx_word' id='word_1_132' title='bbox 1788 1916 1908 1981; x_wconf 89' lang='lat' dir='ltr'><strong>sub</strong></span> <span class='ocrx_word' id='word_1_133' title='bbox 1941 1915 2174 1984; x_wconf 89' lang='lat' dir='ltr'><strong>arbore</strong></span> <span class='ocrx_word' id='word_1_134' title='bbox 2204 1917 2369 2002; x_wconf 78' lang='lat' dir='ltr'><strong>tulfa</strong></span> <span class='ocrx_word' id='word_1_135' title='bbox 2382 1943 2411 1995; x_wconf 88' lang='lat'><strong>,·</strong></span> <span class='ocrx_word' id='word_1_136' title='bbox 2459 1925 2527 1985; x_wconf 89' lang='lat' dir='ltr'><strong>et</strong></span> <span class='ocrx_word' id='word_1_137' title='bbox 2571 1919 2812 1989; x_wconf 85' lang='lat' dir='ltr'><strong>abhinc</strong></span> <span class='ocrx_word' id='word_1_138' title='bbox 2857 1944 2978 2010; x_wconf 88' lang='lat' dir='ltr'><strong>per</strong></span> 
     </span>
     <span class='ocr_line' id='line_1_17' title="bbox 727 2015 2980 2111; baseline 0.003 -20"><span class='ocrx_word' id='word_1_139' title='bbox 727 2015 967 2093; x_wconf 87' lang='lat' dir='ltr'><strong>vallem</strong></span> <span class='ocrx_word' id='word_1_140' title='bbox 999 2025 1178 2094; x_wconf 86' lang='lat' dir='ltr'><strong>cadit</strong></span> <span class='ocrx_word' id='word_1_141' title='bbox 1205 2026 1273 2094; x_wconf 92' lang='lat' dir='ltr'><strong>in</strong></span> <span class='ocrx_word' id='word_1_142' title='bbox 1303 2025 1606 2110; x_wconf 89' lang='lat' dir='ltr'><strong>Lesnam‚</strong></span> <span class='ocrx_word' id='word_1_143' title='bbox 1639 2031 1706 2092; x_wconf 92' lang='lat' dir='ltr'><strong>et</strong></span> <span class='ocrx_word' id='word_1_144' title='bbox 1737 2043 1855 2111; x_wconf 88' lang='lat' dir='ltr'><strong>per</strong></span> <span class='ocrx_word' id='word_1_145' title='bbox 1884 2023 2088 2090; x_wconf 91' lang='lat' dir='ltr'><strong>aliam</strong></span> <span class='ocrx_word' id='word_1_146' title='bbox 2121 2024 2362 2090; x_wconf 85' lang='lat' dir='ltr'><strong>vallem</strong></span> <span class='ocrx_word' id='word_1_147' title='bbox 2392 2027 2692 2095; x_wconf 83' lang='lat' dir='ltr'><strong>aseendit</strong></span> <span class='ocrx_word' id='word_1_148' title='bbox 2727 2029 2816 2097; x_wconf 86' lang='lat' dir='ltr'><strong>ad</strong></span> <span class='ocrx_word' id='word_1_149' title='bbox 2845 2051 2980 2097; x_wconf 89' lang='lat' dir='ltr'><strong>ma·</strong></span> 
     </span>
     <span class='ocr_line' id='line_1_18' title="bbox 728 2133 2982 2218; baseline 0.003 -19"><span class='ocrx_word' id='word_1_150' title='bbox 728 2153 928 2218; x_wconf 91' lang='lat' dir='ltr'><strong>gnam</strong></span> <span class='ocrx_word' id='word_1_151' title='bbox 959 2133 1138 2201; x_wconf 84' lang='lat' dir='ltr'><strong>viam</strong></span> <span class='ocrx_word' id='word_1_152' title='bbox 1168 2134 1257 2202; x_wconf 86' lang='lat' dir='ltr'><strong>ad</strong></span> <span class='ocrx_word' id='word_1_153' title='bbox 1289 2141 1529 2201; x_wconf 88' lang='lat' dir='ltr'><strong>metam</strong></span> <span class='ocrx_word' id='word_1_154' title='bbox 1579 2134 1916 2217; x_wconf 88' lang='lat' dir='ltr'><strong>antiquam</strong></span> <span class='ocrx_word' id='word_1_155' title='bbox 1966 2151 2372 2199; x_wconf 87' lang='lat' dir='ltr'><strong>communem</strong></span> <span class='ocrx_word' id='word_1_156' title='bbox 2421 2133 2589 2201; x_wconf 89' lang='lat' dir='ltr'><strong>inter</strong></span> <span class='ocrx_word' id='word_1_157' title='bbox 2634 2133 2982 2205; x_wconf 82' lang='lat' dir='ltr'><strong>Grassani-</strong></span> 
     </span>
     <span class='ocr_line' id='line_1_19' title="bbox 727 2238 2980 2326; baseline 0.003 -20"><span class='ocrx_word' id='word_1_158' title='bbox 727 2238 917 2307; x_wconf 89' lang='lat' dir='ltr'><strong>cham</strong></span> <span class='ocrx_word' id='word_1_159' title='bbox 948 2247 1015 2307; x_wconf 90' lang='lat' dir='ltr'><strong>et</strong></span> <span class='ocrx_word' id='word_1_160' title='bbox 1045 2238 1277 2324; x_wconf 82' lang='lat' dir='ltr'><strong>Garig,</strong></span> <span class='ocrx_word' id='word_1_161' title='bbox 1329 2239 1550 2325; x_wconf 88' lang='lat' dir='ltr'><strong>ibique</strong></span> <span class='ocrx_word' id='word_1_162' title='bbox 1580 2238 1979 2307; x_wconf 88' lang='lat' dir='ltr'><strong>transeundo</strong></span> <span class='ocrx_word' id='word_1_163' title='bbox 2013 2239 2189 2304; x_wconf 85' lang='lat' dir='ltr'><strong>viam</strong></span> <span class='ocrx_word' id='word_1_164' title='bbox 2238 2258 2357 2326; x_wconf 91' lang='lat' dir='ltr'><strong>per</strong></span> <span class='ocrx_word' id='word_1_165' title='bbox 2390 2260 2581 2307; x_wconf 79' lang='lat' dir='ltr'><strong>mam</strong></span> <span class='ocrx_word' id='word_1_166' title='bbox 2620 2243 2863 2311; x_wconf 84' lang='lat' dir='ltr'><strong>vallem</strong></span> <span class='ocrx_word' id='word_1_167' title='bbox 2895 2267 2980 2313; x_wconf 83' lang='lat' dir='ltr'><strong>ex</strong></span> 
     </span>
     <span class='ocr_line' id='line_1_20' title="bbox 726 2346 2977 2434; baseline 0.003 -20"><span class='ocrx_word' id='word_1_168' title='bbox 726 2354 913 2434; x_wconf 86' lang='lat' dir='ltr'><strong>parte</strong></span> <span class='ocrx_word' id='word_1_169' title='bbox 961 2346 1318 2415; x_wconf 86' lang='lat' dir='ltr'><strong>occidentis</strong></span> <span class='ocrx_word' id='word_1_170' title='bbox 1370 2346 1712 2415; x_wconf 87' lang='lat' dir='ltr'><strong>deseendit</strong></span> <span class='ocrx_word' id='word_1_171' title='bbox 1759 2348 1826 2413; x_wconf 91' lang='lat' dir='ltr'><strong>in</strong></span> <span class='ocrx_word' id='word_1_172' title='bbox 1858 2347 2246 2433; x_wconf 85' lang='lat' dir='ltr'><strong>Cotynnam,</strong></span> <span class='ocrx_word' id='word_1_173' title='bbox 2281 2353 2349 2414; x_wconf 87' lang='lat' dir='ltr'><strong>et</strong></span> <span class='ocrx_word' id='word_1_174' title='bbox 2374 2351 2781 2417; x_wconf 87' lang='lat' dir='ltr'><strong>transeundo</strong></span> <span class='ocrx_word' id='word_1_175' title='bbox 2828 2371 2977 2420; x_wconf 89' lang='lat' dir='ltr'><strong>eam</strong></span> 
     </span>
     <span class='ocr_line' id='line_1_21' title="bbox 726 2453 2979 2529; baseline 0.004 -9"><span class='ocrx_word' id='word_1_176' title='bbox 726 2453 819 2520; x_wconf 89' lang='lat' dir='ltr'><strong>ad</strong></span> <span class='ocrx_word' id='word_1_177' title='bbox 848 2454 1012 2522; x_wconf 88' lang='lat' dir='ltr'><strong>duas</strong></span> <span class='ocrx_word' id='word_1_178' title='bbox 1064 2454 1331 2523; x_wconf 89' lang='lat' dir='ltr'><strong>arbores</strong></span> <span class='ocrx_word' id='word_1_179' title='bbox 1365 2455 1448 2523; x_wconf 89' lang='lat' dir='ltr'><strong>de</strong></span> <span class='ocrx_word' id='word_1_180' title='bbox 1495 2455 1745 2523; x_wconf 86' lang='lat' dir='ltr'><strong>cerasis</strong></span> <span class='ocrx_word' id='word_1_181' title='bbox 1776 2453 1962 2522; x_wconf 87' lang='lat' dir='ltr'><strong>vadit</strong></span> <span class='ocrx_word' id='word_1_182' title='bbox 2012 2453 2100 2521; x_wconf 94' lang='lat' dir='ltr'><strong>ad</strong></span> <span class='ocrx_word' id='word_1_183' title='bbox 2131 2460 2414 2522; x_wconf 90' lang='lat' dir='ltr'><strong>montem</strong></span> <span class='ocrx_word' id='word_1_184' title='bbox 2446 2454 2533 2523; x_wconf 91' lang='lat' dir='ltr'><strong>ad</strong></span> <span class='ocrx_word' id='word_1_185' title='bbox 2584 2466 2826 2527; x_wconf 87' lang='lat' dir='ltr'><strong>metam</strong></span> <span class='ocrx_word' id='word_1_186' title='bbox 2856 2463 2979 2529; x_wconf 88' lang='lat' dir='ltr'><strong>sub</strong></span> 
     </span>
     <span class='ocr_line' id='line_1_22' title="bbox 729 2561 2977 2652; baseline 0.005 -23"><span class='ocrx_word' id='word_1_187' title='bbox 729 2564 963 2632; x_wconf 87' lang='lat' dir='ltr'><strong>arbore</strong></span> <span class='ocrx_word' id='word_1_188' title='bbox 992 2582 1267 2651; x_wconf 81' lang='lat' dir='ltr'><strong>nucum3</strong></span> <span class='ocrx_word' id='word_1_189' title='bbox 1318 2562 1471 2632; x_wconf 89' lang='lat' dir='ltr'><strong>inde</strong></span> <span class='ocrx_word' id='word_1_190' title='bbox 1504 2583 1622 2652; x_wconf 89' lang='lat' dir='ltr'><strong>per</strong></span> <span class='ocrx_word' id='word_1_191' title='bbox 1652 2565 1828 2631; x_wconf 77' lang='lat' dir='ltr'><strong>berch</strong></span> <span class='ocrx_word' id='word_1_192' title='bbox 1860 2561 2285 2650; x_wconf 87' lang='lat' dir='ltr'><strong>progrediens</strong></span> <span class='ocrx_word' id='word_1_193' title='bbox 2332 2583 2450 2650; x_wconf 89' lang='lat' dir='ltr'><strong>per</strong></span> <span class='ocrx_word' id='word_1_194' title='bbox 2480 2564 2748 2651; x_wconf 89' lang='lat' dir='ltr'><strong>longum</strong></span> <span class='ocrx_word' id='word_1_195' title='bbox 2778 2570 2847 2637; x_wconf 91' lang='lat' dir='ltr'><strong>in</strong></span> <span class='ocrx_word' id='word_1_196' title='bbox 2882 2572 2977 2640; x_wconf 88' lang='lat' dir='ltr'><strong>la·</strong></span> 
     </span>
     <span class='ocr_line' id='line_1_23' title="bbox 727 2671 2981 2763; baseline 0.001 -20"><span class='ocrx_word' id='word_1_197' title='bbox 727 2683 863 2743; x_wconf 84' lang='lat' dir='ltr'><strong>tere</strong></span> <span class='ocrx_word' id='word_1_198' title='bbox 893 2674 1083 2741; x_wconf 83' lang='lat' dir='ltr'><strong>vuius</strong></span> <span class='ocrx_word' id='word_1_199' title='bbox 1134 2673 1374 2743; x_wconf 89' lang='lat' dir='ltr'><strong>montis</strong></span> <span class='ocrx_word' id='word_1_200' title='bbox 1403 2671 1741 2741; x_wconf 86' lang='lat' dir='ltr'><strong>deseendit</strong></span> <span class='ocrx_word' id='word_1_201' title='bbox 1769 2672 1853 2740; x_wconf 88' lang='lat' dir='ltr'><strong>ad</strong></span> <span class='ocrx_word' id='word_1_202' title='bbox 1886 2677 2126 2739; x_wconf 89' lang='lat' dir='ltr'><strong>metam</strong></span> <span class='ocrx_word' id='word_1_203' title='bbox 2159 2672 2283 2740; x_wconf 88' lang='lat' dir='ltr'><strong>sub</strong></span> <span class='ocrx_word' id='word_1_204' title='bbox 2315 2672 2551 2740; x_wconf 90' lang='lat' dir='ltr'><strong>arbore</strong></span> <span class='ocrx_word' id='word_1_205' title='bbox 2586 2678 2774 2763; x_wconf 79' lang='lat' dir='ltr'><strong>buzfa</strong></span> <span class='ocrx_word' id='word_1_206' title='bbox 2797 2707 2819 2752; x_wconf 89' lang='lat'><strong>,·</strong></span> <span class='ocrx_word' id='word_1_207' title='bbox 2870 2682 2981 2748; x_wconf 83' lang='lat' dir='ltr'><strong>ab·</strong></span> 
     </span>
     <span class='ocr_line' id='line_1_24' title="bbox 727 2780 2980 2876; baseline 0.003 -26"><span class='ocrx_word' id='word_1_208' title='bbox 727 2782 878 2850; x_wconf 86' lang='lat' dir='ltr'><strong>hinc</strong></span> <span class='ocrx_word' id='word_1_209' title='bbox 910 2782 1001 2849; x_wconf 93' lang='lat' dir='ltr'><strong>ad</strong></span> <span class='ocrx_word' id='word_1_210' title='bbox 1031 2782 1331 2850; x_wconf 87' lang='lat' dir='ltr'><strong>arborem</strong></span> <span class='ocrx_word' id='word_1_211' title='bbox 1362 2783 1757 2869; x_wconf 71' lang='lat' dir='ltr'><strong>berekeana5</strong></span> <span class='ocrx_word' id='word_1_212' title='bbox 1787 2780 2025 2847; x_wconf 84' lang='lat' dir='ltr'><strong>deinde</strong></span> <span class='ocrx_word' id='word_1_213' title='bbox 2054 2799 2173 2867; x_wconf 89' lang='lat' dir='ltr'><strong>per</strong></span> <span class='ocrx_word' id='word_1_214' title='bbox 2203 2781 2416 2849; x_wconf 85' lang='lat' dir='ltr'><strong>valles</strong></span> <span class='ocrx_word' id='word_1_215' title='bbox 2449 2791 2513 2849; x_wconf 89' lang='lat' dir='ltr'><strong>et</strong></span> <span class='ocrx_word' id='word_1_216' title='bbox 2543 2784 2742 2854; x_wconf 88' lang='lat' dir='ltr'><strong>colles</strong></span> <span class='ocrx_word' id='word_1_217' title='bbox 2773 2808 2980 2876; x_wconf 85' lang='lat' dir='ltr'><strong>prope</strong></span> 
     </span>
     <span class='ocr_line' id='line_1_25' title="bbox 730 2889 2981 2978; baseline 0.003 -19"><span class='ocrx_word' id='word_1_218' title='bbox 730 2893 1059 2961; x_wconf 82' lang='lat' dir='ltr'><strong>sessiones</strong></span> <span class='ocrx_word' id='word_1_219' title='bbox 1090 2891 1298 2978; x_wconf 88' lang='lat' dir='ltr'><strong>ipsius</strong></span> <span class='ocrx_word' id='word_1_220' title='bbox 1331 2891 1598 2958; x_wconf 84' lang='lat' dir='ltr'><strong>Martini</strong></span> <span class='ocrx_word' id='word_1_221' title='bbox 1628 2890 1814 2958; x_wconf 84' lang='lat' dir='ltr'><strong>vadit</strong></span> <span class='ocrx_word' id='word_1_222' title='bbox 1842 2889 1931 2956; x_wconf 92' lang='lat' dir='ltr'><strong>ad</strong></span> <span class='ocrx_word' id='word_1_223' title='bbox 1963 2890 2221 2957; x_wconf 80' lang='lat' dir='ltr'><strong>vineam</strong></span> <span class='ocrx_word' id='word_1_224' title='bbox 2242 2889 2421 2976; x_wconf 84' lang='lat' dir='ltr'><strong>Jelk,</strong></span> <span class='ocrx_word' id='word_1_225' title='bbox 2455 2898 2522 2958; x_wconf 86' lang='lat' dir='ltr'><strong>et</strong></span> <span class='ocrx_word' id='word_1_226' title='bbox 2551 2891 2704 2961; x_wconf 86' lang='lat' dir='ltr'><strong>inde</strong></span> <span class='ocrx_word' id='word_1_227' title='bbox 2733 2894 2981 2965; x_wconf 80' lang='lat' dir='ltr'><strong>directe</strong></span> 
     </span>
     <span class='ocr_line' id='line_1_26' title="bbox 726 2996 2983 3088; baseline 0.003 -21"><span class='ocrx_word' id='word_1_228' title='bbox 726 2999 815 3067; x_wconf 93' lang='lat' dir='ltr'><strong>ad</strong></span> <span class='ocrx_word' id='word_1_229' title='bbox 866 3000 1146 3088; x_wconf 84' lang='lat' dir='ltr'><strong>priorem</strong></span> <span class='ocrx_word' id='word_1_230' title='bbox 1196 3006 1455 3085; x_wconf 90' lang='lat' dir='ltr'><strong>metam,</strong></span> <span class='ocrx_word' id='word_1_231' title='bbox 1508 2999 1620 3067; x_wconf 83' lang='lat' dir='ltr'><strong>vbi</strong></span> <span class='ocrx_word' id='word_1_232' title='bbox 1668 2998 1793 3065; x_wconf 86' lang='lat' dir='ltr'><strong>fuit</strong></span> <span class='ocrx_word' id='word_1_233' title='bbox 1831 2996 2113 3085; x_wconf 86' lang='lat' dir='ltr'><strong>incepta,</strong></span> <span class='ocrx_word' id='word_1_234' title='bbox 2164 2998 2385 3083; x_wconf 85' lang='lat' dir='ltr'><strong>ibique</strong></span> <span class='ocrx_word' id='word_1_235' title='bbox 2437 3002 2842 3071; x_wconf 86' lang='lat' dir='ltr'><strong>terminatur.</strong></span> <span class='ocrx_word' id='word_1_236' title='bbox 2896 3008 2983 3075; x_wconf 87' lang='lat' dir='ltr'><strong>Vt</strong></span> 
     </span>
     <span class='ocr_line' id='line_1_27' title="bbox 727 3105 2983 3197; baseline 0.003 -22"><span class='ocrx_word' id='word_1_237' title='bbox 727 3110 928 3195; x_wconf 88' lang='lat' dir='ltr'><strong>igitur</strong></span> <span class='ocrx_word' id='word_1_238' title='bbox 978 3108 1309 3197; x_wconf 87' lang='lat' dir='ltr'><strong>predictus</strong></span> <span class='ocrx_word' id='word_1_239' title='bbox 1340 3109 1678 3194; x_wconf 86' lang='lat' dir='ltr'><strong>Martinus,</strong></span> <span class='ocrx_word' id='word_1_240' title='bbox 1732 3112 1799 3174; x_wconf 89' lang='lat' dir='ltr'><strong>et</strong></span> <span class='ocrx_word' id='word_1_241' title='bbox 1828 3105 2028 3174; x_wconf 82' lang='lat' dir='ltr'><strong>frater</strong></span> <span class='ocrx_word' id='word_1_242' title='bbox 2060 3107 2271 3193; x_wconf 89' lang='lat' dir='ltr'><strong>ipsius</strong></span> <span class='ocrx_word' id='word_1_243' title='bbox 2308 3107 2587 3196; x_wconf 82' lang='lat' dir='ltr'><strong>Gordus,</strong></span> <span class='ocrx_word' id='word_1_244' title='bbox 2639 3130 2721 3178; x_wconf 91' lang='lat' dir='ltr'><strong>ac</strong></span> <span class='ocrx_word' id='word_1_245' title='bbox 2756 3131 2983 3181; x_wconf 84' lang='lat' dir='ltr'><strong>eorum</strong></span> 
     </span>
     <span class='ocr_line' id='line_1_28' title="bbox 729 3218 2982 3308; baseline 0.002 -24"><span class='ocrx_word' id='word_1_246' title='bbox 729 3219 1035 3304; x_wconf 82' lang='lat' dir='ltr'><strong>heredes3</strong></span> <span class='ocrx_word' id='word_1_247' title='bbox 1090 3227 1155 3289; x_wconf 82' lang='lat' dir='ltr'><strong>et</strong></span> <span class='ocrx_word' id='word_1_248' title='bbox 1199 3219 1515 3308; x_wconf 78' lang='lat' dir='ltr'><strong>sepedicti</strong></span> <span class='ocrx_word' id='word_1_249' title='bbox 1565 3227 1950 3304; x_wconf 82' lang='lat' dir='ltr'><strong>castrenses,</strong></span> <span class='ocrx_word' id='word_1_250' title='bbox 2005 3219 2116 3302; x_wconf 91' lang='lat' dir='ltr'><strong>qui</strong></span> <span class='ocrx_word' id='word_1_251' title='bbox 2163 3222 2391 3286; x_wconf 81' lang='lat' dir='ltr'><strong>eontra</strong></span> <span class='ocrx_word' id='word_1_252' title='bbox 2437 3218 2621 3305; x_wconf 88' lang='lat' dir='ltr'><strong>ipsos</strong></span> <span class='ocrx_word' id='word_1_253' title='bbox 2670 3220 2982 3308; x_wconf 85' lang='lat' dir='ltr'><strong>agebant,</strong></span> 
     </span>
     <span class='ocr_line' id='line_1_29' title="bbox 728 3324 2984 3423; baseline 0.002 -30"><span class='ocrx_word' id='word_1_254' title='bbox 728 3346 892 3423; x_wconf 81' lang='lat' dir='ltr'><strong>pace</strong></span> <span class='ocrx_word' id='word_1_255' title='bbox 920 3333 1238 3414; x_wconf 85' lang='lat' dir='ltr'><strong>perpetua</strong></span> <span class='ocrx_word' id='word_1_256' title='bbox 1288 3327 1717 3411; x_wconf 81' lang='lat' dir='ltr'><strong>gratulentur,</strong></span> <span class='ocrx_word' id='word_1_257' title='bbox 1770 3333 2108 3413; x_wconf 86' lang='lat' dir='ltr'><strong>presentes</strong></span> <span class='ocrx_word' id='word_1_258' title='bbox 2138 3325 2393 3393; x_wconf 87' lang='lat' dir='ltr'><strong>litteras</strong></span> <span class='ocrx_word' id='word_1_259' title='bbox 2424 3324 2496 3392; x_wconf 92' lang='lat' dir='ltr'><strong>in</strong></span> <span class='ocrx_word' id='word_1_260' title='bbox 2542 3327 2984 3398; x_wconf 78' lang='lat' dir='ltr'><strong>testimonium</strong></span> 
     </span>
     <span class='ocr_line' id='line_1_30' title="bbox 729 3432 2981 3523; baseline 0 -21"><span class='ocrx_word' id='word_1_261' title='bbox 729 3440 1040 3523; x_wconf 87' lang='lat' dir='ltr'><strong>perpetue</strong></span> <span class='ocrx_word' id='word_1_262' title='bbox 1088 3434 1411 3502; x_wconf 86' lang='lat' dir='ltr'><strong>firmitatis</strong></span> <span class='ocrx_word' id='word_1_263' title='bbox 1444 3433 1587 3500; x_wconf 91' lang='lat' dir='ltr'><strong>dari</strong></span> <span class='ocrx_word' id='word_1_264' title='bbox 1620 3433 1913 3517; x_wconf 82' lang='lat' dir='ltr'><strong>fecimus,</strong></span> <span class='ocrx_word' id='word_1_265' title='bbox 1966 3432 2172 3518; x_wconf 81' lang='lat' dir='ltr'><strong>sigilli</strong></span> <span class='ocrx_word' id='word_1_266' title='bbox 2200 3432 2408 3501; x_wconf 87' lang='lat' dir='ltr'><strong>nostri</strong></span> <span class='ocrx_word' id='word_1_267' title='bbox 2447 3433 2724 3520; x_wconf 84' lang='lat' dir='ltr'><strong>duplicis</strong></span> <span class='ocrx_word' id='word_1_268' title='bbox 2774 3437 2981 3504; x_wconf 90' lang='lat' dir='ltr'><strong>muni·</strong></span> 
     </span>
     <span class='ocr_line' id='line_1_31' title="bbox 732 3541 2985 3630; baseline 0.002 -20"><span class='ocrx_word' id='word_1_269' title='bbox 732 3545 905 3611; x_wconf 88' lang='lat' dir='ltr'><strong>mine</strong></span> <span class='ocrx_word' id='word_1_270' title='bbox 923 3543 1283 3612; x_wconf 87' lang='lat' dir='ltr'><strong>roboratas.</strong></span> <span class='ocrx_word' id='word_1_271' title='bbox 1318 3545 1559 3610; x_wconf 83' lang='lat' dir='ltr'><strong>Datum</strong></span> <span class='ocrx_word' id='word_1_272' title='bbox 1592 3563 1711 3630; x_wconf 89' lang='lat' dir='ltr'><strong>per</strong></span> <span class='ocrx_word' id='word_1_273' title='bbox 1731 3562 1962 3611; x_wconf 88' lang='lat' dir='ltr'><strong>manus</strong></span> <span class='ocrx_word' id='word_1_274' title='bbox 1982 3541 2281 3628; x_wconf 86' lang='lat' dir='ltr'><strong>Magistri</strong></span> <span class='ocrx_word' id='word_1_275' title='bbox 2300 3542 2653 3628; x_wconf 86' lang='lat' dir='ltr'><strong>Smaragdi</strong></span> <span class='ocrx_word' id='word_1_276' title='bbox 2671 3545 2985 3614; x_wconf 87' lang='lat' dir='ltr'><strong>Albensis</strong></span> 
     </span>
     <span class='ocr_line' id='line_1_32' title="bbox 730 3648 2984 3739; baseline 0.001 -20"><span class='ocrx_word' id='word_1_277' title='bbox 730 3652 1027 3720; x_wconf 85' lang='lat' dir='ltr'><strong>Ecclesie</strong></span> <span class='ocrx_word' id='word_1_278' title='bbox 1056 3652 1380 3739; x_wconf 89' lang='lat' dir='ltr'><strong>Prepositi</strong></span> <span class='ocrx_word' id='word_1_279' title='bbox 1410 3652 1561 3718; x_wconf 87' lang='lat' dir='ltr'><strong>aule</strong></span> <span class='ocrx_word' id='word_1_280' title='bbox 1591 3657 1816 3719; x_wconf 90' lang='lat' dir='ltr'><strong>nostre</strong></span> <span class='ocrx_word' id='word_1_281' title='bbox 1847 3648 2428 3736; x_wconf 78' lang='lat' dir='ltr'><strong>Vico-Cancellarij</strong></span> <span class='ocrx_word' id='word_1_282' title='bbox 2479 3650 2699 3719; x_wconf 87' lang='lat' dir='ltr'><strong>dilecti</strong></span> <span class='ocrx_word' id='word_1_283' title='bbox 2731 3660 2797 3719; x_wconf 88' lang='lat' dir='ltr'><strong>et</strong></span> <span class='ocrx_word' id='word_1_284' title='bbox 2828 3652 2984 3721; x_wconf 90' lang='lat' dir='ltr'><strong>fide-</strong></span> 
     </span>
     <span class='ocr_line' id='line_1_33' title="bbox 728 3756 2984 3848; baseline 0.002 -23"><span class='ocrx_word' id='word_1_285' title='bbox 728 3758 813 3826; x_wconf 89' lang='lat' dir='ltr'><strong>lis</strong></span> <span class='ocrx_word' id='word_1_286' title='bbox 847 3758 1069 3845; x_wconf 84' lang='lat' dir='ltr'><strong>nostri,</strong></span> <span class='ocrx_word' id='word_1_287' title='bbox 1122 3778 1295 3828; x_wconf 88' lang='lat' dir='ltr'><strong>anno</strong></span> <span class='ocrx_word' id='word_1_288' title='bbox 1330 3759 1593 3826; x_wconf 88' lang='lat' dir='ltr'><strong>Domini</strong></span> <span class='ocrx_word' id='word_1_289' title='bbox 1625 3760 1716 3825; x_wconf 82' lang='lat' dir='ltr'><strong>M⁰</strong></span> <span class='ocrx_word' id='word_1_290' title='bbox 1737 3757 1867 3826; x_wconf 86' lang='lat' dir='ltr'><strong>CC⁰</strong></span> <span class='ocrx_word' id='word_1_291' title='bbox 1888 3757 2061 3825; x_wconf 86' lang='lat' dir='ltr'>LVI⁰</span> <span class='ocrx_word' id='word_1_292' title='bbox 2091 3765 2322 3843; x_wconf 87' lang='lat' dir='ltr'><strong>quarto</strong></span> <span class='ocrx_word' id='word_1_293' title='bbox 2371 3756 2529 3826; x_wconf 89' lang='lat' dir='ltr'><strong>Idus</strong></span> <span class='ocrx_word' id='word_1_294' title='bbox 2567 3758 2984 3848; x_wconf 84' lang='lat' dir='ltr'><strong>Nouembris,</strong></span> 
     </span>
     <span class='ocr_line' id='line_1_34' title="bbox 726 3864 2313 3952; baseline -0.001 -17"><span class='ocrx_word' id='word_1_295' title='bbox 726 3866 938 3952; x_wconf 89' lang='lat' dir='ltr'><strong>Regni</strong></span> <span class='ocrx_word' id='word_1_296' title='bbox 969 3871 1184 3934; x_wconf 87' lang='lat' dir='ltr'><strong>autem</strong></span> <span class='ocrx_word' id='word_1_297' title='bbox 1215 3868 1424 3935; x_wconf 90' lang='lat' dir='ltr'><strong>nostri</strong></span> <span class='ocrx_word' id='word_1_298' title='bbox 1453 3887 1628 3936; x_wconf 84' lang='lat' dir='ltr'><strong>anno</strong></span> <span class='ocrx_word' id='word_1_299' title='bbox 1659 3866 1970 3935; x_wconf 84' lang='lat' dir='ltr'><strong>vicesimo</strong></span> <span class='ocrx_word' id='word_1_300' title='bbox 2002 3864 2313 3935; x_wconf 87' lang='lat' dir='ltr'><strong>secundo.</strong></span> 
     </span>
    </p>
   </div>
   <div class='ocr_carea' id='block_1_4' title="bbox 726 4062 2987 4226">
    <p class='ocr_par' dir='ltr' id='par_1_4' title="bbox 726 4062 2987 4226">
     <span class='ocr_line' id='line_1_35' title="bbox 726 4062 2987 4135; baseline 0.002 -18"><span class='ocrx_word' id='word_1_301' title='bbox 726 4063 1001 4132; x_wconf 82' lang='lat' dir='ltr'><strong>(Eredetie</strong></span> <span class='ocrx_word' id='word_1_302' title='bbox 1024 4063 1368 4133; x_wconf 64' lang='lat' dir='ltr'><strong>bo&#39;rhartyan,</strong></span> <span class='ocrx_word' id='word_1_303' title='bbox 1406 4066 1631 4134; x_wconf 76' lang='lat' dir='ltr'><strong>melyrffl</strong></span> <span class='ocrx_word' id='word_1_304' title='bbox 1658 4082 1694 4119; x_wconf 87' lang='lat' dir='ltr'><strong>a</strong></span> <span class='ocrx_word' id='word_1_305' title='bbox 1716 4067 1901 4120; x_wconf 82' lang='lat' dir='ltr'><strong>kett6s</strong></span> <span class='ocrx_word' id='word_1_306' title='bbox 1924 4064 2111 4133; x_wconf 65' lang='lat' dir='ltr'><strong>peccet</strong></span> <span class='ocrx_word' id='word_1_307' title='bbox 2134 4063 2393 4119; x_wconf 68' lang='lat' dir='ltr'><strong>toredeke</strong></span> <span class='ocrx_word' id='word_1_308' title='bbox 2428 4062 2785 4135; x_wconf 67' lang='lat' dir='ltr'><strong>votos-sargan.</strong></span> <span class='ocrx_word' id='word_1_309' title='bbox 2806 4068 2987 4121; x_wconf 68' lang='lat' dir='ltr'><strong>asino·</strong></span> 
     </span>
     <span class='ocr_line' id='line_1_36' title="bbox 1141 4151 2569 4226; baseline -0.001 -17"><span class='ocrx_word' id='word_1_310' title='bbox 1141 4174 1239 4210; x_wconf 91' lang='lat' dir='ltr'><strong>ron</strong></span> <span class='ocrx_word' id='word_1_311' title='bbox 1263 4158 1418 4226; x_wconf 70' lang='lat' dir='ltr'><strong>sugg,</strong></span> <span class='ocrx_word' id='word_1_312' title='bbox 1446 4174 1481 4211; x_wconf 87' lang='lat' dir='ltr'><strong>a</strong></span> <span class='ocrx_word' id='word_1_313' title='bbox 1502 4155 1704 4211; x_wconf 69' lang='lat' dir='ltr'><strong>fdmelt.</strong></span> <span class='ocrx_word' id='word_1_314' title='bbox 1726 4158 1817 4224; x_wconf 90' lang='lat' dir='ltr'><strong>hg.</strong></span> <span class='ocrx_word' id='word_1_315' title='bbox 1838 4153 2132 4225; x_wconf 71' lang='lat' dir='ltr'><strong>Batthyani</strong></span> <span class='ocrx_word' id='word_1_316' title='bbox 2156 4151 2569 4224; x_wconf 60' lang='lat' dir='ltr'><strong>leveltdrdban.)</strong></span> 
     </span>
    </p>
   </div>
   <div class='ocr_carea' id='block_1_5' title="bbox 1588 4434 2116 4450">
    <p class='ocr_par' dir='ltr' id='par_1_5' title="bbox 1588 4434 2116 4450">
     <span class='ocr_line' id='line_1_37' title="bbox 1588 4434 2116 4450; baseline 0 800"><span class='ocrx_word' id='word_1_317' title='bbox 1588 4434 2116 4450; x_wconf 95' lang='lat' dir='ltr'><strong> </strong></span> 
     </span>
    </p>
   </div>
  </div>
 </body>
</html>
