3359 5250
1373 938 1481 1005 70.

297 1118 356 1184 A
390 1119 580 1206 9ῃὸνί
609 1118 1053 1205 kdptalammk
1081 1117 1628 1204 bizouysdylevele,
1678 1118 1838 1205 hoyy
1877 1119 2062 1184 Peter
2111 1120 2393 1206 mosonyi
2430 1124 2561 1184 veir-

385 1295 390 1302 ,
468 1229 750 1314 johheiyy
783 1227 966 1315 bb'nyi
984 1227 1261 1293 birtokdt
1290 1226 1524 1292 Thouti
1554 1226 1879 1293 Dinesnek
1913 1227 2146 1293 clodia.
2186 1230 2379 1293 1240.

526 1423 918 1491 Universum
953 1422 1324 1510 Capitulum
1368 1423 1659 1490 Ecclesie
1700 1423 2109 1491 ,laurinensis
2155 1424 2454 1491 omnibus
2487 1425 2557 1491 li·

301 1539 487 1598 teras
523 1536 865 1618 presentes
915 1530 1307 1617 inspecturis
1342 1531 1620 1597 salutem
1652 1532 1716 1597 in
1751 1531 2046 1599 Domino.
2099 1531 2564 1602 Universorum

303 1637 550 1706 notieie
601 1638 903 1705 volumus
952 1639 1396 1722 innotescere,
1449 1637 1624 1723 quod
1671 1637 1758 1705 ad
1809 1647 2098 1706 nostram
2153 1647 2565 1707 accesserunt

305 1748 720 1833 presenciam
755 1750 900 1833 Apa
931 1747 1221 1815 serviens
1255 1745 1553 1833 Dyonisij
1612 1748 1694 1813 de
1740 1747 1946 1832 Thou,
1993 1753 2058 1813 et
2110 1748 2340 1814 Petrus
2389 1747 2562 1814 filius

306 1855 572 1940 'Pheger
601 1856 881 1942 jobagio
916 1855 1130 1923 Castri
1162 1856 1597 1923 Musuniensis
1631 1855 1713 1923 de
1744 1856 1906 1923 villa
1940 1857 2238 1942 Musuny,
2271 1857 2381 1940 qui
2414 1859 2566 1924 viva

306 1984 474 2032 voce
509 1984 732 2032 eoram
782 1965 967 2033 nobis
1000 1971 1100 2032 est
1130 1963 1489 2050 confessus,
1542 1985 1611 2032 se
1645 1964 2021 2032 vendidisse
2071 1963 2428 2049 nonaginta
2465 1966 2565 2050 ju-

308 2095 471 2161 gera
504 2081 831 2140 terrarum
863 2073 931 2139 in
962 2071 1123 2140 villa
1159 2072 1391 2140 Buhun
1424 2073 1742 2159 Dyonisio
1788 2070 2117 2140 antedicto
2166 2093 2281 2159 pro
2316 2071 2566 2139 duabus

310 2183 549 2251 marcis
582 2189 648 2248 et
678 2181 947 2270 fertone,
984 2201 1064 2249 ac
1095 2184 1437 2269 pecuniam
1471 2181 1766 2268 plenarie
1800 2182 2156 2269 recepisse;
2190 2181 2314 2248 hac
2348 2188 2566 2248 tamen

311 2291 701 2360 condicione
734 2290 1015 2374 adJecta,
1069 2290 1244 2376 quod
1275 2292 1333 2358 si
1365 2290 1590 2374 aliqua
1645 2290 1781 2357 litis
1813 2291 2083 2359 exaccio
2138 2310 2252 2377 per
2285 2291 2569 2376 aliquem

314 2398 394 2465 de
424 2409 608 2467 terra
640 2397 1017 2485 supradicta
1047 2398 1471 2483 suboriretur,
1514 2407 1578 2466 et
1612 2400 1970 2485 Dyonisius
2012 2420 2156 2467 eam
2188 2405 2406 2468 tenere
2438 2419 2569 2466 non

315 2517 562 2594 posset,
599 2516 750 2574 tune
782 2506 952 2574 idem
985 2510 1216 2575 Petrus
1250 2508 1591 2595 pecuniam
1619 2508 2061 2595 supradictam
2083 2507 2294 2574 eidem
2323 2508 2566 2593 Dyoni-

316 2618 413 2685 sio
447 2617 600 2684 sine
650 2616 1127 2687 intermissione
1179 2617 1451 2687 reddere
1501 2617 1790 2686 deberet.
1845 2619 1928 2685 vt
1957 2617 2154 2703 igitur
2200 2615 2570 2685 huiusmodi

318 2725 728 2795 vendicionis
759 2745 965 2812 opera
1001 2725 1257 2814 possint
1289 2734 1601 2814 perpetuo
1621 2727 1994 2795 memoriter
2025 2727 2308 2812 retineri,
2344 2724 2429 2791 ad
2463 2744 2568 2811 pe·

316 2833 626 2901 ticionem
677 2836 1013 2919 utriusque
1047 2835 1255 2921 partis
1296 2835 1362 2900 in
1395 2841 1762 2922 presentem
1811 2834 2102 2900 chartam
2147 2833 2416 2900 fecimus
2463 2831 2569 2898 ad-

317 2942 550 3027 notari,
585 2948 652 3008 et
682 2942 884 3028 sigilli
917 2944 1122 3011 nostri
1156 2943 1506 3011 munimine
1527 2948 1840 3030 perpetuo
1868 2942 2177 3010 roborari.
2212 2941 2399 3007 Anno
2432 2961 2571 3025 gra·

318 3052 414 3117 cie
447 3051 540 3115 ΒΡ
563 3049 696 3117 (30⁰
716 3050 1241 3136 quadragesimo.
1276 3051 1453 3117 Luca
1477 3051 1837 3137 Preposito,
1871 3049 2044 3116 Jona
2084 3048 2383 3129 cantore,
2419 3045 2571 3111 Che-

320 3178 492 3243 pano
526 3159 824 3244 Lectore,
859 3160 1113 3226 Thoma
1144 3155 1448 3245 Custode,
1483 3156 1787 3242 Philippo
1823 3156 2089 3222 Decano
2119 3151 2569 3220 existentibus.

805 3339 874 3406 (A
901 3340 1289 3408 pannonhalmi
1315 3338 1665 3390 kom·cntnek
1694 3333 2103 3401 levelteirdban.)

1403 4060 1512 4129 71.

321 4223 380 4292 A
407 4225 588 4313 peon·
637 4219 1084 4310 kdptalannak
1131 4220 1652 4309 bizonysdqlevele
1671 4270 1691 4305 ,
1726 4220 1886 4309 hoyy
1924 4220 2034 4287 IV.
2081 4218 2244 4287 Be'la
2291 4216 2506 4307 ktrdly
2537 4243 2581 4286 a

317 4334 583 4399 Manen
601 4329 791 4396 Botiz
810 4329 1120 4396 comemek
1134 4329 1259 4418 fla,
1293 4330 1356 4394 6⁸
1387 4329 1547 4395 Pota
1571 4328 1975 4416 Feremeynek
1990 4328 2093 4414 fia
2129 4328 2296 4394 ko'zti
2332 4327 2581 4414 Heyreh

318 4443 383 4506 ὗε
420 4439 639 4506 Lnde'r
651 4437 1044 4526 jdsquokra
1074 4437 1418 4504 vonatkozd
1445 4435 2032 4525 eyyenetlense‘qeket
2061 4434 2353 4502 elinte'zte.
2387 4436 2581 4501 1240.

538 4617 897 4685 Parcasius
929 4617 1308 4705 Prepositus
1342 4614 2062 4699 Quinqueecclesiensis
2094 4622 2428 4700 totumque
2459 4613 2580 4681 Ca-

315 4728 601 4815 pitulum
651 4726 944 4794 eiusdem
974 4727 1102 4793 loci
1151 4727 1450 4792 omn‘bus
1483 4744 1754 4812 presens
1808 4725 2117 4812 scriptum
2170 4724 2577 4790 cernentibus
