3359 5250
1429 377 1516 443 57

1442 957 1551 1026 37.

339 1140 546 1205 Βόηθε
596 1138 933 1205 nudos-nah
979 1137 1181 1204 italae
1230 1161 1345 1225 eqy
1391 1138 1765 1206 birtokoem
1809 1138 2327 1224 &cidonitae-al,
2374 1140 2595 1224 melyet

335 1246 507 1313 «9Ζὸὗό
534 1271 582 1313 a
608 1245 858 1333 kirdlyt‘
901 1245 1089 1312 biv-dle
1122 1247 1394 1333 qurdd
1422 1247 1744 1335 meqyeben
1773 1247 2022 1335 nstdny
2068 1248 2371 1315 mhntani
2405 1246 2590 1313 hirto·

732 1355 852 1420 kos
880 1355 947 1420 6·
974 1354 1357 1442 υάῇοόὂάῃ
1386 1355 1529 1423 bont
1557 1356 1955 1423 elmadoztek.
1998 1357 2195 1425 1238.

552 1551 918 1637 Dyonisius
966 1552 1095 1620 Dei
1143 1559 1374 1638 gracia
1423 1551 1763 1622 Palatinus
1814 1560 1879 1623 et
1908 1552 2142 1625 Comes
2192 1552 2277 1622 de
2316 1553 2593 1622 Zounuk

340 1656 662 1743 omnibus,
694 1657 930 1745 quibus
980 1658 1322 1747 presencia
1351 1659 1599 1747 scripta
1627 1661 1985 1748 patuerint,
2038 1664 2319 1730 salutem
2363 1661 2434 1728 in
2465 1663 2597 1729 Do·

341 1764 537 1832 mino.
592 1764 819 1837 Sciant
847 1776 982 1836 tam
1027 1772 1384 1854 presentes,
1435 1787 1635 1850 quam
1664 1767 1931 1855 posteri,
1980 1768 2154 1853 quod
2204 1767 2594 1836 aecedentes

342 1873 430 1940 ad
457 1894 584 1942 nos
614 1875 985 1974 Stephanus
1035 1881 1101 1944 et
1128 1875 1457 1945 Adrianus
1488 1876 1732 1963 clerici,
1778 1875 2003 1945 Ened
2035 1883 2101 1944 et
2130 1876 2296 1944 alter
2321 1876 2595 1963 Stepha-

340 2002 460 2050 nus
510 1990 581 2051 et
627 1984 793 2052 Paul
843 1983 925 2051 de
973 1984 1274 2053 Bahman
1322 1989 1748 2072 portauerant
1796 1984 1987 2053 nobis
2031 1984 2288 2053 litteras
2348 1982 2592 2054 domini

343 2089 545 2175 Regis
576 2090 702 2159 hoc
721 2091 913 2160 modo
935 2090 1376 2161 continentes:
1408 2093 1496 2160 Vt
1524 2090 1976 2161 concambium
1993 2092 2242 2160 factum
2263 2110 2383 2179 per
2408 2091 2591 2160 sudi-

342 2218 450 2267 ces
481 2203 769 2266 terarum
787 2197 1379 2285 Nougradiensium
1407 2198 1578 2268 inter
1608 2223 1718 2268 eos
1737 2219 1823 2267 ex
1852 2218 1986 2267 vna
2004 2205 2209 2287 parte,
2238 2206 2303 2267 et
2319 2199 2593 2268 Loudan

344 2305 515 2395 (igy)
548 2312 616 2374 et
645 2307 1028 2391 Gregorium
1058 2306 1350 2392 bilotum,
1388 2306 1784 2393 jobagiones
1816 2304 2029 2375 Castri
2060 2305 2593 2392 Nougradienses

342 2435 422 2481 ex
452 2415 693 2501 altera,
739 2434 937 2502 super
965 2422 1140 2483 terra
1188 2415 1255 2483 in
1284 2414 1694 2501 Thusnapya
1721 2434 1949 2483 uersus
1996 2421 2238 2482 terram
2283 2415 2590 2484 Kalanda

340 2521 707 2609 adiacente,
760 2531 826 2590 et
855 2543 1049 2611 super
1078 2524 1297 2592 media
1346 2530 1534 2611 parte
1563 2529 1740 2591 terre
1768 2523 2088 2608 Rnhman,
2134 2516 2592 2593 reuocaremus

344 2639 410 2701 et
440 2633 794 2701 iudiciaria
841 2634 1174 2702 sentencia
1204 2653 1324 2722 per
1372 2633 1649 2702 alteram
1679 2633 2256 2703 commutacionem
2295 2633 2594 2702 emenda·

340 2747 471 2809 tam
523 2761 932 2827 equaremus.
981 2743 1120 2811 Nos
1151 2741 1352 2828 igitur
1379 2741 1715 2831 Stephano
1768 2742 1946 2812 dicto
1995 2752 2062 2812 et
2104 2743 2244 2812 suis
2289 2743 2590 2828 cog-natis

342 2848 695 2917 nominatis
722 2849 1114 2936 pristaldum
1145 2848 1558 2934 contulimus,
1610 2855 1684 2917 vt
1712 2850 1837 2918 iret
1866 2856 1931 2918 et
1961 2849 2204 2919 factam
2243 2850 2592 2937 inspiceret

342 2957 957 3043 commutacionem;
1012 2964 1079 3025 et
1107 2964 1313 3025 teram
1345 2957 1657 3044 Stephani
1710 2958 1971 3028 nomine
2015 2958 2399 3046 Thusnapia
2447 2977 2591 3028 suo-

342 3084 614 3150 rumque
662 3072 1086 3151 cognatorum
1104 3115 1124 3151 ,
1174 3084 1302 3150 que
1341 3066 1411 3133 in
1457 3066 1609 3153 ipsa
1657 3065 2171 3134 commutacione
2217 3069 2287 3132 in
2335 3071 2591 3153 partem

342 3172 639 3243 Loudani
669 3179 735 3240 et
754 3174 1058 3260 Gregorij
1083 3172 1514 3261 jobagionum
1532 3181 1840 3260 cesserat,
1873 3172 2243 3242 restitueret
2260 3172 2590 3261 Stephano

345 3280 597 3349 clerico
630 3289 698 3348 et
726 3281 865 3349 suis
896 3282 1234 3369 cognatis3
1286 3280 1585 3350 similiter
1615 3288 1871 3369 partem
1901 3288 2074 3349 terre
2110 3282 2429 3368 Ruhman,
2462 3302 2590 3371 que

341 3390 409 3460 in
438 3391 546 3459 ius
578 3391 903 3479 Stephani
932 3401 998 3462 et
1042 3399 1466 3478 cognatorum
1497 3392 1637 3460 eius
1668 3397 1980 3477 cesserat,
2028 3389 2399 3460 restitueret
2426 3391 2590 3458 Lau·

343 3500 514 3569 dano
550 3498 725 3590 (igy)
759 3508 826 3570 ct
855 3500 1214 3589 Gregori03
1266 3502 1736 3586 subiungentes
1769 3498 1978 3568 eciam
2008 3499 2222 3568 eidem
2251 3498 2588 3588 pristaldo,

342 3614 413 3675 ut
437 3607 499 3677 si
526 3627 645 3697 per
671 3606 883 3678 dictos
913 3609 1302 3678 Laudanum
1333 3616 1400 3677 et
1429 3607 1651 3694 Grego
1659 3609 1822 3677 rium
1853 3609 2327 3696 prohiberetur,
2360 3607 2591 3675 citaret

341 3735 453 3785 eos
485 3714 577 3781 ad
623 3719 913 3783 nostram
940 3716 1375 3804 presenciam.
1429 3714 1558 3796 Qui
1587 3715 1742 3783 dum
1773 3715 1843 3782 in
1886 3714 2097 3803 primo
2138 3712 2412 3782 termino
2456 3712 2592 3781 Ste-

342 3824 597 3909 phanus
629 3842 777 3890 cum
808 3823 946 3891 suis
975 3823 1295 3910 cognatis,
1328 3829 1395 3892 et
1423 3823 1726 3893 similiter
1755 3821 2112 3891 Laudanus
2143 3827 2208 3889 et
2233 3818 2591 3906 Gregorius

339 3930 618 3999 fuissent
647 3950 867 3999 coram
898 3930 1085 3998 nobis
1089 3984 1109 4019 ,
1157 3930 1369 4001 dictus
1399 3931 1773 4020 Stephanus
1810 3938 1877 3999 et
1905 3930 2046 3999 eius
2093 3929 2358 4015 cognati
2404 3947 2592 3996 suam

339 4039 530 4109 nobis
558 4038 783 4106 taliter
814 4046 1252 4125 exposuerunt
1281 4039 1755 4127 querimoniam
1788 4066 1807 4106 ε
1839 4038 2013 4127 quod
2041 4037 2142 4105 illi
2170 4037 2214 4106 J
2217 4036 2440 4107 udices
2468 4041 2593 4104 ter·

340 4166 561 4214 rarum
594 4145 680 4214 de
706 4148 1028 4234 Nougrad
1066 4147 1231 4236 ipsis
1276 4169 1447 4236 pene
1476 4148 1848 4218 nolentibus
1877 4148 2244 4234 inequalem
2282 4145 2593 4214 fecissent

344 4253 514 4321 inter
561 4272 678 4322 eos
727 4255 1324 4341 commutacionem,
1373 4276 1494 4344 per
1539 4276 1735 4343 quam
1783 4276 1857 4324 se
1895 4255 2117 4343 inepte
2163 4252 2370 4321 fuisse
2417 4254 2591 4321 lesos

344 4360 863 4447 proclamabant.
910 4363 1191 4431 Demum
1220 4382 1366 4430 cum
1396 4363 1590 4431 ambe
1618 4368 1844 4452 partes
1875 4382 2007 4429 vna
2033 4381 2182 4429 cum
2211 4366 2433 4429 nostro
2464 4360 2591 4448 pri-

339 4467 555 4537 staldo
607 4488 826 4537 coram
853 4470 1046 4538 nobis
1095 4470 1376 4540 fuissent
1422 4470 1807 4558 constitute;
1860 4469 2228 4558 Stephanus
2259 4490 2404 4537 cum
2451 4468 2588 4538 suis

339 4576 639 4661 cognatis
688 4583 927 4646 terram
959 4597 1144 4647 suam
1194 4578 1457 4648 nomine
1484 4579 1895 4667 'l'husnapya
1935 4576 2317 4666 repetebant
2348 4597 2391 4644 a
2419 4576 2587 4644 Lau·

339 4683 509 4753 dano
559 4690 628 4753 et
656 4681 976 4774 Gregorio
1027 4686 1154 4757 sibi
1205 4684 1534 4774 restititui,
1585 4685 1870 4756 mediam
1923 4703 2080 4755 uero
2119 4690 2371 4772 partem
2417 4689 2590 4752 terre
