3359 5250
1836 328 1972 394 438

765 528 1128 616 Symeonis‚
1154 524 1481 594 Leonardi
1515 525 1596 591 de
1616 523 1887 592 Pessine
1907 518 2319 608 spalatensis
2354 525 2418 587 ot
2438 517 2612 584 aliis.
2646 516 2788 600 Ego
2810 513 3028 580 Dobre

761 637 1042 706 Duseize
1075 635 1487 702 examinator
1521 631 1821 699 conscius
1858 628 2112 715 scripsi.

977 744 1119 828 Ego
1151 741 1418 807 Amicus
1450 738 1868 826 Capellanu8‚
1914 733 2290 805 Communis
2313 731 2725 819 spalatensis
2756 731 3028 798 Juratus

762 851 1073 918 Notarius
1125 849 1226 915 his
1281 847 1561 930 interfui,
1610 855 1677 951 et
1730 845 1812 912 de
1859 846 2195 911 voluntate
2244 841 2453 929 ipsius
2505 838 2754 906 domini
2803 837 3025 906 Archi·

767 956 1057 1044 episcopi
1087 963 1357 1041 rogatus
1390 952 1642 1040 scripsi,
1680 959 1746 1020 et
1776 959 2086 1020 consueto
2120 951 2310 1035 signo
2344 947 2672 1015 roboraui.

1232 1147 1482 1213 (Parlati,
1509 1148 1786 1213 Illyricum
1814 1147 2040 1202 Sacrum
2067 1147 2167 1199 111.
2193 1145 2309 1197 kat.
2349 1146 2471 1198 279.
2498 1144 2557 1209 l.)
2693 1156 2725 1195 e

1635 1437 1813 1443 ——-
1824 1437 1857 1441 --
1882 1435 2049 1442 -ῌ-
2060 1434 2157 1441 *-

1810 1874 1971 1943 310.

772 2062 1043 2127 Ldrincz
1074 2058 1558 2145 01·szd9bir·o'nak
1608 2057 2141 2142 bizonysciylevele‚
2173 2058 2333 2141 hoyy
2368 2053 2598 2119 Miklds
2629 2054 2879 2119 hcinnalc
2907 2055 3034 2137 fiai
3084 2110 3105 2125 ,

1463 2165 1634 2229 εἰδετε
1665 2163 2105 2230 osztozkodtak.
2142 2160 2335 2227 1256.

991 2362 1131 2429 Nos
1162 2360 1476 2446 Magister
1508 2357 1908 2425 Laurenoius
1958 2355 2173 2422 Judex
2208 2353 2402 2422 Curio
2450 2352 2696 2422 domini
2733 2352 2937 2437 Regis
2967 2361 3032 2420 et

776 2469 1010 2539 Comes
1041 2469 1476 2552 Zaladiensis‚
1528 2468 1761 2534 damus
1792 2486 1911 2553 pro
1945 2463 2257 2531 memoria
2288 2463 2732 2546 significantes
2773 2460 3029 2528 Vniuer-

774 2576 887 2661 siS‚
940 2575 1114 2663 quod
1147 2575 1574 2646 Sebastianus
1606 2572 1865 2658 Comes,
1901 2573 2154 2656 Petrus,
2210 2562 2522 2639 Nicolaus
2553 2568 2808 2657 Comes,
2852 2570 3031 2638 Salo-

778 2702 928 2749 mon
960 2705 1040 2751 ao
1059 2683 1423 2770 Woywoda
1452 2682 1545 2750 fili
1580 2679 1755 2768 (igy)
1788 2680 2048 2747 Nieolai
2082 2679 2267 2761 Bani,
2308 2678 2642 2746 constituti
2676 2680 3028 2765 personali-

776 2796 876 2857 ter
925 2810 1144 2858 eoram
1178 2789 1388 2875 nobis,
1441 2786 2059 2874 conposieionaliter
2105 2787 2191 2853 ad
2240 2787 2436 2853 robur
2486 2792 2800 2872 perpetue
2848 2787 3033 2870 pacis

780 2896 977 2963 talem
1011 2903 1470 2984 perpetrarunt
1503 2895 1568 2960 in
1590 2876 2118 2982 possessionibus
2150 2912 2371 2960 eorum
2393 2891 2802 2977 diuisionem,
2835 2912 3031 2979 quam

777 3002 1163 3072 diuisionem
1195 3024 1278 3070 ex
1309 3022 1631 3071 consensu
1672 3001 1946 3068 fratrum
1979 3000 2211 3068 Comes
2243 2999 2673 3068 Sebastianus
2712 3004 2779 3066 et
2808 3000 3034 3067 Petrus

780 3112 1182 3180 ordinarunt.
1235 3113 1340 3179 Ita
1371 3109 1697 3197 videlieet,
1751 3108 1927 3194 quod
1968 3109 2056 3175 ab
2091 3129 2222 3176 una
2253 3115 2441 3194 parte
2488 3108 2716 3176 uillam
2756 3107 3038 3195 Neuprit

781 3226 1100 3304 uocatam,
1155 3219 1382 3286 uillam
1430 3220 1774 3303 Draguan,
1827 3217 2095 3284 fundum
2145 3217 2321 3301 Bon,
2374 3217 2602 3283 uillam
2657 3216 2840 3300 Saag
2890 3238 3036 3283 eum

776 3328 1058 3395 ecelesia
1106 3336 1172 3395 et
1206 3325 1593 3411 molendino,
1647 3334 1714 3393 et
1746 3345 1891 3391 eum
1924 3363 2013 3374 —-
2044 3360 2133 3374 --
2166 3363 2251 3374 --
2284 3330 2542 3392 centum
2596 3327 2836 3392 mareis
2888 3346 3035 3391 eon·

779 3440 1029 3502 structa
1058 3442 1124 3500 et
1175 3432 1499 3517 estimato„
1552 3429 1938 3499 Gradiseam
1991 3430 2322 3516 quandam
2368 3432 2857 3519 possessionem
2886 3452 3036 3499 eum

779 3549 990 3629 portu,
1025 3540 1250 3608 uillam
1272 3538 1545 3623 Boreek,
1577 3539 1805 3607 uillam
1827 3539 2070 3622 Bozun,
2092 3539 2580 3625 possessionem
2601 3539 2815 3606 Ebrus
2849 3559 3035 3608 noea-

777 3659 933 3730 tam,
988 3666 1134 3713 eum
1168 3647 1340 3714 silua
1388 3665 1510 3714 sua
1536 3646 1799 3714 nomine
1831 3646 2063 3733 Lippo‚
2117 3665 2262 3714 eum
2299 3646 2612 3733 pissoina‚
2665 3646 2850 3713 euius
2888 3669 3034 3734 pro·

774 3762 1009 3824 uentus
1041 3773 1247 3838 usque
1272 3755 1756 3823 reuolueionem
1790 3757 1946 3822 anni
1978 3754 2464 3841 quinquaginta
2484 3755 2716 3823 mareis
2754 3764 2857 3823 est
2888 3757 3036 3825 esti-

779 3872 1014 3951 matuS‚
1048 3882 1213 3948 quas
1243 3872 1616 3931 numeratas
1648 3864 2102 3951 possessiones
2134 3884 2251 3950 pro
2290 3864 2498 3931 tribus
2530 3865 2831 3950 partibus
2867 3865 3040 3950 ipsa·

777 3995 921 4044 rum
953 3992 1217 4042 suarum
1268 3973 1763 4060 possessionum
1817 3971 2317 4041 diuidendarum
2370 3971 2725 4041 diuidendo
2777 3973 3036 4040 ordina-

778 4088 949 4148 runt.
982 4084 1146 4148 Item
1168 4082 1252 4148 ab
1277 4081 1414 4147 alia
1445 4087 1635 4167 parte
1652 4081 1879 4148 uillam
1901 4081 2254 4149 Bakdassa
2272 4083 2755 4167 possessionem
2777 4082 3033 4149 Kustan

773 4190 1054 4274 nomine,
1090 4190 1573 4276 possessionem
1605 4190 1753 4258 Toti
1790 4194 2114 4275 uaeatam,
2156 4196 2223 4257 et
2255 4191 2743 4278 possessionem
2760 4189 3033 4257 Tarnuk

775 4304 1099 4384 uocatam,
1136 4298 1318 4366 euius
1351 4318 1469 4366 suo
1502 4299 1897 4366 Monasterio
1929 4299 2101 4386 (igy)
2133 4318 2250 4385 pro
2288 4297 2540 4365 duabus
2562 4298 2862 4385 partibus
2893 4318 3036 4365 sua·

775 4427 913 4474 rum
944 4407 1437 4495 possessionum
1489 4404 1844 4475 diuidendo
1881 4406 2283 4475 ordinarunt.
2336 4409 2568 4492 Itaque
2596 4407 2776 4473 faeta
2813 4427 3035 4474 eoram

773 4514 963 4582 nobis
1016 4515 1137 4581 tali
1169 4513 1493 4581 diuisione
1524 4515 1694 4582 inter
1725 4522 1966 4601 partes,
2000 4515 2337 4601 Nicolaus,
2393 4515 2703 4583 Salomon
2741 4522 2809 4581 et
2838 4515 3037 4600 Woy·

775 4624 965 4708 noda,
1028 4626 1241 4710 primo
1275 4625 1644 4692 nominatas
1678 4629 1744 4691 et
1774 4630 2149 4692 numeratas
2193 4623 2642 4711 possessiones
2678 4644 2797 4710 pro
2827 4623 3035 4690 tribus
