3359 5250
1834 426 1922 492 84

737 630 935 715 garie,
972 626 1300 709 Bohemie,
1334 624 1677 691 Dalmacie
1708 627 1832 694 stb.
1865 626 2065 710 Regis
2113 625 2478 692 amiciciam
2511 631 2811 710 paratam
2844 645 2991 693 cum

735 737 1003 806 honore.
1033 732 1388 817 Noueritis,
1421 732 1596 817 quod
1629 751 1776 798 cum
1808 735 1891 802 ob
1912 732 2486 824 contradictoriam
2526 733 2997 801 inhibicionem

742 847 1058 912 metarum
1089 839 1638 910 reambulacionis
1670 842 2110 927 possessionis
2145 843 2372 927 Leegh
2405 851 2636 909 vocate
2682 843 2753 909 in
2785 839 2998 908 Comi-

737 958 879 1018 tatu
926 948 1312 1018 Posoniensi
1363 947 1731 1032 existentis,
1783 947 2027 1014 nobilis
2081 947 2343 1015 domina
2388 948 2708 1032 Heduigis
2757 955 2999 1017 vocata

739 1057 988 1144 relicta,
1042 1075 1122 1122 ac
1147 1055 1489 1122 ‘Emericus
1521 1055 1698 1122 filius
1748 1054 2026 1122 condam
2057 1055 2236 1122 Petri
2271 1056 2441 1123 Grof
2479 1054 2562 1123 de
2597 1056 2834 1138 Bozen,
2868 1058 2999 1122 An-

740 1164 1034 1233 thonium
1063 1163 1271 1231 filium
1303 1161 1655 1246 Dominici,
1692 1164 2091 1232 Clementem
2120 1163 2324 1230 filium
2356 1164 2673 1250 Stephani
2705 1163 2786 1230 de
2816 1162 2999 1231 Sala·

744 1273 1141 1356 monwatha,
1175 1269 1593 1341 Salomonem
1642 1271 1912 1338 fratrem
1956 1270 2250 1340 eiusdem
2281 1272 2619 1358 Anthonij‚
2665 1270 2999 1337 Andream

744 1381 949 1448 fllium
981 1379 1240 1446 Nicolai
1291 1379 1373 1446 de
1404 1379 1765 1464 Belwatha,
1823 1387 1889 1446 et
1919 1381 2323 1467 Stephanum
2355 1380 2561 1447 filium
2595 1379 3003 1466 Sigismundi

749 1487 833 1556 de
861 1487 1106 1556 Watha
1135 1488 1428 1572 legitime
1474 1488 1886 1556 euocacionis
1917 1488 2181 1557 modum
2229 1488 2640 1556 obseruando
2672 1498 2898 1554 contra
2930 1505 3003 1553 se

747 1596 833 1663 ad
864 1602 1134 1663 octauas
1164 1596 1316 1664 festi
1344 1594 1536 1663 Beati
1567 1596 1802 1664 Jacobi
1834 1597 2131 1682 Apostoli
2181 1596 2247 1662 in
2297 1618 2467 1664 anno
2500 1596 2765 1663 Domini
2795 1596 3001 1662 mille·

748 1704 913 1770 simo
964 1703 1604 1789 quadringentesimo
1655 1705 1986 1772 tricesimo
2051 1713 2279 1790 quarto
2330 1704 2680 1791 preteritas
2730 1705 3008 1790 Regiam

749 1811 818 1879 in
868 1812 1276 1898 presenciam
1324 1813 1724 1894 attraxisset,
1786 1821 1851 1880 et
1884 1815 1970 1880 ab
2022 1814 2273 1880 eisdem
2319 1813 2568 1879 octauis
2605 1813 2753 1899 ipsa
2803 1831 3008 1878 causa

750 1927 973 2006 partes
1020 1921 1189 1987 inter
1240 1919 1502 1988 easdem
1556 1921 1685 1989 stb.
1734 1920 2070 2007 (tobbszor
2117 1922 2638 2005 elhalasztatott,
2691 1939 2723 1986 s
2773 1918 3004 2005 vegre)

751 2036 1087 2114 presentes
1107 2035 1376 2098 octauas
1417 2028 1568 2096 festi
1586 2030 2105 2118 Epiphaniamm
2123 2030 2393 2097 Domini
2412 2030 2741 2114 attigisset
2760 2053 2776 2114 ;
2811 2066 2901 2077 —-
2921 2065 3009 2076 --

754 2138 1022 2204 tandem
1052 2138 1220 2225 ipsis
1252 2139 1506 2207 octauis
1538 2138 1690 2207 festi
1722 2139 2243 2227 Epiphaniarum
2275 2139 2539 2206 Domini
2589 2138 3006 2220 instantibus,

755 2245 1093 2312 Johannes
1124 2245 1483 2313 Litteratus
1517 2246 1598 2312 de
1631 2248 1983 2333 Debiagoa
2002 2266 2120 2335 pro
2154 2246 2483 2315 annotatis
2509 2247 2713 2314 nobili
2745 2244 3010 2310 domina

755 2349 1080 2435 Hedvigis
1128 2360 1364 2420 vocata
1413 2354 1641 2421 relicta
1693 2361 1756 2420 et
1787 2355 2085 2421 Emerico
2131 2353 2264 2422 filio
2313 2352 2589 2421 condam
2620 2352 2795 2419 Petri
2828 2349 3016 2418 Groff

760 2457 842 2525 de
872 2457 1088 2527 Bozen
1120 2480 1263 2526 cum
1315 2462 1782 2547 procuratoriis
1832 2462 2066 2529 litteris
2098 2462 2337 2530 vestris
2383 2461 2451 2527 in
2500 2468 2791 2529 nostram
2842 2459 3014 2525 veni-

760 2567 930 2634 endo
962 2569 1388 2656 presenciam,
1432 2569 1754 2655 quasdam
1787 2570 2044 2638 litteras
2079 2571 2201 2637 stb.
2236 2577 2456 2638 nostro
2478 2567 2830 2656 judiciario
2864 2586 3016 2634 exa·

757 2677 922 2743 mini
985 2677 1239 2744 curauit
1287 2676 1732 2745 demonstrare
1779 2680 1904 2747 stb.
1970 2679 2230 2767 (Ennek
2295 2676 2661 2766 elleneben)
2711 2673 3015 2742 Andreas

761 2786 934 2851 filius
961 2783 1226 2853 Nicolai
1274 2806 1391 2872 pro
1424 2804 1495 2852 se
1526 2787 1979 2873 personaliter,
2021 2793 2086 2855 et
2117 2808 2236 2875 pro
2268 2786 2460 2853 dictis
2493 2784 2840 2872 Anthoni0‚
2875 2782 3016 2850 Ole-

766 2903 1001 2980 mente,
1022 2896 1372 2963 Salomone
1406 2903 1473 2963 et
1491 2894 1826 2980 Stephano
1861 2916 2006 2964 cum
2026 2896 2493 2984 procuratorijs
2525 2895 2758 2962 litteris
2778 2891 3017 2960 vestris

765 3002 834 3069 in
865 3009 1153 3070 nostram
1206 3003 1583 3089 exurgendo
1615 3005 2021 3091 presenciam
2074 3003 2395 3091 quasdam
2425 3005 2679 3071 litteras
2711 3002 2869 3068 dicti
2907 3001 3017 3067 do-

764 3110 924 3178 mini
955 3110 1115 3178 Bele
1146 3112 1345 3198 Regis
1396 3113 1846 3199 priuilegiales
1895 3113 2036 3181 sine
2068 3133 2240 3181 anno
2284 3117 2647 3195 emanataS,
2701 3110 3021 3175 habentes

768 3219 834 3283 in
864 3238 935 3286 se
970 3218 1414 3286 confirmatiue
1465 3226 1757 3288 tenorem
1795 3220 2202 3304 quarundam
2253 3219 2614 3285 litterarum
2665 3213 3025 3282 sentencio-

771 3324 1017 3390 nalium
1068 3324 1326 3392 Nicolai
1358 3324 1754 3393 Viceiudicis
1808 3325 2003 3393 Gurie
2052 3345 2169 3393 sue
2206 3325 2389 3391 Bude
2437 3324 2508 3390 in
2538 3320 2866 3391 dominica
2906 3321 3026 3386 Le·

769 3436 914 3497 tare
947 3450 1119 3497 anno
1152 3432 1373 3516 gracie
1421 3434 1768 3501 millesimo
1802 3433 2245 3501 ducentesimo
2294 3432 2619 3499 tricesimo
2649 3449 2823 3496 nono
2856 3447 3027 3494 ema·
3092 3468 3101 3475 ·

773 3545 966 3606 natas
997 3539 1187 3607 nobis
1237 3543 1492 3609 curauit
1521 3540 1991 3628 demonstrare,
2044 3543 2112 3609 in
2147 3542 2382 3627 quibus
2415 3540 2800 3623 habebatur,
2847 3533 3027 3620 quod

774 3666 919 3713 cum
952 3647 1220 3730 quidam
1261 3647 1652 3735 jobagiones
1686 3650 1899 3717 Castri
1932 3650 2354 3719 Posoniensis
2403 3648 2640 3716 litteris
2678 3646 2747 3712 in
2779 3643 3031 3712 eisdem

777 3755 1114 3839 nominati,
1147 3756 1317 3822 inter
1349 3764 1602 3825 ceteros
1633 3756 1976 3825 Rodoman
2011 3764 2077 3824 et
2108 3757 2224 3841 alij
2258 3757 2340 3824 de
2371 3756 2533 3823 villa
2551 3751 2786 3839 Hegvi,
2819 3749 3029 3835 requi·

741 3898 751 3911 ·
776 3861 1038 3928 sinisset
1068 3883 1111 3927 a
1139 3870 1279 3929 tota
1308 3865 1737 3947 generacione
1769 3866 2102 3949 Salomon,
2137 3866 2248 3951 qui
2280 3864 2555 3930 fuissent
2586 3861 2654 3927 in
2684 3859 2932 3926 Watha
2963 3865 3028 3923 et

775 3970 844 4036 in
874 3970 1205 4055 Salomon,
1257 3971 1582 4055 quandam
1634 3978 1877 4039 terram
1909 3972 1993 4039 de
2038 3979 2214 4040 terra
2243 3970 2505 4051 Watha,
2556 3987 2683 4052 que
2715 3966 2891 4050 wlgo
2923 3982 3035 4030 vo·

779 4084 1035 4144 caretur
1084 4077 1441 4144 Althalwth
1493 4080 1674 4165 allya
1705 4079 1877 4146 felde
1927 4099 2049 4165 pro
2081 4086 2268 4166 parte
2319 4077 2535 4144 Castri
2585 4066 3031 4155 Posoniensis,

779 4191 1148 4252 asserentes
1209 4186 1482 4251 eandem
1542 4194 1789 4253 terram
1851 4187 1946 4253 eis
2007 4187 2149 4253 iure
2211 4183 2606 4252 hereditario
2666 4179 3030 4267 pertinere;

781 4293 1064 4376 dictique
1113 4292 1364 4359 nobiles
1415 4292 1925 4380 respondissent,
1983 4294 2258 4360 eandem
2308 4301 2550 4359 terram
2598 4307 2765 4385 esse?
2787 4284 3036 4371 porcio—

780 4419 930 4466 nem
960 4408 1131 4467 terre
1163 4401 1422 4483 Watha‚
1477 4403 1770 4488 ipsorum
1802 4404 2052 4470 scilicet
2098 4413 2163 4470 et
2194 4405 2404 4470 tocius
2437 4392 2890 4485 generacionis
2923 4394 3041 4460 Sa·

784 4509 1002 4574 lomon
1032 4507 1535 4593 hereditariam,
1587 4509 1852 4577 tandem
1887 4512 2043 4595 quia
2091 4510 2341 4598 prefato
2373 4506 2650 4574 Nicolao
2681 4500 3043 4568 Viceiudici

784 4615 973 4680 Curie
1024 4614 1224 4698 Regio
1272 4618 1656 4701 quibusdam
1709 4619 2217 4702 probacionibus
2268 4620 2337 4683 in
2377 4617 2549 4684 facto
2605 4609 2815 4699 ipsius
2872 4626 3045 4683 terre

791 4742 907 4809 per
935 4721 1116 4807 ipsos
1159 4723 1550 4807 jobagiones
1584 4724 1800 4789 Castri
1851 4732 1916 4790 et
1947 4724 2155 4791 dictos
2187 4726 2443 4794 nobiles
2477 4725 2559 4795 de
2605 4726 3047 4811 generacione
