3359 5250
1751 305 1972 412 *210

770 503 1040 574 fecimus
1075 503 1415 592 introduci,
1451 506 1570 573 hoc
1605 506 1829 573 ordine
1868 504 2350 594 distinguntur3
2406 508 2581 593 quod
2612 530 2655 577 a
2685 516 2871 596 parte
2903 505 3032 577 ori·

772 614 976 682 entali
1025 621 1508 683 commetaneus
1560 614 1849 701 ipsorum
1884 621 1986 680 est
2017 616 2219 682 Emsa
2268 615 2619 703 kenezius;
2671 624 2738 684 et
2786 617 3027 684 abhinc

775 744 817 789 a
847 723 1107 810 capella
1138 724 1341 788 Beate
1373 723 1662 809 Virginis
1698 722 1904 788 Mai-ie
1960 723 2252 809 procedit
2301 725 2603 810 superius
2655 725 2839 792 iuxta
2876 725 3026 793 Sco·

771 831 943 916 ham,
979 837 1046 898 et
1077 829 1280 897 eciam
1332 830 1686 898 medietate
1735 835 1906 897 terre
1956 829 2184 896 Mihali
2234 832 2531 917 predicte
2578 832 2924 899 reuertitur
2962 833 3029 898 in

774 948 1013 1006 terram
1062 937 1351 1026 ipsorum
1403 937 1733 1007 emtieiam
1785 957 1929 1003 eum
1981 957 2098 1004 sex
2142 938 2350 1023 metis,
2404 944 2470 1006 et
2522 939 2611 1006 ibi
2663 948 2806 1009 tota
2856 947 3034 1007 meta

768 1067 971 1135 supra
1002 1046 1174 1114 dicte
1208 1054 1375 1114 terre
1408 1046 1810 1113 terminatur.
1847 1047 1948 1112 Ne
1981 1066 2135 1116 uero
2171 1047 2287 1114 hec
2322 1069 2363 1114 a
2393 1048 2582 1117 nobis
2622 1048 2800 1115 facta
2834 1047 3029 1117 dona-

769 1157 871 1224 cio
905 1176 1022 1243 per
1052 1154 1341 1241 aliquem
1372 1175 1714 1242 perperam
1751 1161 2054 1240 agentem
2087 1155 2307 1223 valeat
2337 1156 2405 1222 in
2438 1155 2690 1224 irritum
2711 1157 3028 1243 reuocari,

770 1263 889 1332 scd
941 1264 1134 1331 salua
1185 1283 1443 1349 semper
1496 1269 1561 1330 et
1608 1263 1999 1332 inconcussa
2047 1270 2462 1350 perseueret,
2513 1263 2603 1331 ad
2642 1273 3026 1352 perpetuum

771 1373 968 1442 robur
997 1371 1416 1442 obtinendum
1451 1380 1787 1460 presentes
1820 1373 2068 1440 eisdem
2102 1373 2545 1442 concessimus
2582 1374 2835 1441 litteras
2868 1375 3022 1463 dup-

769 1481 961 1568 plieis
1015 1483 1218 1568 sigilli
1271 1483 1474 1550 nostri
1525 1481 1876 1549 munimine
1925 1481 2367 1568 perempniter
2422 1482 2783 1550 roboratas.
2835 1485 3026 1550 Anno

767 1591 990 1674 gracie
1038 1590 1384 1659 millesimo
1438 1590 1883 1658 ducentesimo
1942 1590 2450 1674 quadragesimo
2496 1598 2684 1657 sexto
2705 1642 2724 1675 ,
2776 1591 3022 1659 XVIII?

768 1698 1091 1766 kalendas
1122 1699 1486 1785 Februarii,
1520 1699 1729 1783 Regni
1760 1705 1980 1765 autem
2009 1699 2214 1767 nostri
2247 1719 2419 1767 anno
2452 1698 2814 1768 vndecimo.

769 1862 1046 1930 (Eredetie
1080 1821 1434 1928 borhartyttn,
1471 1861 1693 1927 melyrb'l
1731 1858 2250 1927 sdrga-feher-vbrds
2277 1863 2729 1928 selyemzsinoron
2770 1877 2803 1912 a
2847 1857 3024 1930 kiraly

875 1954 1055 2011 ketto‘s
1082 1950 1428 2019 pecsetjenek
1453 1949 1711 2004 torede'ke
1738 1952 1890 2018 fug-g,
1916 1969 1951 2004 a
1977 1952 2139 2003 budai
2166 1952 2219 2002 k.
2246 1952 2493 2004 kamarai
2520 1949 2897 2020 leveltarban.)

1823 2576 1979 2648 138.

776 2740 815 2808 I
822 2742 889 2808 V.
930 2739 1109 2811 Ine-ze
1129 2745 1310 2831 pdpa
1342 2740 1580 2807 Daniel
1623 2744 1922 2829 yalicziai
1955 2743 2188 2829 hircilyt
2219 2743 2280 2806 e's
2309 2746 2606 2828 wszdya't
2653 2766 2729 2807 az
2763 2744 3029 2828 apostoli

1274 2849 1524 2914 szdknek
1548 2849 1926 2936 pdrffoycisa
1959 2851 2064 2915 ald
2094 2853 2274 2915 veszi.
2321 2847 2520 2913 1246.

983 3010 1397 3078 Innocentius
1428 3009 1798 3096 Episcopus
1831 3029 2060 3077 seruus
2092 3029 2426 3078 seruorum
2459 3008 2584 3075 Dei
2616 3007 2852 3076 dilecto
2886 3006 3025 3075 filio

770 3173 786 3190 .
825 3172 840 3187 .
877 3171 893 3186 .
927 3117 1093 3202 Regi
1125 3115 1362 3185 Russie
1408 3116 1657 3184 Illustri
1710 3115 1991 3185 salutem
2023 3121 2088 3185 et
2126 3115 2578 3205 Apostolieam
2626 3115 3020 3182 benedictio-

769 3250 938 3297 nem.
990 3226 1152 3294 Gum
1182 3233 1248 3293 te
1298 3246 1378 3293 ac
1407 3226 1703 3309 Regnum
1752 3232 1953 3309 tuum,
2009 3231 2231 3312 utpote
2281 3225 2754 3313 plantationem
2803 3224 3023 3292 novel-

767 3337 923 3419 lam,
956 3353 1397 3421 proponamus
1448 3334 1758 3419 prosequi
1791 3333 2067 3419 speciali
2118 3333 2540 3419 prerogativa
2570 3331 2782 3417 gratie
2812 3352 2894 3398 ac
2925 3329 3020 3397 fa-

768 3441 966 3529 voris,
1022 3441 1194 3509 votis
1225 3440 1356 3508 tuis
1408 3439 1691 3508 libenter
1738 3443 2104 3527 annuimus,
2138 3446 2205 3507 et
2233 3441 2582 3528 petitiones
2613 3445 2783 3526 tuas,
2823 3460 3026 3525 quau·

770 3557 906 3617 tum
939 3570 1083 3617 cum
1115 3551 1257 3616 Deo
1288 3569 1655 3636 possumus,
1687 3549 2136 3618 fauorabiliter
2162 3548 2568 3617 exaudimus.
2606 3547 2766 3615 Tuis
2796 3547 3026 3633 itaque

769 3657 1359 3745 supplicationibus
1407 3657 1705 3724 inclinati
1761 3676 2106 3743 personam
2137 3664 2314 3724 tuam
2348 3666 2414 3725 et
2445 3658 2740 3741 Regnum
2777 3653 3024 3741 predic—

767 3771 902 3832 tum
936 3766 1057 3833 sub
1088 3765 1277 3833 Beati
1309 3765 1485 3833 Petri
1518 3772 1584 3833 et
1632 3772 1859 3834 nostra
1904 3765 2305 3853 protectione
2337 3764 2753 3852 suscipimus,
2785 3767 2853 3829 et
2880 3783 3022 3849 pre·

768 3873 975 3941 sentis
995 3873 1226 3960 scripti
1255 3873 1619 3959 patrocinio
1644 3874 1990 3941 munimus.
2022 3874 2201 3941 Nulli
2225 3894 2383 3959 ergo
2411 3871 2673 3941 omniuo
2694 3870 3025 3938 hominum

767 3980 963 4048 liceat
990 3979 1163 4048 hanc
1193 3982 1505 4068 paginam
1532 3988 1754 4050 nostre
1787 3981 2211 4068 protectionis
2251 3979 2605 4065 infringere
2628 3977 2731 4045 vel
2763 3977 2824 4044 ei
2859 3997 3024 4046 ausu

765 4087 1111 4155 temerario
1146 4088 1490 4156 contraire.
1540 4089 1609 4156 Si
1643 4088 1792 4174 quis
1826 4095 2045 4156 autem
2076 4089 2200 4156 hoc
2248 4094 2645 4175 attemptare
2686 4106 3025 4173 presump-

766 4198 926 4266 serit
950 4248 968 4283 ,
1020 4197 1535 4284 indignationem
1585 4197 1713 4264 Dei
1766 4197 2246 4283 Omnipoteutis
2267 4248 2285 4283 ,
2337 4198 2690 4263 Beatorum
2737 4195 2914 4262 Petri
2966 4203 3031 4262 et

766 4305 955 4374 Pauli
1006 4305 1468 4393 Apostolorum
1519 4305 1684 4389 eius,
1735 4313 1802 4372 et
1846 4313 2140 4373 nostram
2188 4326 2260 4373 se
2292 4305 2548 4373 nouerit
2597 4305 3025 4372 incursurum.

766 4417 1009 4481 Datum
1028 4411 1329 4500 Lugduni
1351 4414 1427 4482 V.
1451 4433 1660 4481 nonas
1680 4414 1839 4481 Maii
1872 4411 2330 4502 (Pontificatus
2352 4413 2589 4503 nostri)
2619 4433 2792 4481 anno
2812 4413 3024 4480 tertio.

857 4559 1169 4627 (Turgenev
1189 4559 1255 4611 A.
1277 4560 1351 4621 J„
1378 4560 1658 4612 Histoi-ica
1686 4560 1917 4611 Russiae
1943 4560 2312 4621 Monumenta,
2339 4562 2383 4612 1.
2411 4562 2524 4613 kot.
2551 4561 2635 4613 Sz.
2663 4557 2930 4613 Petet-var

1724 4649 2081 4715 ιειι,ῡτ.ι)
