3359 5250
1838 321 1926 386 34

745 521 834 588 ad
865 541 985 587 nos
1017 521 1364 608 pertinent,
1415 518 1542 585 sibi
1575 524 1937 603 usurparet.
1973 516 2134 582 Cum
2166 534 2326 599 ergo
2378 514 2568 582 nobis
2607 514 3017 583 constitisset

747 630 834 697 ad
868 630 1153 716 plenum,
1202 625 1478 694 terciam
1508 633 1763 713 partem
1796 623 2138 692 memorati
2171 621 2390 688 tributi
2422 621 2511 689 ad
2544 621 3016 690 monasterium

752 738 1110 805 antefatum
1137 734 1504 822 pertinere3
1558 731 1773 800 eidem
1807 731 2112 797 duximus
2159 728 2647 812 restituendam,
2698 729 2843 796 iure
2872 751 3016 817 per-

748 852 948 933 petuo
979 845 1195 928 quiete
1244 850 1310 910 et
1340 841 1612 928 pacifice
1645 841 1732 907 ab
1765 839 1997 906 eodem
2035 835 2521 924 possidendam.
2582 839 2670 904 Vt
2699 858 2858 923 ergo
2889 859 3018 905 me-

753 958 1008 1021 morata
1036 952 1393 1035 restitucio,
1445 949 1742 1034 legitime
1775 947 1974 1032 faeta,
2009 947 2198 1014 salua
2235 965 2493 1032 semper
2523 952 2590 1011 et
2630 945 3022 1013 inconeussa

755 1066 1162 1147 permaneat,
1210 1080 1330 1126 neo
1361 1059 1577 1146 possit
1609 1059 1695 1124 ab
1730 1058 1951 1143 aliquo
1984 1055 2411 1141 imposterum
2446 1052 2574 1118 iam
2605 1054 2856 1122 tociens
2890 1054 3020 1121 dio-

753 1176 888 1235 tum
938 1168 1406 1237 monasterium
1455 1165 1806 1251 inquietari
1838 1184 2037 1251 super
2080 1164 2246 1249 ipso,
2301 1181 2418 1229 seu
2448 1162 2822 1246 molestari3
2875 1182 3021 1248 pre·

756 1282 976 1343 sentes
995 1277 1063 1344 in
1082 1283 1470 1362 perpetuam
1491 1276 1586 1341 rei
1617 1274 2009 1354 firmitatem,
2041 1271 2298 1337 litteras
2322 1270 2631 1337 duximus
2663 1269 3022 1337 eonceden-

756 1383 901 1467 das,
953 1384 1279 1471 duppliois
1329 1383 1533 1468 sigilli
1562 1383 1769 1468 nostrj
1821 1381 2175 1448 munimine
2223 1379 2597 1465 perenniter
2649 1379 3020 1446 roboratas.

754 1495 1002 1560 Datum
1049 1493 1117 1558 in
1146 1493 1374 1561 Zolum
1422 1512 1593 1558 anno
1645 1492 1870 1575 gracie
1920 1490 2265 1556 millesimo
2306 1486 2681 1555 CO⁰XXX⁰
2714 1487 3024 1574 septimo,

758 1601 980 1667 XXII⁰
1002 1600 1325 1666 kalendas
1356 1600 1759 1684 Decembris,
1792 1599 2005 1682 Regni
2056 1602 2274 1662 autem
2306 1595 2515 1662 nostri
2572 1615 2745 1662 anno
2795 1596 3029 1662 tercio.

1202 1795 1418 1863 (Knauz
1443 1794 1680 1860 Nandor,
1722 1798 1949 1863 Magyar
1974 1797 2105 1848 Sion
2129 1797 2203 1846 11.
2232 1797 2348 1846 hot.
2376 1796 2498 1844 437.
2524 1794 2584 1859 1.)

1646 2079 2162 2090 -—-—————

1857 2531 1965 2598 22.

782 2709 901 2774 IV.
936 2710 1097 2775 Bela
1145 2710 1359 2797 kirdly
1391 2712 1747 2796 meyerc'isiti
1776 2711 2034 2793 Saulus,
2077 2712 2284 2777 Jduos
2298 2712 2534 2795 fidnak
2584 2710 3050 2796 birtokdllapo-

1735 2821 1849 2880 tdt.
1896 2819 2092 2881 1237.

1001 2995 1167 3062 Bela
1214 2994 1339 3060 Dei
1389 2994 1618 3080 gracia
1646 2993 2005 3079 Hungarie,
2055 2994 2419 3079 Dalmaeie‚
2473 2992 2764 3078 Croaoie,
2815 2996 3050 3077 Rame,

785 3102 1032 3188 Seruie,
1069 3102 1338 3189 Galioie,
1375 3102 1763 3171 Lodomerie
1809 3100 2252 3186 Comanieque
2282 3105 2424 3169 Rex
2473 3101 2770 3170 omnibus
2802 3100 3050 3169 Christi

786 3211 1092 3278 fidelibus
1124 3230 1395 3297 presens
1448 3210 1759 3295 seriptum
1792 3210 2190 3295 inspecturis
2240 3211 2520 3278 salutem
2551 3212 2617 3276 iu
2649 3230 2748 3294 eo,
2801 3211 2911 3295 qui
2944 3215 3054 3276 est

788 3319 971 3385 salus
1003 3318 1307 3385 omnium.
1347 3316 1453 3383 Ad
1482 3318 1930 3384 uniuersorum
1949 3319 2356 3405 presencium
2388 3340 2467 3386 ao
2497 3325 2905 3404 posterorum
2936 3338 3047 3384 uo-

788 3424 1011 3491 tieiam
1043 3425 1271 3491 harum
1323 3426 1491 3491 serie
1522 3426 1823 3494 volumus
1854 3427 2212 3513 peruenire,
2261 3424 2435 3511 quod
2464 3426 2701 3493 Saulus
2732 3426 2905 3493 filius
2937 3426 3048 3492 Jo-

789 3531 1027 3598 hannis
1058 3530 1141 3598 de
1191 3532 1422 3599 Insula
1451 3532 1540 3599 ad
1567 3538 1860 3600 nostram
1895 3533 2214 3601 accedens
2245 3535 2673 3621 presenciam,
2714 3533 3056 3600 humiliter

790 3640 985 3707 nobis
1017 3644 1083 3706 et
1109 3640 1432 3706 instanter
1480 3639 1911 3726 supplicando
1953 3640 2301 3726 flagitauit‚
2354 3648 2423 3707 vt
2454 3661 2600 3708 oum
2630 3640 2806 3708 idem
2852 3660 3057 3728 super

792 3755 962 3816 terre
993 3768 1110 3815 sue
1134 3749 1427 3832 negooijs
1458 3767 1578 3834 per
1594 3749 1860 3834 judiees
1881 3756 2196 3816 terrarum
2230 3749 2298 3815 in
2318 3749 2645 3818 Comitatu
2662 3749 3050 3818 Posoniensi

791 3876 910 3943 per
937 3875 1058 3924 nos
1108 3855 1493 3922 constitutos
1525 3875 1685 3942 sepe
1718 3862 1785 3923 et
1832 3858 2056 3944 sepius
2109 3858 2340 3925 fuisset
2372 3859 2777 3940 molestatus,
2827 3878 3046 3943 quam,

791 3970 864 4029 vt
894 3963 1175 4046 dicebat,
1222 3967 1466 4030 terram
1497 3964 1583 4028 ab
1616 3963 1762 4049 ipso
1793 3964 1994 4048 ijdem
2014 3964 2274 4050 judiees
2308 3965 2375 4031 in
2407 3986 2653 4049 magna
2683 3966 3052 4050 quantitate

794 4072 1224 4154 abstulerant,
1277 4077 1344 4137 et
1372 4079 1589 4139 castro
1623 4072 2077 4157 restituerant3
2131 4083 2389 4157 terram,
2435 4093 2631 4156 quam
2681 4072 2810 4139 sibi
2858 4073 3050 4138 relin-

796 4178 1121 4265 quendam
1173 4181 1515 4262 duxerunt‚
1568 4200 1651 4246 ne
1682 4181 1949 4246 vlterius
1981 4181 2434 4248 molestaretur
2484 4202 2602 4267 pro
2635 4182 2892 4266 eadem,
2942 4202 3055 4249 no·

795 4287 948 4353 stris
980 4287 1106 4354 sibi
1137 4287 1371 4354 litteris
1403 4288 1825 4371 dignaremur
1855 4287 2257 4356 confirmare.
2293 4290 2432 4358 Nos
2459 4309 2615 4356 vero
2646 4289 2839 4357 solito
2872 4289 3058 4356 beni·

798 4393 1068 4478 gnitatis
1099 4402 1322 4463 nostre
1351 4394 1578 4463 fauore
1626 4394 1835 4481 ipsius
1866 4396 2280 4483 peticionem,
2315 4416 2439 4481 que
2461 4396 2798 4483 justiciam
2853 4397 3053 4465 eonti-

796 4504 1020 4585 nebat‚
1060 4503 1468 4571 intendentes
1518 4503 1887 4588 admittere,
1933 4505 2193 4573 dilectis
2244 4511 2310 4571 et
2356 4505 2659 4572 fidelibus
2711 4504 2948 4572 nostris
2999 4504 3057 4571 1.

798 4612 1138 4696 Preposito
1172 4616 1238 4677 et
1268 4611 1347 4677 A.
1380 4610 1618 4679 Comiti
1648 4613 2037 4680 Posoniensi
2094 4612 2394 4680 dedimus
2426 4614 2492 4680 in
2528 4614 2857 4681 mandatis
2911 4613 3055 4680 dili·
3087 4615 3096 4621 “
