3359 5250
1888 355 1972 421 82

792 555 1201 637 mendantes,
1237 560 1303 618 et
1337 559 1548 617 ratum
1579 551 1899 618 habentes
1932 558 2157 633 totum,
2211 550 2533 634 quidquid
2568 550 2776 636 ipsius
2807 550 3066 619 ordina·

797 663 896 730 uit
926 669 990 728 et
1027 658 1422 727 deliberauit
1449 658 1819 743 trutinacio‚
1860 657 2147 725 Poucam
2180 657 2488 725 clericum
2518 658 2743 745 sepius
2772 660 3065 728 uomina-

791 776 951 854 tum,
1002 775 1071 835 et
1097 768 1367 835 fratrem
1415 765 1646 852 ipsius,
1705 786 1784 832 ac
1830 785 1985 834 suos
2040 773 2375 849 cognatos,
2428 785 2826 852 quamquam
2862 768 3064 852 juxta

792 876 1076 945 Abbatis
1109 874 1546 943 asserciouem
1578 879 1644 939 et
1674 873 1912 941 seriem
1945 872 2307 941 litterarum
2328 871 2601 942 Comitis
2622 873 2909 942 Palatini
2941 898 3061 963 pro

793 983 1209 1056 contumacia
1260 988 1325 1049 et
1354 983 1470 1049 lite
1503 987 1734 1050 contra
1764 982 2043 1048 eundem
2075 982 2402 1048 Abbatem
2446 982 2704 1069 iterata,
2756 983 2827 1049 in
2860 985 3063 1050 serui-

790 1099 994 1160 tutem
1030 1092 1376 1176 redigendi
1407 1091 1686 1157 fuissent
1719 1090 2018 1178 penitus;
2067 1088 2495 1178 decreuimus,
2533 1093 2663 1160 imo
2695 1101 2919 1160 nostro
2954 1094 3067 1161 ob-

791 1199 1103 1267 tinuimus
1154 1197 1545 1278 interuentu,
1595 1198 2049 1266 libertinorum
2095 1199 2375 1267 seruicio
2420 1198 2795 1287 perenniter
2843 1199 3063 1286 subja-

791 1305 1078 1388 cendos;
1132 1305 1254 1371 hoc
1285 1309 1506 1371 tamen
1557 1303 1806 1390 addito,
1865 1306 2041 1392 quod
2073 1305 2200 1372 nisi
2249 1305 2422 1372 infra
2452 1308 2882 1374 Pentecosten
2912 1328 3063 1393 pro-

794 1414 969 1482 xime
998 1420 1336 1481 venturam
1371 1414 1458 1480 ad
1507 1414 1940 1483 exercendum
1975 1422 2041 1483 et
2080 1416 2568 1503 suscipiendum
2606 1417 3063 1486 libertinorum

793 1522 1163 1610 seruicium,
1219 1521 1387 1590 sicut
1435 1523 1602 1610 ipsis
1651 1544 1734 1591 ex
1783 1524 2233 1594 misericordia
2264 1525 2544 1593 Abbatis
2595 1528 3061 1611 prememorati

791 1651 1172 1698 concessum
1204 1638 1325 1715 est,
1380 1631 1755 1712 rediuerint,
1808 1633 1875 1699 iu
1909 1653 2244 1702 seruorum
2272 1634 2509 1721 jugum
2558 1642 2622 1701 et
2654 1635 3058 1718 seruitutem,

793 1738 963 1805 sicut
994 1743 1406 1805 contumaces
1437 1745 1503 1804 et
1533 1738 1734 1806 tocies
1781 1739 2082 1824 rebelles,
2132 1740 2364 1806 merito
2411 1739 2824 1824 redigentur;
2877 1747 3060 1809 terra

792 1845 1002 1911 eciam
1036 1842 1409 1927 eorundem,
1460 1843 1628 1911 sicut
1660 1852 1726 1911 et
1755 1844 1903 1931 ipsi,
1959 1845 2162 1931 injus
2194 1846 2475 1913 Abbatis
2508 1845 2706 1913 cessit
2734 1852 3054 1932 perpetuo

786 1947 1211 2039 possidenda.
1263 1950 1494 2035 Igitur,
1546 1959 1616 2018 vt
1646 1953 1769 2019 hoc
1819 1953 2065 2021 factum
2111 1973 2331 2023 coram
2379 1954 2568 2022 nobis
2621 1954 3054 2040 uentillatum,

786 2058 1219 2128 irreuocabile
1250 2066 1315 2125 et
1346 2059 1732 2129 inuiolabile
1763 2080 2190 2148 perseuerare
2223 2062 2462 2146 ualeat,
2516 2065 2854 2147 presentes
2885 2060 3055 2127 litte·

790 2187 902 2235 ras
935 2166 1377 2234 concessimus
1428 2166 1496 2233 in
1526 2169 1973 2237 testimonium
2001 2168 2202 2253 sigilli
2233 2169 2442 2236 nostri
2483 2167 2838 2235 munimine
2871 2169 3059 2238 robo-

786 2282 991 2342 ratas.
1025 2276 1269 2342 Datum
1300 2293 1475 2344 anno
1507 2277 1729 2361 gracie
1766 2277 1858 2342 Μο
1878 2276 2009 2344 00⁰
2028 2277 2346 2345 XXXIX?

970 2486 1246 2555 (Eredotie
1270 2487 1624 2559 bssrhfirtyan,
1652 2508 1685 2543 a
1710 2492 2097 2559 pannonhalmi
2124 2490 2414 2560 fdaphtsdg
2440 2488 2854 2555 leveltaraban.)

1860 3276 1971 3344 54.

786 3472 1029 3539 Miklde
1059 3473 1643 3561 cll-orsza'qbirdnak
1683 3473 1882 3539 ite'letc
1911 3497 1953 3537 a
1987 3473 2233 3540 Gar-am
2263 3473 2520 3540 melletti
2554 3486 2721 3539 uzant
2753 3474 3050 3539 benedeki

1221 3586 1509 3669 αράίεάρ
1541 3585 1603 3646 έε
1648 3581 1928 3668 qukdzi
1958 3582 2174 3647 Endre
2205 3583 2361 3647 kozt.
2395 3585 2594 3648 1239.

999 3778 1137 3846 Nos
1169 3778 1499 3866 Nicolaus·
1521 3777 1879 3845 Viceiudex
1908 3777 2078 3844 Aule
2110 3777 2316 3863 Regio
2367 3776 2810 3862 significamus
2850 3775 3050 3843 omni-

788 3888 910 3953 bus
940 3891 1312 3972 presentem
1361 3884 1676 3972 paginam
1707 3884 2116 3972 inspecturis,
2170 3883 2345 3968 quod
2377 3902 2524 3950 cum
2564 3902 2761 3969 super
2791 3887 3049 3968 septua-

788 3993 973 4080 ginta
1005 3995 1113 4060 uel
1146 3992 1514 4079 sexaginta,
1548 3992 1655 4059 uel
1685 3991 1888 4078 paulo
1918 3991 2214 4079 pluribus
2247 3998 2361 4057 aut
2386 3992 2596 4058 eciam
2626 3989 3045 4076 paucioribus

785 4100 1120 4186 iugeribus
1182 4108 1352 4166 terre
1387 4099 1454 4166 in
1487 4101 1646 4168 villa
1680 4101 1956 4184 Zampto
1989 4080 2441 4182 existentibus,
2496 4118 2575 4163 ac
2605 4097 2853 4165 fossato
2887 4096 3053 4162 anti-

783 4228 911 4294 quo
971 4207 1417 4291 circumdatis,
1454 4209 1676 4275 Abbas
1726 4208 2023 4275 Ecclesie
2071 4207 2293 4273 Sancti
2325 4204 2662 4272 Benedicti
2714 4203 2795 4270 de
2827 4202 3053 4270 Grana

783 4318 1201 4384 conuenisset
1257 4336 1473 4383 coram
1508 4317 1696 4383 nobis
1728 4315 2055 4382 Andream
2106 4315 2311 4381 filium
2359 4312 2692 4381 Oltumani
2740 4310 2823 4377 de
2857 4312 2940 4376 W
2942 4333 3053 4397 ag—

785 4423 932 4507 kuz,
972 4426 1398 4510 proponendo
1433 4434 1662 4492 contra
1693 4445 1840 4490 eum
1870 4424 1990 4490 tali
2024 4422 2239 4505 modo,
2280 4421 2455 4508 quod
2485 4441 2630 4487 cum
2662 4421 2813 4506 ipsa
2834 4420 3053 4488 Eccle-

783 4533 884 4598 sia
917 4530 1157 4599 dictam
1207 4541 1379 4600 terre
1433 4534 1824 4619 particulam
1881 4532 2278 4598 hereditario
2321 4531 2460 4595 iure
2508 4528 2935 4615 possedisset,
2990 4535 3056 4595 et

782 4660 975 4728 super
1031 4642 1154 4707 hoc
1188 4641 1606 4727 priuilegium
1665 4640 1951 4723 haberet,
2009 4641 2151 4725 ipse
2185 4636 2483 4703 Andreas
2529 4656 2673 4702 eam
2726 4637 3047 4705 uiolenter
