3359 5250
1774 329 1900 393 168

701 529 938 614 quibus
986 527 1290 598 omnibus
1320 525 1743 614 priuilegium
1774 524 1999 592 fratris
2029 526 2237 593 nostri
2265 524 2545 610 predicti
2572 525 2971 593 autenticum

701 637 1013 706 uidelicet
1031 637 1113 705 de
1133 635 1649 705 commutacione
1677 634 1857 702 facta
1877 634 2172 702 exhibuit
2190 658 2207 719 3
2248 633 2431 701 cuius
2450 640 2638 702 tenor
2656 634 2810 703 talis
2830 643 2966 702 est:

917 744 1313 813 Colomanus
1345 743 1472 812 stb.
1507 742 1701 831 (mint
1729 744 1994 812 fentebb
2026 744 2135 810 25.
2170 762 2260 810 sz.
2292 740 2386 829 a.)

919 854 1005 921 Et
1034 853 1211 940 quod
1242 853 1419 922 idem
1449 855 1591 921 Rex
1640 852 2005 940 predictam
2034 858 2280 920 terram
2330 851 2624 937 legitime
2664 852 2972 939 possede-

703 964 807 1048 rit,
840 963 1190 1049 ipsamque
1223 962 1320 1030 eis
1353 961 1437 1029 de
1468 962 1609 1029 iure
1629 960 1789 1029 dare
1818 959 2124 1048 potuerit,
2155 961 2412 1028 litteras
2444 960 2970 1028 confirmacionis

706 1070 921 1139 eidem
951 1070 1141 1137 fratri
1171 1077 1391 1139 nostro
1428 1090 1473 1136 a
1500 1070 1694 1138 nobis
1726 1069 1919 1138 datas
1964 1069 2334 1138 secretioris
2366 1069 2572 1155 sigilli
2598 1070 2803 1137 nostri
2837 1088 2975 1135 mu·

706 1179 951 1247 nimine
1000 1197 1198 1245 auree
1223 1178 1532 1246 videlicet
1582 1179 1759 1245 bulle
1808 1185 2030 1246 nostre
2076 1178 2268 1247 nobis
2315 1178 2729 1264 presentauit
2776 1197 2974 1264 super

705 1289 857 1375 ipsa
884 1294 1061 1354 terra
1078 1285 1345 1373 Heyreh
1367 1306 1513 1354 cum
1543 1287 1682 1355 suis
1714 1286 2155 1372 pertinencijs,
2193 1294 2259 1354 et
2287 1286 2424 1354 alia
2441 1286 2661 1354 Luder
2690 1287 2971 1373 nomine,

709 1396 1011 1464 similiter
1041 1415 1188 1463 cum
1219 1395 1357 1463 suis
1408 1395 1853 1482 pertinenciis,
1906 1413 2074 1479 quas
2112 1394 2389 1481 predicti
2417 1396 2737 1480 Magister
2766 1395 2978 1481 Phyle

708 1510 774 1570 et
802 1503 1039 1572 fratres
1071 1503 1173 1571 sui
1201 1505 1270 1570 in
1290 1504 1806 1572 commutacione
1825 1510 2124 1591 receptas
2143 1503 2611 1589 possidebant;
2657 1510 2723 1572 et
2752 1524 2978 1590 quam-

709 1612 813 1680 uis
842 1612 1223 1700 Prepositus
1255 1616 1322 1678 et
1354 1610 1592 1678 fratres
1647 1610 1750 1678 sui
1782 1610 2146 1698 supradicti
2178 1611 2343 1679 satis
2391 1611 2730 1679 euidenter
2779 1618 2846 1680 et
2875 1631 2978 1678 ra-

709 1719 1121 1788 cionabiliter
1139 1719 1589 1788 declarassent
1608 1719 2025 1807 priuilegium
2046 1727 2342 1789 nostrum
2362 1718 2783 1806 antedictum,
2819 1721 2980 1807 quia

712 1837 952 1912 tamen,
1003 1833 1072 1894 ut
1102 1827 1364 1914 plenius
1412 1834 1690 1915 apareat
1719 1847 1924 1895 causa
1955 1827 2384 1896 alienacionis
2430 1833 2752 1897 terrarum
2794 1849 2839 1895 a
2868 1827 2980 1896 do·

714 1937 888 2004 mino
920 1954 1061 2021 suo,
1113 1934 1267 2022 quia
1298 1936 1467 2004 sicut
1496 1935 1754 2021 dicitur,
1801 1937 2053 2004 veritas
2098 1935 2323 2024 sepius
2370 1938 2714 2022 exagitata
2761 1937 2981 2021 magis

714 2043 1114 2131 splendescit
1160 2043 1228 2110 in
1277 2043 1509 2130 lucem,
1562 2045 1651 2111 ad
1679 2043 2093 2130 probandam
2142 2051 2207 2111 et
2254 2042 2731 2111 excludendam
2782 2043 2981 2110 huius

715 2151 809 2219 rei
859 2151 1358 2237 ambiguitatem
1408 2150 1661 2219 litteras
1713 2150 2001 2240 Capituli
2050 2150 2816 2236 Quinque-Ecclesiamm
2836 2205 2855 2239 ,
2907 2152 2979 2218 in

717 2259 951 2345 quibus
998 2258 1245 2327 factum
1288 2257 1600 2327 iudicium
1628 2265 1923 2328 nostrum
1955 2262 2341 2345 continetur,
2393 2259 2569 2345 quod
2598 2268 2665 2329 et
2692 2280 2814 2328 nos
2847 2279 2976 2329 me·

715 2367 1042 2454 minimus,
1074 2367 1248 2436 idem
1277 2368 1658 2456 Prepositus
1690 2367 1988 2437 exhibuit
2018 2367 2086 2437 in
2114 2369 2290 2437 hunc
2320 2367 2622 2438 modum:

932 2476 1286 2545 Farcasius
1304 2477 1687 2563 Prepositus
1708 2475 2433 2564 Quinqueecclesiensis
2463 2477 2588 2546 stb.
2622 2475 2819 2564 (mint
2845 2476 2982 2545 fen·

717 2585 872 2655 tebb
910 2586 1013 2655 72.
1051 2605 1142 2655 sz.
1173 2587 1268 2673 a.)

932 2696 1073 2764 Nos
1090 2695 1291 2781 igitur
1309 2695 1435 2782 hys
1467 2704 1532 2764 et
1564 2695 1721 2783 alijs
1739 2696 2000 2784 plenius
2031 2696 2404 2785 intellectis,
2436 2703 2504 2765 et
2522 2696 2807 2765 maxime
2835 2716 2986 2764 cum

719 2822 1041 2872 memores
1063 2823 1360 2871 essemus
1389 2805 1741 2873 uerborum
1760 2803 2096 2873 karissimi
2126 2803 2350 2872 fratris
2384 2805 2596 2874 nostri
2614 2804 2818 2889 Regis
2847 2804 2986 2872 iam

721 2910 901 2995 dicti,
935 2912 1046 2996 qui
1067 2911 1508 2998 personaliter
1538 2913 1741 3000 pecijt
1770 2912 2021 2981 anobis
2062 2914 2628 2982 confirmacionem
2648 2921 2819 2982 terre
2846 2913 2985 2981 iam

614 3096 621 3103 ,
721 3018 894 3087 dicte
924 3018 1333 3104 aliarumque
1380 3028 1703 3089 terrarum
1733 3040 2020 3109 suarum,
2066 3021 2304 3106 cuique
2345 3020 2614 3091 credere
2643 3021 2985 3091 debuimus

721 3133 785 3196 et
817 3126 1132 3196 debemus
1162 3148 1282 3217 per
1311 3129 1550 3216 omnia,
1600 3137 2101 3217 respectumque
2151 3130 2474 3198 habentes
2511 3129 2600 3197 ad
2649 3131 2985 3200 confirma·

723 3237 975 3304 cionem
1007 3257 1208 3306 auree
1237 3239 1433 3325 bulle,
1490 3257 1617 3323 que
1644 3239 1904 3308 nonnisi
1938 3246 2274 3326 comperta
2306 3239 2588 3307 ueritate
2618 3244 2687 3307 et
2712 3239 2990 3327 propria

718 3345 965 3412 noticia
991 3345 1203 3430 Regia
1233 3345 1377 3413 dari
1408 3347 1767 3435 consueuit,
1800 3346 2164 3433 predictam
2213 3355 2459 3415 terram
2489 3366 2637 3417 cum
2679 3346 2816 3413 suis
2846 3366 2986 3434 per·

725 3451 1027 3538 tinencijs
1056 3453 1323 3539 Heyruh
1354 3455 1617 3524 nomine
1647 3455 2029 3542 supradicto
2060 3457 2271 3544 Phyle
2308 3455 2651 3543 Prepesito
2680 3463 2747 3523 et
2774 3454 2986 3522 fratri·

723 3562 849 3629 bus
882 3559 1042 3650 suis,
1093 3562 1401 3648 quoniam
1433 3563 1577 3630 iura
1625 3562 1918 3650 ipsorum
1957 3563 2206 3632 exibita
2257 3563 2353 3631 rei
2390 3563 2664 3651 apciora
2712 3569 2780 3630 et
2826 3581 2987 3630 uero

723 3670 1126 3759 proximiora
1156 3672 1581 3761 inspeximus,
1630 3692 1954 3742 consensu
1974 3671 2413 3760 jobagionum
2460 3679 2830 3740 nostrorum
2872 3670 2990 3739 ad-

724 3777 1160 3848 iudicauimus
1210 3787 1276 3848 et
1326 3782 1878 3852 sentenciauimus
1927 3784 2069 3852 iure
2116 3789 2439 3870 perpetuo
2500 3778 2992 3870 possidendaQ

724 3888 1017 3976 predicto
1049 3888 1419 3959 Bertfamio
1467 3892 1727 3961 nomine
1775 3892 1998 3960 uxoris
2050 3912 2167 3961 sue
2210 3896 2600 3978 perpetuum
2645 3890 2994 3958 silencium

725 3998 1153 4088 imponentes.
1204 3997 1501 4068 Ceterum
1534 4006 1601 4069 et
1630 4001 1756 4071 hoc
1803 4008 2037 4088 patere
2081 4002 2388 4071 uolumus
2419 3999 2769 4087 vniuersis,
2815 3999 2995 4086 quod

728 4129 873 4176 cum
922 4108 1124 4176 multe
1170 4128 1387 4195 ymmo
1437 4108 1716 4197 plurime
1752 4116 1923 4178 terre
1953 4118 2022 4179 et
2070 4109 2545 4199 possessiones,
2599 4128 2767 4194 quas
2811 4108 2997 4198 prius

723 4217 915 4287 fratri
947 4224 1173 4287 nostro
1223 4217 1576 4288 karissimo
1608 4219 2096 4289 contuleramus
2147 4220 2268 4288 sub
2319 4217 2617 4306 predicta
2661 4219 2995 4287 confirma-

726 4328 914 4395 cione
945 4312 1123 4395 bulle
1154 4345 1354 4396 auree
1402 4336 1646 4414 nostre,
1699 4348 1829 4416 que
1859 4348 2066 4414 usque
2096 4328 2186 4396 ad
2217 4328 2468 4398 obitum
2522 4327 2734 4416 ipsius
2768 4326 2994 4397 fratris

723 4435 934 4505 nostri
963 4455 1081 4523 per
1116 4435 1395 4503 eundem
1426 4456 1557 4506 non
1606 4436 1869 4506 fuerant
1898 4437 2200 4507 ordinate
2250 4437 2359 4505 uel
2390 4436 2634 4504 donate
2676 4435 2868 4521 alias,
2921 4443 2993 4507 et

728 4566 853 4632 que
882 4546 1018 4613 iam
1048 4544 1464 4630 exigentibus
1511 4546 1805 4632 peccatis
1834 4546 2080 4615 nostris
2109 4546 2255 4634 ipso
2287 4545 2466 4614 uiam
2495 4543 2804 4614 vniuerse
2848 4563 2988 4613 car·

726 4657 831 4726 nis
861 4656 1160 4743 ingresso
1210 4654 1300 4726 ad
1331 4673 1453 4726 nos
1484 4662 1636 4726 sunt
1670 4654 1999 4742 deuolute,
2048 4653 2572 4740 continerentur-3
2624 4672 2743 4723 nos
2771 4655 2991 4741 ipsam
