3359 5250
1918 345 2052 417 222

857 550 968 618 nio
999 548 1088 616 ad
1119 546 1433 615 maiorem
1465 544 1873 614 euidenciam
1905 554 1975 615 et
2003 546 2348 628 cautelam,
2398 568 2618 615 coram
2649 547 2883 635 quibus
2913 540 3111 616 homo

858 663 1076 727 noster
1107 653 1422 739 Magister
1452 655 1686 721 Petrus
1735 654 1949 723 dictus
1979 656 2215 742 Bylwk
2248 656 2394 725 aule
2424 656 2632 742 Regie
2673 663 2895 725 nostre
2924 656 3112 723 fami-

856 767 1038 834 liaris
1071 762 1446 832 conuocatis
1496 763 1961 831 commetaneis
1994 769 2059 830 et
2089 763 2325 833 vicinis
2355 765 2687 833 nobilibus
2722 762 2807 832 de
2837 785 3112 851 genera·

855 876 1040 943 cione
1075 869 1349 940 Chanad
1395 870 1752 939 secundum
1803 872 2336 940 consuetudinem
2366 873 2575 960 Regni
2624 873 2828 942 nostri
2857 874 2925 940 in
2958 894 3107 960 pos-

853 983 1251 1053 sessionibus
1286 980 1558 1049 Gomitis
1588 982 1935 1068 Paugraeij
1977 983 2094 1068 filij
2127 983 2524 1052 Kelemenus
2554 984 2722 1051 Bani
2752 983 2836 1053 de
2868 1002 3112 1069 genere

856 1090 1131 1160 Chanad
1160 1088 1596 1175 hereditariis,
1631 1088 1989 1179 acquisitis,
2022 1092 2285 1159 traditis
2316 1097 2383 1159 et
2414 1091 2695 1178 donatis,
2747 1099 2955 1159 metas
2986 1091 3112 1158 eri-

856 1205 970 1286 gat
999 1217 1228 1284 nouas,
1279 1198 1390 1265 vbi
1424 1197 1729 1264 deessent
1760 1198 2049 1284 antique,
2100 1206 2354 1270 veteres
2386 1207 2605 1268 autem
2634 1206 3003 1284 renouaret,
3035 1206 3112 1266 ut

856 1306 1132 1374 eundem
1164 1304 1480 1372 Comitem
1503 1305 1936 1389 Pongracium
1967 1308 2106 1375 eius
2138 1308 2568 1376 commetanei
2602 1314 2669 1377 et
2696 1307 2896 1376 vicini
2925 1307 3107 1376 nobi-

849 1419 946 1484 les
978 1415 1060 1482 de
1090 1433 1332 1500 genere
1363 1433 1480 1481 suo
1514 1414 1581 1479 in
1601 1415 1756 1498 jure
1786 1435 1905 1484 suo
1935 1436 2064 1482 non
2095 1416 2555 1502 inquietarent,
2587 1423 2652 1485 et
2683 1418 2820 1485 suis
2855 1415 3108 1483 heredi-

855 1527 974 1593 bus
994 1523 1241 1590 Thome
1273 1527 1339 1589 et
1364 1522 1674 1592 Ladizlao
1706 1525 1978 1610 pacifice
2011 1524 2403 1612 possideude
2421 1534 2854 1614 remanerent,
2887 1527 2944 1594 si
2976 1547 3105 1593 non

851 1635 1035 1700 fieret
1084 1629 1576 1713 contradictum,
1634 1630 2145 1700 contradictores
2196 1653 2353 1700 vero
2404 1634 2490 1702 ad
2537 1642 2827 1704 nostram
2874 1635 3105 1702 citaret

852 1739 1255 1825 presenciam
1304 1734 1389 1802 ad
1441 1738 1784 1804 terminum
1835 1746 2327 1826 competentem.
2382 1740 2507 1820 Qui
2561 1741 2822 1828 quidem
2873 1742 3102 1811 fideles

852 1851 1054 1917 nostri
1106 1847 1480 1934 Capitulum
1534 1846 1787 1914 scilicet
1836 1847 2293 1918 Chanadiense
2324 1858 2389 1919 et
2426 1850 2790 1921 Orodiense
2839 1873 2968 1921 vno
3002 1872 3102 1920 eo-

852 1962 1125 2043 demque
1156 1966 1382 2026 tenore
1415 1956 1607 2024 nobis
1637 1956 2110 2044 rescripserunt
2140 1959 2207 2026 in
2240 1960 2362 2028 hee
2390 1961 2632 2028 verba:

1062 2063 1630 2132 Excellentissimo
1679 2064 1943 2134 domiuo
1975 2086 2092 2134 suo
2125 2066 2286 2133 Bela
2316 2067 2442 2135 stb.
2492 2068 2684 2155 (mint
2715 2069 2913 2137 alabb
2955 2072 3099 2137 169.

846 2182 1025 2246 szam
1055 2171 1271 2262 alatt.)

1063 2284 1202 2350 Nos
1233 2281 1430 2366 igitur
1459 2300 1541 2347 ex
1571 2280 1938 2348 huiusmodi
1970 2282 2364 2350 litteratoria
2408 2283 2737 2352 relacione
2770 2284 3097 2373 Capitulu-

852 2415 1015 2477 rum,
1051 2389 1530 2457 Chanadiensis
1582 2389 1837 2456 scilicet
1869 2397 1935 2457 et
1967 2389 2351 2459 Orodiensis
2402 2399 2577 2462 certo
2618 2395 2857 2463 certius
2904 2394 3099 2461 infor·

848 2499 1026 2585 mati,
1061 2505 1575 2587 prememoratas
1597 2496 2051 2582 possessiones
2074 2518 2232 2566 sues
2263 2499 2720 2586 hereditarias,
2742 2502 3101 2586 acquisitas

847 2616 912 2679 et
945 2611 1224 2678 donatas
1257 2627 1402 2674 cum
1435 2605 1734 2675 omnibus
1755 2605 2146 2675 vtilitatibus
2178 2608 2337 2697 suis,
2367 2608 2653 2696 tributis,
2683 2610 3102 2698 molendinis,

847 2719 1134 2806 piscinis,
1169 2716 1401 2803 syluis,
1450 2715 1840 2801 nemoribus,
1876 2717 2108 2802 pratis,
2159 2719 2430 2804 campis,
2468 2717 2659 2786 terris
2711 2719 3095 2808 arabilibus,

847 2826 1079 2896 fenetis
1112 2831 1178 2892 et
1210 2842 1436 2891 earum
1469 2821 1915 2910 pertinencijS,
1968 2822 2201 2890 Comiti
2233 2825 2599 2911 Pangracio
2639 2827 2772 2895 filio
2803 2827 3099 2894 Keleme·

843 2957 967 3004 nus
996 2935 1167 3001 Baui
1216 2934 1297 3000 de
1335 2951 1578 3017 genere
1628 2930 1899 2998 Chanad
1950 2938 2017 2998 et
2065 2930 2206 3000 cius
2256 2933 2608 3001 heredibus
2654 2934 3099 3021 heredumque

844 3065 1107 3113 suorum
1156 3039 1643 3109 successoribus
1689 3040 1840 3125 jure
1891 3040 2311 3129 hereditario,
2361 3043 2766 3128 possessorio
2816 3063 2898 3110 ac
2948 3065 3097 3132 pro·

841 3151 1146 3240 prietario
1200 3148 1479 3217 attinere
1528 3154 1995 3232 cognoscentes
2017 3200 2035 3234 ,
2082 3147 2606 3219 contradiccione
2654 3152 3096 3235 quorumlibet

841 3264 1111 3346 remota,
1165 3262 1779 3342 commetaneorum,
1811 3254 2169 3323 vicinorum
2218 3276 2611 3344 suorumque
2649 3259 3094 3345 proximorum

841 3368 924 3434 de
959 3385 1199 3450 genere
1251 3384 1389 3447 suo,
1442 3362 1710 3430 easdem
1742 3365 2191 3450 possessiones
2246 3385 2399 3433 suas
2438 3364 2766 3452 predictas
2818 3369 3095 3455 pacifice

839 3483 903 3543 et
937 3478 1249 3561 perpetuo
1302 3472 1426 3539 sibi
1459 3478 1523 3537 et
1553 3470 1691 3537 suis
1724 3472 2214 3541 successoribus
2262 3475 2657 3542 authoritate
2689 3475 2899 3560 Regia
2944 3496 3091 3543 sua-

839 3582 1033 3648 dente
1074 3577 1350 3664 justicia
1398 3576 1862 3644 commisimus'
1897 3578 2366 3665 possidendaS,
2433 3580 2786 3647 secundum
2835 3590 3093 3650 veteres

840 3695 1047 3756 metas
1101 3694 1167 3753 et
1197 3707 1428 3773 nouas,
1476 3695 1667 3773 prout
1698 3706 1917 3754 coram
1966 3693 2183 3756 nostro
2234 3694 2300 3755 et
2330 3687 2599 3756 duorum
2639 3688 3091 3776 capitulorum

834 3795 1210 3864 testimonio
1245 3794 1311 3860 in
1335 3794 1524 3861 metis
1556 3794 2067 3881 prescriptarum
2085 3795 2571 3882 possessionum
2610 3808 3088 3884 processerunt,

835 3901 1216 3972 renouando
1269 3904 1573 3987 antiquas
1624 3908 1693 3969 et
1740 3921 1947 3969 nouas
2000 3904 2335 3989 erigend0,
2388 3902 2498 3970 vbi
2549 3903 2757 3971 flendc
2802 3903 3092 3973 inuenie-

836 4014 1095 4079 bantur.
1130 4014 1273 4080 Hoc
1305 4030 1636 4099 expresso,
1672 4009 1848 4095 quod
1879 4011 1934 4078 si
1957 4010 2188 4079 Comes
2207 4014 2355 4079 Isac
2389 4012 2827 4099 superuixerit
2851 4014 3087 4081 Comiti

830 4119 1197 4206 Pangracio
1228 4118 1466 4186 herede
1499 4118 1770 4204 carenti,
1802 4123 1954 4185 tunc
1984 4118 2051 4185 in
2085 4140 2309 4187 omnes
2337 4119 2792 4206 possessiones
2838 4118 3089 4187 heredi·

831 4228 1035 4295 tarias
1065 4226 1280 4313 ipsius
1331 4244 1460 4293 non
1495 4224 1666 4290 alius
1699 4224 1806 4291 vel
1859 4224 1973 4310 alij
2009 4222 2091 4292 de
2125 4226 2557 4309 generacione
2588 4246 2729 4310 sua,
2781 4226 2903 4293 sed
2944 4227 3087 4314 ipse

831 4335 1066 4403 Comes
1098 4336 1246 4402 Isac
1273 4335 1380 4401 vel
1414 4333 1514 4400 sui
1547 4332 1824 4401 heredes
1858 4334 2227 4418 succedent,
2269 4334 2408 4399 iure
2440 4333 2836 4403 hereditario
2877 4337 3085 4423 possi·

832 4444 1118 4530 dendas;
1155 4443 1459 4510 similiter
1488 4443 1892 4527 Pangraeius
1916 4442 2151 4510 Comes
2183 4442 2332 4528 ipso
2353 4441 2602 4509 Gemite
2622 4444 2771 4509 Isac
2800 4463 3086 4529 premor·

828 4559 939 4619 tuo
972 4559 1037 4619 et
1067 4552 1307 4620 herede
1339 4558 1622 4619 carente.
1676 4554 1753 4618 In
1793 4552 1976 4619 cuius
2009 4552 2102 4619 rei
2155 4550 2534 4619 memoriam
2584 4551 3084 4637 firmitatemque

828 4667 1206 4747 perpetuam
1234 4658 1564 4747 dupplicis
1597 4660 1801 4745 sigilli
1823 4661 2032 4729 nostri
2067 4660 2420 4727 munimine
2444 4666 2786 4745 presentes
2810 4659 3083 4727 fecimus
