3359 5250
1883 368 2017 438 568

812 566 1075 636 Tertius
1128 575 1344 636 autem
1379 569 1711 637 exercitus
1763 568 2026 636 obsidet
2073 573 2280 636 totam
2311 566 2643 651 Rosciam,
2694 565 2861 634 sicut
2910 560 3097 631 dixi.

818 678 1056 743 Verum
1111 683 1183 743 ut
1233 677 1319 743 de
1366 677 1538 744 bello
1589 678 1779 747 vobis
1831 676 2213 762 significem,
2262 675 2523 759 dicitur,
2586 674 2761 760 quod
2810 673 3095 759 longius

811 783 1065 853 iaciunt
1116 785 1420 871 sagittis,
1475 807 1671 871 quam
1721 790 1934 853 cetere
1987 782 2445 850 consueverint
2492 781 2833 866 nationes,
2887 789 2953 848 et
3002 783 3089 847 in

811 893 1024 979 prima
1078 893 1540 977 congressione
1592 893 1776 977 belli,
1829 891 2001 958 sicut
2050 890 2305 973 dicitur,
2358 910 2488 957 non
2542 889 2901 975 sagittare,
2953 888 3087 956 sed

813 1001 1006 1086 quasi
1054 1002 1281 1089 pluere
1336 1002 1580 1086 sagitte
1628 1001 1954 1068 videntur.
2019 998 2278 1067 Gladiis
2328 1008 2396 1067 et
2457 998 2708 1067 lanceis
2768 999 3087 1065 dicuntur

813 1109 1028 1175 minus
1062 1109 1201 1194 apti
1251 1108 1339 1176 ad
1371 1108 1633 1176 bellum.
1687 1108 1939 1176 Taliter
1970 1106 2141 1175 enim
2172 1127 2360 1175 suum
2411 1126 2684 1175 cuneum
2726 1107 3079 1174 ordinant:

813 1214 988 1300 quod
1022 1216 1084 1281 X
1119 1216 1488 1284 homiuibus
1520 1237 1686 1285 unus
1717 1218 2003 1285 Thartar
2033 1224 2292 1305 preest3
2325 1216 2482 1283 item
2513 1225 2771 1283 centum
2803 1214 3079 1282 homini-

817 1324 937 1388 bus
970 1341 1136 1389 unus
1186 1324 1480 1392 centurio
1515 1332 1747 1410 preest.
1803 1325 1943 1392 Hoc
1973 1324 2039 1390 in
2077 1324 2194 1391 tali
2244 1323 2490 1390 astutia
2518 1321 2785 1407 faciunt,
2840 1342 2924 1388 ne
2961 1341 3082 1390 ex-

813 1430 1173 1517 ploratores
1194 1432 1730 1519 supervenientes
1764 1433 2019 1519 possint
2040 1432 2450 1517 aliquatenus
2483 1431 2686 1497 latere
2719 1432 2890 1496 inter
2912 1449 3025 1499 eos
3060 1457 3079 1513 ;

813 1546 875 1605 et
905 1541 961 1607 si
992 1540 1158 1608 forte
1179 1543 1611 1626 contingeret,
1644 1560 1864 1609 eorum
1887 1542 2172 1626 aliquem
2207 1540 2480 1607 diminui
2512 1545 2779 1626 propter
2798 1540 3069 1623 bellum,

812 1648 1026 1732 possit
1054 1651 1309 1716 restitui
1359 1649 1501 1717 sine
1552 1671 1775 1734 mora;
1824 1657 1889 1715 et
1939 1649 2221 1738 populus
2271 1649 2582 1717 collectus
2633 1667 2716 1713 ex
2766 1646 3072 1729 diversis,

815 1755 1266 1824 infidelitatem
1317 1756 1604 1841 aliquam
1659 1757 1881 1825 facere
1930 1776 2060 1823 non
2115 1757 2360 1842 possit,
2415 1775 2605 1842 quem
2658 1775 2740 1821 ex
2790 1756 3077 1823 diversis

816 1863 1062 1949 linguis
1113 1874 1179 1934 et
1227 1865 1601 1934 nationibus
1653 1866 2077 1951 collegerunt.
2131 1865 2432 1931 Omnium
2495 1866 2888 1950 Regnorum,
2945 1885 3080 1949 que

817 1973 1132 2059 obtinent,
1186 1976 1402 2041 Duces
1456 1981 1522 2041 et
1550 1975 1917 2060 magnates,
1971 1974 2054 2041 de
2104 1973 2341 2057 quibus
2381 1981 2481 2040 est
2529 1991 2701 2059 spes,
2734 1973 2907 2056 quod
2956 1974 3083 2038 ali-

814 2080 1083 2168 quando
1135 2081 1390 2168 possint
1438 2081 1656 2149 facere
1708 2082 2170 2167 resistentiam,
2231 2080 2625 2147 interficiunt
2674 2080 2817 2147 sine
2870 2100 3081 2148 mora.

817 2190 1066 2256 Milites
1096 2195 1335 2275 autem,
1389 2196 1456 2256 et
1487 2191 1765 2256 rusticos
1796 2190 1997 2257 fortes
2030 2190 2118 2256 ad
2151 2189 2448 2276 prelium,
2500 2196 2652 2256 ante
2690 2208 2763 2254 se
2815 2187 3081 2253 mittunt

816 2304 1108 2366 armatos
1141 2295 1228 2366 ad
1260 2297 1672 2385 preliandum
1705 2301 1849 2366 sine
1879 2303 2129 2383 sponte.
2183 2299 2370 2366 Alios
2403 2304 2621 2364 autem
2676 2296 2948 2364 rusticos
2980 2294 3077 2362 ad

821 2405 1231 2492 preliandum
1264 2407 1478 2473 minus
1511 2414 1701 2494 aptos
1733 2407 2109 2493 relinquunt
2140 2408 2227 2474 ad
2252 2404 2675 2476 excolendam
2706 2413 2965 2486 terram,
3001 2414 3075 2470 et

820 2515 1105 2582 omnium
1138 2510 1333 2601 (tam)
1368 2517 1748 2603 occisorum,
1783 2537 1978 2601 quam
2013 2517 2099 2582 ad
2131 2517 2410 2603 prelium
2430 2515 2794 2600 missorum,
2831 2532 3075 2580 uxores

815 2630 883 2690 et
912 2625 1085 2693 filias
1121 2632 1189 2692 et
1238 2635 1553 2711 cognatas
1590 2626 1894 2693 dividunt
1924 2625 2012 2691 ad
2062 2626 2355 2711 singulos
2386 2626 2563 2692 viros
2616 2623 2816 2692 cultui
2854 2632 3073 2690 terrae

815 2734 1120 2820 relictos,
1180 2735 1449 2802 cuilibet
1497 2735 1625 2801 XII
1674 2736 1781 2802 vel
1833 2735 2053 2822 plures
2104 2736 2553 2820 assignantes,
2618 2739 2685 2801 et
2736 2735 3079 2819 imponunt

817 2842 1083 2929 eisdem,
1137 2851 1209 2910 ut
1239 2843 1548 2911 Tbartari
1580 2842 1662 2911 de
1693 2852 1909 2913 cetero
1957 2853 2426 2930 nuncupentur.
2480 2843 2721 2909 Milites
2751 2861 2922 2926 vero,
2960 2841 3078 2926 qui

817 2951 904 3017 ad
953 2950 1364 3038 preliandum
1418 2953 1926 3041 compelluntur,
1993 2953 2049 3018 si
2104 2954 2272 3019 bene
2321 2955 2611 3037 pugnant
2671 2957 2735 3017 et
2783 2950 3073 3031 vincunt,

819 3078 1027 3146 parva
1059 3057 1215 3146 (eis)
1248 3060 1505 3146 gratia;
1556 3061 1614 3127 si
1647 3079 1800 3129 vero
1834 3061 1899 3128 in
1950 3060 2158 3147 prelio
2213 3059 2588 3143 moriuntur,
2641 3057 2823 3124 nulla
2873 3076 3076 3139 cura3

823 3167 879 3233 si
914 3186 1068 3235 vero
1101 3166 1168 3232 in
1199 3168 1411 3253 prelio
1444 3165 1876 3253 retrocedunt,
1929 3167 2069 3234 sine
2100 3186 2285 3236 mora
2317 3188 2359 3233 a
2389 3166 2733 3234 Thartaris
2772 3164 3077 3232 occidun-

818 3283 939 3343 tur.
970 3275 1254 3358 Ideoque
1286 3275 1642 3362 preliantes
1675 3282 1994 3363 appetunt
2024 3273 2235 3345 occidi
2268 3276 2483 3362 potius
2515 3275 2579 3341 in
2612 3273 2844 3363 prelio,
2875 3292 3075 3358 quam

820 3382 1062 3469 gladiis
1092 3381 1561 3451 Thartarorum
1612 3382 1811 3450 feriri.
1845 3384 2152 3469 Pugnant
2182 3403 2339 3468 ergo
2387 3382 2643 3466 fortius,
2693 3390 2766 3447 ut
2802 3401 2930 3447 non
2982 3380 3077 3444 vi·

818 3496 977 3559 vant
1007 3492 1077 3558 in
1109 3505 1461 3576 posterum,
1495 3488 1613 3558 sed
1645 3500 1716 3558 ut
1749 3492 1940 3559 citius
1974 3493 2345 3559 moriantur.
2396 3489 2630 3557 Castra
2661 3490 2909 3557 mnnita
2940 3508 3073 3554 non

822 3605 1224 3688 expugnant,
1274 3598 1395 3665 sed
1443 3598 1626 3685 prius
1675 3606 1917 3667 terram
1970 3600 2341 3685 devastant,
2394 3609 2461 3667 et
2500 3577 2812 3687 populum
2848 3598 3075 3685 depre-

820 3708 1076 3794 dantur,
1131 3713 1197 3774 et
1228 3704 1520 3775 eiusdem
1571 3715 1743 3775 terre
1773 3709 2088 3797 populum
2121 3709 2318 3776 simul
2367 3715 2772 3793 congregant
2809 3715 2874 3774 et
2902 3727 3074 3775 com-

820 3816 1076 3905 pellunt
1124 3814 1211 3881 ad
1244 3835 1554 3903 pugnam,
1606 3814 1694 3881 ad
1727 3816 2232 3904 expugnandum
2270 3817 2485 3903 ipsum
2533 3836 2721 3884 suum
2767 3822 3073 3884 castrum.

821 3926 921 3992 De
954 3922 1364 3991 multitudine
1416 3924 1703 3990 omnium
1735 3925 2060 3993 exercitus
2110 3925 2212 3992 sui
2242 3924 2432 3994 vobis
2464 3946 2593 3993 non
2629 3923 2920 3992 rescribo
2952 3925 3074 3991 ali-

820 4031 994 4118 quid,
1022 4030 1152 4099 nisi
1184 4030 1382 4098 etiam
1406 4033 1583 4116 quod
1614 4032 1900 4102 omnium
1919 4035 2312 4119 Regnorum,
2347 4052 2475 4118 que
2505 4033 2803 4118 obtinuit,
2831 4031 3073 4101 milites

821 4141 906 4209 ad
938 4160 1224 4228 pugnam
1256 4149 1445 4227 aptos
1466 4149 1619 4209 ante
1649 4162 1724 4209 se
1755 4143 2087 4232 compellit
2117 4142 2408 4229 preliari.
2442 4142 2673 4210 Fertur
2704 4163 2748 4208 a
2772 4141 3073 4229 pluribus

824 4271 892 4318 re
942 4256 1140 4334 certa,
1193 4257 1260 4316 et
1289 4251 1443 4316 Dux
1493 4250 1575 4317 de
1626 4250 1833 4318 Sudal
1888 4251 2224 4317 mandavit
2275 4272 2392 4338 per
2436 4272 2539 4318 me
2571 4249 2737 4335 Regi
2785 4249 3077 4334 Ungarie

821 4359 975 4427 viva
1004 4376 1184 4443 voce,
1218 4358 1393 4442 quod
1425 4357 1531 4425 die
1558 4367 1884 4443 noctuque
1916 4360 2259 4426 consilinm
2277 4360 2523 4426 habent
2552 4358 2882 4443 Thartari,
2919 4377 3076 4443 qua-

794 4468 972 4536 ·liter
1001 4465 1268 4533 veniant
1299 4472 1365 4532 et
1396 4466 1736 4533 obtineant
1765 4469 2060 4551 Regnum
2096 4466 2389 4551 Ungarie
2420 4466 2880 4534 Christianum.
2926 4469 3076 4533 Pro·

823 4576 1106 4664 positum
1157 4574 1332 4642 enim
1382 4575 1623 4642 habere
1674 4578 1992 4661 dicuntur,
2048 4576 2221 4660 quod
2271 4575 2540 4644 veniant
2589 4583 2653 4643 et
2700 4581 3080 4661 expugnent

823 4686 1114 4771 Romam,
1168 4691 1233 4751 et
1263 4686 1438 4751 ultra
1470 4688 1762 4754 Romam.
1815 4683 2004 4753 Unde
2037 4686 2296 4772 legatos
2344 4686 2523 4753 misit
2568 4685 2735 4771 Regi
2764 4685 3079 4771 Ungarie,
