3359 5250
1404 343 1536 411 543

1325 437 1478 445 ———.
1531 437 1624 445 -..-

327 560 460 626 que
494 538 804 625 magister
826 539 1014 609 Chak
1048 547 1198 609 sunt
1229 540 1296 607 in
1330 537 1611 607 seruicio
1643 538 1848 624 Regis
1880 538 1949 605 in
1975 538 2311 629 Balgatia,
2347 539 2597 620 solacio

335 646 629 717 eiusdem
682 648 886 715 debiti
938 667 1139 733 usque
1189 647 1275 714 ad
1329 645 1605 713 reditum
1669 646 2007 713 memorati
2056 654 2352 736 magistri
2404 657 2593 728 chak

335 757 420 824 de
453 755 771 841 Balgatia
802 754 1193 824 differretur.
1245 756 1322 822 In
1353 753 1534 822 cuius
1565 754 1657 821 rei
1701 756 2082 823 memoriam
2115 771 2449 845 presentes
2480 765 2594 836 du-

336 864 552 934 ximus
582 864 835 932 litteras
867 860 1338 933 concedendas.

549 1008 750 1076 Kivnu
781 1009 1048 1096 eyykm
1081 1010 1312 1077 ι’νάεοαί
1343 1033 1365 1073 .·
1410 1008 1537 1075 Pro
1571 1006 1800 1075 relicta
1832 1007 1947 1077 Osl
1983 1009 2150 1078 Bani
2195 1032 2394 1102 snper
2423 1012 2586 1087 duo-

334 1113 547 1182 decim
579 1116 819 1183 marcis
852 1123 1078 1185 contra
1108 1119 1369 1185 Petrum
1402 1113 1608 1182 filium
1640 1113 1887 1182 Vrkun.

334 1311 616 1379 (Ex-edetis
641 1311 991 1384 bathanyfin,
1036 1313 1259 1381 melyrssl
1284 1330 1319 1367 a
1342 1311 1494 1367 hatul
1522 1310 1789 1367 oldalvast
1830 1312 1934 1365 oda
1972 1322 2216 1381 nyomott
2252 1316 2436 1387 peccet
2475 1319 2593 1375 infir

789 1399 1044 1471 hiknyaik
1070 1419 1105 1456 a
1129 1405 1357 1457 nemaeti
1383 1405 1632 1455 Mutuum
1659 1399 2142 1473 kezirattarhban.)

1377 2096 1535 2166 387.

336 2273 382 2340 I
389 2274 457 2340 V.
487 2275 653 2343 Be'la
681 2275 894 2365 hardly
925 2276 1358 2366 Hunopaznan
1407 2281 1862 2367 nemzctse'ybeli
1894 2281 2110 2349 Bul-cn
2160 2285 2467 2351 conmnek
2502 2309 2584 2351 az

337 2383 532 2470 anyja
551 2382 882 2472 kiele‘yite'ec
912 2385 1296 2453 tekintete‘ben
1313 2384 1416 2453 'cett
1444 2387 2050 2456 bimkdmhdzdedt
2066 2387 2315 2478 helyben
2331 2393 2591 2482 haqw'a.

1239 2495 1432 2563 1260.
1480 2496 1680 2563 horat.

549 2688 711 2758 Bela
741 2689 868 2757 Dei
921 2689 1146 2775 gracia
1189 2689 1543 2777 Hungarie,
1595 2688 1959 2775 Dalmacie,
2013 2689 2308 2778 Croacie,
2360 2691 2584 2774 Rama,

333 2798 581 2884 Sernie,
605 2796 901 2882 Gallicie,
923 2797 1328 2883 Lodomerie,
1350 2795 1792 2882 Cumanieque
1810 2800 1951 2867 Rex
1978 2797 2276 2867 omnibus
2314 2816 2593 2887 presens

336 2907 655 2996 scriptum
683 2906 1072 2993 inspecturis
1090 2905 1370 2975 salutem
1401 2906 1468 2973 in
1491 2904 1771 2975 Domino
1804 2906 2287 2993 sempiternam.
2329 2903 2436 2974 Ad
2456 2904 2591 2974 nni·

335 3033 672 3083 uersornm
692 3012 998 3082 noticiam
1030 3019 1255 3081 tenore
1276 3011 1685 3099 presencium
1706 3012 2004 3081 uolumus
2026 3012 2387 3100 peruenire,
2412 3011 2589 3097 quod

336 3120 571 3190 Comes
603 3120 834 3188 Bnken
869 3120 1043 3189 filins
1077 3121 1343 3190 Comitis
1374 3119 1607 3189 Buken
1638 3120 1721 3189 de
1759 3140 2001 3208 genere
2033 3120 2469 3208 Huntpaznan
2500 3119 2589 3187 ad

334 3238 624 3299 nostram
656 3228 975 3298 accedens
1006 3231 1435 3318 presenciam,
1470 3226 1765 3298 exhibuit
1794 3228 1986 3297 nobis
2015 3227 2438 3316 priuilegium
2466 3229 2588 3297 Oa-

333 3337 523 3426 pitnli
558 3335 997 3423 Posoniensis,
1048 3344 1114 3405 et
1140 3344 1370 3424 petens
1401 3356 1443 3405 a
1473 3335 1663 3404 nobis
1695 3356 1840 3404 com
1892 3356 2155 3425 precum
2188 3346 2455 3405 suarum
2499 3335 2589 3404 in·

335 3443 611 3531 stancijs
640 3443 969 3512 humiliter
1017 3444 1320 3532 copiosis,
1377 3444 1553 3527 quod
1582 3464 1705 3512 nos
1751 3444 2141 3532 approbare,
2192 3440 2590 3531 easdemque

333 3552 660 3620 ratificat-e
690 3570 770 3618 ac
820 3557 1040 3619 nostro
1072 3550 1492 3636 dignaremur
1546 3550 1897 3638 priuilegio
1931 3548 2337 3619 confirmare.
2390 3551 2589 3621 Cuius

335 3659 596 3746 quidem
627 3668 811 3728 tenor
839 3658 991 3726 talis
1023 3666 1162 3727 est:

548 3767 924 3856 Capitulum
956 3766 1249 3837 Ecclesie
1280 3765 1706 3837 Posoniensis
1744 3768 1866 3835 stb.
1908 3763 2101 3854 (mint
2136 3764 2399 3835 fentebb
2430 3767 2584 3836 380,

333 3894 423 3943 sz.
460 3874 552 3963 a.)

549 3980 689 4049 Nos
715 3982 940 4067 itaque
989 3980 1340 4051 fidelitates
1373 3988 1439 4049 et
1469 3980 1752 4049 seruicia
1798 3979 2180 4049 fidelissima
2228 3978 2435 4067 ipsius
2467 3981 2586 4050 Co·

305 4089 510 4158 -mitis
541 4089 775 4158 Bnken
809 4089 1321 4178 considerantes,
1366 4091 1548 4178 ipsas
1579 4088 2034 4161 ordinaciones
2065 4095 2131 4159 et
2161 4089 2586 4177 composicio-

334 4217 468 4290 nes,
520 4218 599 4269 ac
650 4198 901 4268 litteras
953 4199 1112 4268 dicti
1166 4198 1452 4288 Capituli
1501 4198 1711 4267 eidem
1764 4219 2133 4285 concessae,
2182 4199 2392 4267 iustas
2443 4216 2590 4267 esse

332 4306 780 4392 cognocimus,
829 4327 958 4374 non
991 4307 1290 4396 abrasas,
1338 4328 1465 4375 non
1499 4307 1921 4390 cancellatas,
1972 4327 2092 4376 nec
2122 4307 2191 4374 in
2226 4306 2450 4393 aliqua
2483 4305 2588 4374 sui

331 4425 518 4502 parte
553 4414 853 4499 uiciatas,
907 4415 992 4483 (le
1022 4418 1223 4488 uerbo
1254 4416 1344 4486 ad
1375 4418 1640 4485 uerbum
1673 4416 1914 4484 nostris
1948 4414 2182 4485 litteris
2215 4411 2589 4505 priuilegia·

331 4523 502 4590 libus
557 4523 754 4591 inseri
806 4522 1099 4610 fecimus,
1152 4526 1538 4614 auctoritate
1582 4523 1991 4612 presencium
2022 4560 2587 4573 —————

330 4665 1712 4682 ————————————
1747 4626 1823 4698 In
1857 4632 2043 4700 cuius
2080 4631 2173 4698 rei
2204 4633 2585 4700 memoriam
