3359 5250
1355 344 1486 413 451

1365 891 1519 961 320.⁴

510 1049 737 1139 Splato
770 1054 956 1119 vdros
983 1056 1535 1141 ffirvdnyszekdnek
1566 1059 1732 1123 bz'ro'i
1761 1059 1974 1123 itelete.
2009 1060 2204 1125 1256.

509 1234 697 1300 Anno
746 1231 1087 1302 Dominice
1152 1234 1630 1306 lucarnationis
1661 1234 2053 1326 {millesimo
2122 1240 2566 1309 ducentesimo

294 1340 833 1428 quinquagesimo
882 1348 1087 1426 sexto,
1140 1341 1507 1413 Indictione
1559 1352 1796 1429 quarta
1842 1346 2124 1431 decima,
2177 1346 2285 1414 die
2334 1356 2566 1417 octavo

297 1457 578 1519 exeunte
595 1450 863 1538 Marcie,
892 1456 1210 1535 regnante
1229 1449 1491 1517 domino
1511 1460 1734 1523 nostro
1759 1454 1924 1522 Bela
1940 1453 2368 1524 Serenissimo
2388 1459 2570 1544 Rege

293 1558 624 1648 Ungarie;
655 1561 1054 1649 temporibus
1087 1557 1335 1627 domini
1366 1558 1632 1645 Rogerii
1652 1564 2050 1632 venerabilis
2067 1566 2563 1653 Archiepiscopi

292 1668 728 1756 spalatensis,
761 1667 1078 1755 Stephani
1103 1668 1383 1736 illustris
1415 1669 1582 1737 Bani
1615 1670 1987 1757 Selauonie,
2020 1672 2293 1741 Comitis
2322 1675 2567 1760 Duymi

292 1776 554 1862 Kasari,
586 1777 796 1843 Miche
826 1776 1056 1865 Madij,
1087 1776 1309 1845 Picole
1340 1779 1517 1847 Dese
1550 1778 1892 1866 Judicum3
1925 1801 2143 1849 coram
2167 1782 2356 1850 nobis
2377 1780 2565 1850 Judi-

291 1886 479 1953 cibus
511 1885 1014 1973 spalatensibus
1074 1886 1470 1975 supradictis
1504 1890 1846 1973 questione
1877 1891 2151 1959 suborta
2181 1890 2351 1964 inter
2380 1889 2563 1957 Judi-

290 2015 438 2062 cem
470 1996 797 2082 Duymum
828 1995 1074 2063 Kasari
1126 2002 1191 2062 et
1240 1995 1704 2083 Lampredium
1755 1998 2094 2082 Sagarelle
2147 1999 2231 2066 de
2274 1988 2563 2066 sedecim

291 2101 673 2189 pecudibus,
707 2102 790 2169 de
822 2103 1059 2187 quibus
1092 2101 1265 2172 idem
1298 2105 1596 2191 Duymus
1650 2104 2062 2173 fideiusserat
2113 2107 2324 2174 eidem
2378 2108 2565 2173 Lam-

290 2211 527 2299 predio
560 2210 896 2294 Sagarelle
929 2209 1014 2279 de
1047 2212 1241 2281 rebus
1273 2212 1626 2280 mobilibus
1659 2220 1773 2280 aut
1792 2213 1877 2281 de
1895 2213 2337 2283 immobilibus
2360 2216 2566 2303 ipsius

290 2317 672 2406 Lampredii
701 2318 988 2404 Destize,
1018 2339 1162 2387 cum
1196 2308 1433 2389 bocaro
1469 2321 1661 2391 Curie
1695 2342 1901 2407 usque
1932 2322 2019 2388 ad
2039 2342 2354 2391 summam
2384 2323 2564 2391 ualo-

291 2428 389 2495 ris
421 2427 712 2511 ipsarum
744 2425 1082 2513 pecudum.
1117 2429 1202 2495 Et
1233 2449 1379 2496 cum
1412 2449 1529 2516 per
1578 2428 1793 2518 ipsum
1845 2430 2306 2516 Lampredium
2357 2431 2562 2517 Saga-

287 2537 456 2604 relle
506 2537 1039 2626 responderetur,
1092 2537 1264 2623 quod
1312 2538 1457 2627 ipse
1511 2540 1774 2607 volebat
1840 2542 2129 2626 recipere
2199 2541 2562 2627 predictam

287 2645 686 2715 solutionem
738 2645 1143 2715 solummodo
1195 2648 1261 2714 in
1310 2647 1672 2733 pecudibus
1724 2657 1791 2716 et
1842 2668 1971 2715 non
2022 2649 2087 2715 in
2140 2648 2296 2716 aliis
2328 2648 2560 2734 rebus;

285 2777 412 2825 nos
444 2755 690 2823 auditis
726 2755 875 2822 hinc
907 2754 1060 2824 inde
1090 2756 1462 2845 propositis,
1493 2764 1559 2824 et
1593 2778 1790 2842 super
1821 2758 2159 2845 premissis
2208 2778 2353 2825 cum
2390 2758 2553 2824 Con-

289 2866 572 2936 siliariis
600 2866 825 2935 habito
859 2866 1133 2935 consilio
1166 2866 1463 2953 diligenti
1516 2866 1819 2937 duximus
1868 2867 2321 2938 iudicandum:
2380 2868 2569 2949 Quod

290 2977 442 3063 ipse
475 2973 906 3061 Lampredius
927 2975 1268 3061 Sagarelle
1290 2978 1605 3063 reciperet
1625 2980 2011 3046 solutionem
2034 2978 2285 3064 abipso
2308 2978 2564 3063 Duymo

292 3087 383 3153 de
416 3087 609 3152 rebus
641 3086 742 3153 sui
788 3084 1105 3154 debitoris
1159 3084 1514 3154 secundum
1568 3087 1807 3154 iustam
1863 3085 2353 3154 extimationem
2401 3084 2572 3171 ipsa-

290 3214 440 3261 rum
462 3193 808 3281 pecudum.
858 3194 915 3260 A
950 3214 1081 3278 qua
1110 3193 1438 3261 sententia
1469 3193 1688 3262 dictus
1721 3191 2149 3281 Lampredius
2187 3191 2570 3281 appellauit,

290 3299 423 3370 sed
455 3302 809 3368 secundum
842 3305 1154 3368 statutum
1190 3299 1494 3370 Ciuitatis
1528 3300 1785 3387 Spalatj
1836 3300 2353 3389 appellationem
2385 3319 2570 3368 suam

292 3412 536 3495 exequi
586 3407 757 3476 infra
804 3409 1153 3477 terminum
1203 3409 1448 3478 editum
1497 3429 1627 3477 non
1694 3407 1985 3497 curauit3
2057 3408 2228 3477 unde
2294 3405 2571 3476 eundem

290 3518 599 3587 Judicem
631 3518 958 3606 Duymum
991 3517 1341 3586 Kasarium
1373 3517 1673 3587 duximus
1707 3517 2180 3586 absoluendum
2198 3514 2282 3585 de
2316 3516 2570 3602 fidejus·

290 3629 488 3697 sione
534 3628 825 3714 ipsarum
874 3627 1197 3714 pecudum
1250 3630 1335 3695 ab
1385 3626 1792 3711 impetitione
1843 3625 2132 3695 eiusdem
2192 3624 2573 3712 Lampredii

290 3736 677 3824 Sagarelle3
710 3742 777 3806 et
805 3734 980 3804 idem
1010 3735 1443 3822 Lampredius
1475 3755 1549 3803 se
1579 3742 1802 3804 tenere
1832 3736 1934 3803 ad.
1968 3754 2156 3802 suum
2206 3732 2574 3801 debitorem

291 3847 561 3915 debeat.
593 3847 830 3912 Actum
862 3845 929 3911 in
963 3844 1243 3913 ecclesia
1275 3844 1501 3911 Sancti
1534 3843 1894 3913 Laurentii.
1930 3844 2167 3910 Testes
2219 3841 2573 3928 Gregorius

292 3956 542 4039 Grube‚
574 3954 807 4020 Petrus
840 3950 1227 4038 Cernecche‚
1292 3950 1490 4019 Come
1522 3951 1699 4018 Petri
1731 3948 2064 4035 Kamurcij
2097 3953 2165 4015 et
2195 3947 2337 4016 alii.

437 4063 580 4149 Ego
605 4060 960 4129 Geruasius
981 4060 1311 4128 Grubesce
1331 4058 1754 4126 Examinator
1773 4064 2078 4145 precepto
2103 4057 2299 4124 Ourie
2337 4059 2571 4145 serpsi.

437 4171 581 4256 Ego
609 4171 879 4240 Amicus
910 4168 1306 4255 Capelianus
1338 4166 1714 4236 Communis
1746 4165 2113 4252 Splatensis
2130 4162 2403 4232 Juratus
2444 4167 2574 4232 No.

289 4290 509 4358 tarius
526 4286 632 4353 his
653 4278 923 4353 interfui
944 4285 1010 4347 et
1029 4279 1112 4346 de
1132 4276 1441 4347 mandato
1462 4275 1768 4346 Judicum
1790 4279 2054 4360 rogatus
2076 4273 2315 4362 scripsi
2338 4279 2405 4340 et
2424 4295 2576 4342 con-

291 4402 473 4469 sulto
506 4396 698 4483 signo
731 4390 1062 4461 roboraui.

523 4505 796 4594 (Harom
829 4496 1186 4590 pecsetuek
1216 4495 1463 4585 helye.)

521 4662 891 4736 (Hitelesitett
916 4661 1189 4720 masolata
1213 4678 1248 4714 a
1272 4660 1422 4716 becsi
1451 4654 1686 4712 csaszari
1712 4658 1881 4711 titkos
1906 4653 2294 4724 leveltarban.)

2128 4814 2253 4887 29⁴²
