3359 5250
1356 357 1491 425 475
1536 450 1574 458 -

511 560 648 628 Nos
675 559 843 627 Bela
861 558 989 627 Dei
1019 554 1247 645 gracia
1264 556 1606 643 Hungarie
1637 557 1765 624 stb.
1798 550 1913 644 (ko
1923 553 2227 622 vetkezik
2247 556 2359 622 IV.
2380 554 2546 623 Bela

290 667 658 755 kiraIynak
691 666 961 747 1256-ki
993 666 1343 752 okmanya,
1378 666 1540 734 mint
1569 664 1836 733 fentebb
1869 666 2023 734 303.
2055 682 2148 731 sz.
2187 662 2281 753 a.)

511 776 719 865 Igitur
747 775 1080 864 predictus
1101 776 1335 845 Comes
1354 775 1598 843 Paulus
1629 774 1966 841 in.octaua
1986 772 2369 862 supradicta
2399 794 2545 842 cum

288 886 645 955 antedictis
692 885 946 955 duobus
994 885 1149 971 filijs
1199 886 1337 954 suis
1370 884 1632 968 iurauit,
1686 889 1757 950 vt
1787 881 2090 969 debebat,
2131 882 2542 970 presentibus

288 996 449 1083 fllijs
479 995 834 1082 Pangracij
862 995 1279 1083 supradictis,
1314 1000 1380 1063 et
1409 1001 1644 1082 postea
1663 991 1946 1062 seeundo
1977 994 2084 1060 die
2114 1014 2260 1061 eum
2280 993 2542 1094 prefato

286 1103 556 1171 homine
585 1105 812 1171 Vestro
844 1108 911 1170 et
939 1111 1183 1188 nostro,
1234 1101 1488 1172 seilicet
1516 1102 1892 1171 Andronico
1923 1100 2207 1170 Custode
2247 1101 2544 1170 Ecclesie

289 1220 517 1282 nostre
545 1213 686 1280 viro
717 1212 1069 1299 fidedigno,
1118 1211 1415 1301 predicte
1443 1219 1666 1300 partes
1698 1212 1788 1280 ad
1817 1212 2052 1289 faeiem
2092 1211 2310 1300 sepius
2340 1213 2542 1281 nomi-

288 1327 597 1389 natarum
626 1327 980 1390 ten-rarum
1013 1322 1402 1391 accedentes
1439 1328 1504 1390 et
1522 1323 1996 1390 circumeuntes
2030 1319 2117 1388 ad
2148 1341 2265 1389 nos
2299 1321 2545 1390 reuersi

288 1430 619 1519 dixerunt,
669 1431 840 1516 quod
874 1438 1043 1499 mete
1075 1439 1142 1499 et
1172 1430 1638 1499 distincciones
1688 1450 1847 1518 sepe
1877 1431 2193 1498 dictarum
2225 1439 2545 1498 terrarum

289 1540 420 1610 hoe
450 1539 679 1609 ordine
697 1539 1170 1626 distinguntur:
1198 1540 1422 1607 Prima
1452 1547 1628 1608 meta
1656 1540 1889 1627 incipit
1920 1541 2009 1607 ab
2025 1540 2270 1609 oriente
2288 1539 2357 1606 in
2378 1542 2542 1625 loeo,

288 1652 402 1735 qui
436 1650 498 1717 Κ
503 1650 877 1735 ysmeoeewd
925 1649 1160 1718 dicitur
1189 1650 1375 1717 iuxta
1425 1650 1709 1718 riuulum
1751 1651 2006 1736 Derges
2056 1656 2380 1734 vocatum,
2429 1648 2546 1716 vbi

287 1769 393 1829 est
422 1768 640 1829 terrea
671 1766 884 1845 meta3
918 1758 1155 1825 exinde
1185 1758 1370 1827 vadit
1401 1758 1645 1828 directe
1666 1758 1753 1827 ad
1784 1757 2186 1827 occidentem
2223 1757 2310 1826 ad
2329 1777 2546 1843 quem-

288 1869 448 1937 dam
497 1874 778 1935 montem
808 1867 1237 1954 Felsytethey
1266 1874 1590 1953 vocatum,
1641 1868 1754 1936 vbi
1786 1868 2114 1954 quondam
2161 1867 2282 1934 fuit
2310 1866 2543 1951 vinea3

284 1976 571 2065 posthac
590 1977 821 2044 iterum
838 1975 926 2043 ad
945 1974 1348 2043 occidentem
1369 1976 1610 2043 directe
1629 1977 1811 2042 venit
1828 1976 1918 2042 ad
1938 1977 2168 2062 locum,
2182 1975 2289 2059 qui
2308 1999 2407 2041 mo
2409 1999 2546 2063 9⁰⁸·

284 2088 500 2153 holom
528 2090 819 2168 vocatur,
849 2083 1033 2153 iuxta
1052 2104 1353 2172 campum
1371 2081 1713 2151 cuiusdam
1731 2083 1947 2170 vallio,
1980 2104 2107 2169 que
2127 2084 2544 2168 Vlnozowfey

287 2200 725 2282 nuncupatur,
779 2191 888 2260 vbi
919 2199 1072 2260 sunt
1119 2192 1334 2276 lignee
1384 2197 1575 2279 mete,
1627 2197 1694 2258 et
1721 2190 1819 2259 ibi
1845 2192 2000 2259 illas
2045 2190 2301 2277 ligneas
2333 2200 2544 2260 metas

285 2302 698 2389 proscriptus
731 2301 965 2371 Comes
993 2301 1240 2369 Paulus
1271 2321 1501 2371 versus
1533 2301 1912 2387 aquilonem
1942 2301 2113 2369 intra
2141 2307 2351 2369 terras
2385 2300 2547 2368 'Phe-

286 2407 450 2497 legd
479 2414 544 2476 et
572 2410 864 2478 Zaboleh
911 2406 1348 2498 predictorum
1377 2408 1657 2479 filiorum
1682 2408 2052 2496 Pongracij‚
2106 2410 2326 2478 dicens
2372 2410 2545 2478 idem

285 2518 527 2587 Comes
574 2519 823 2585 Paulus
873 2514 987 2586 eas
1019 2537 1169 2585 esse
1197 2516 1424 2601 falsas,
1479 2525 1544 2585 et
1576 2538 1698 2606 per
1740 2516 2163 2605 semetipsum
2214 2517 2544 2605 quondam

288 2648 406 2697 eas
440 2648 589 2698 esse
636 2628 888 2713 faetas;
939 2635 1006 2696 et
1048 2626 1287 2695 exinde
1335 2646 1455 2716 per
1505 2626 1867 2714 predictam
1919 2628 2160 2696 vallem
2210 2630 2542 2697 Vlnozoun

284 2738 540 2807 directe
586 2737 887 2806 similiter
949 2738 1036 2807 ad
1086 2735 1487 2805 occidentem
1534 2735 1723 2804 vadit
1771 2735 1946 2803 infra
1996 2757 2205 2822 vsque
2267 2738 2542 2804 riuulum

292 2847 535 2934 Kegek
584 2855 907 2933 vocatum,
960 2854 1026 2915 et
1074 2852 1309 2934 postea
1359 2865 1476 2934 per
1524 2844 1805 2913 riuulum
1852 2845 2085 2930 Kegek
2138 2844 2423 2913 declinat
2458 2849 2545 2914 ad

293 2955 694 3043 aquilonem,
745 2962 810 3023 et
840 2954 1018 3023 venit
1048 2954 1136 3021 ad
1166 2954 1351 3022 illum
1385 2956 1619 3040 locum,
1669 2954 1784 3021 vbi
1807 2952 2089 3040 quedam
2135 2955 2407 3039 antiqua
2436 2955 2547 3024 via

290 3065 473 3132 cadit
500 3062 572 3131 in
603 3063 859 3150 Kegek,
911 3072 976 3131 et
1006 3063 1159 3131 inde
1189 3062 1326 3131 exit
1353 3060 1440 3129 ad
1491 3082 1795 3149 campum
1826 3061 2179 3130 Zakadath
2224 3069 2543 3149 vocotum,

290 3180 356 3241 et
381 3172 525 3241 illio
553 3172 623 3240 in
655 3173 872 3260 eapite
903 3173 1084 3240 illius
1115 3169 1331 3258 campi
1362 3178 1515 3240 sunt
1544 3171 1762 3258 lignee
1791 3177 1982 3257 mete,
2033 3179 2098 3237 et
2128 3177 2343 3239 terrea
2370 3178 2547 3240 meta

293 3301 492 3370 super
523 3281 867 3352 arboribus
895 3281 1095 3368 ilicijs
1128 3287 1193 3349 et
1222 3282 1566 3370 populeis3
1602 3287 1669 3348 et
1698 3288 1932 3369 postea
1950 3300 2070 3368 per
2101 3280 2381 3348 medium
2408 3301 2546 3370 pre-

292 3389 454 3458 dicti
471 3391 687 3479 campi
704 3388 1059 3458 Zakadath
1090 3388 1392 3458 similiter
1425 3389 1514 3456 ad
1532 3389 1905 3475 aquilonem
1926 3388 2104 3456 venit
2134 3385 2222 3454 ad
2240 3409 2545 3473 magnam

293 3498 471 3567 viam
502 3505 950 3572 transeuntem
981 3498 1069 3566 ad
1097 3505 1319 3586 partes
1351 3499 1886 3584 Transsiluanas,
1938 3518 2065 3585 que
2097 3505 2198 3567 est
2232 3497 2299 3566 in
2331 3499 2545 3569 medio

291 3608 446 3676 ville
478 3610 670 3677 Jenw
702 3615 767 3675 et
804 3607 1113 3693 Zaboleh,
1164 3608 1279 3676 vbi
1307 3609 1494 3676 iuxta
1527 3609 1745 3696 ipsam
1794 3626 2103 3695 magnam
2132 3607 2310 3676 viam
2341 3614 2407 3675 et
2436 3628 2544 3675 ar-

295 3717 492 3786 bores
521 3716 752 3785 iliceas
783 3717 995 3784 securi
1016 3721 1336 3785 mactatas
1370 3719 1437 3784 in
1477 3717 1737 3802 signum
1774 3725 1945 3785 mete
1976 3725 2076 3785 est
2093 3724 2305 3784 terrea
2333 3723 2544 3804 meta;

293 3832 357 3895 et
386 3825 645 3914 exinde,
679 3827 851 3895 sicut
880 3825 1124 3894 directe
1153 3825 1290 3893 exit
1322 3826 1405 3895 de
1436 3826 1643 3914 syluis
1664 3824 1755 3894 ad
1784 3827 2144 3914 predictam
2181 3828 2357 3895 viam
2379 3826 2548 3894 inter

293 3942 685 4006 memoratas
705 3935 904 4004 villas
933 3940 1398 4022 transeuntem,
1441 3936 1671 4005 eodem
1690 3936 1880 4004 modo
1900 3936 2112 4004 tendit
2130 3955 2352 4005 versus
2363 3934 2547 4020 ,aqui-

293 4044 504 4114 Ionem
534 4046 624 4114 ad
653 4044 985 4130 quandam
1033 4045 1275 4112 vallem
1294 4046 1669 4132 juncosam,
1718 4065 1845 4131 que
1873 4048 2209 4132 aasweolyy
2255 4049 2543 4121 vocatur,

294 4153 401 4222 vbi
429 4162 532 4225 est
560 4161 778 4222 terrea
806 4161 1019 4242 meta;
1053 4153 1268 4221 adhue
1299 4174 1420 4241 per
1450 4153 1727 4223 eandem
1760 4154 2000 4222 vallem
2036 4151 2219 4221 vadit
2248 4152 2334 4221 ad
2370 4152 2548 4238 aqui·

295 4261 505 4331 Ionem
544 4262 633 4331 ad
682 4263 1015 4347 quandam
1065 4281 1325 4348 aquam,
1377 4282 1504 4348 que
1539 4260 2071 4351 Koppankwnek
2117 4266 2545 4348 nuncupatur,

301 4379 363 4439 et
408 4370 647 4440 exinde
695 4370 925 4439 eodem
985 4369 1178 4439 modo
1222 4391 1454 4441 uersus
1516 4373 1888 4459 aquilonem
1949 4369 2188 4437 transit
2246 4388 2547 4456 eampum

302 4481 715 4567 Sumuzigeth
753 4487 1075 4568 vocatum,
1127 4486 1192 4547 et
1222 4480 1400 4549 venit
1445 4480 1631 4548 iuxta
1674 4479 1913 4547 flumen
1945 4478 2156 4564 Crysij
2195 4478 2284 4545 ad
2311 4478 2543 4564 locum,

307 4589 413 4672 qui
442 4589 859 4677 Lopuhuslaz
888 4596 1181 4676 vocatur,
1231 4588 1345 4657 vbi
1400 4588 1730 4676 predictus
1782 4607 2051 4675 campus
2088 4586 2548 4673 Sumnzigethe

305 4716 417 4782 per
462 4696 1178 4786 appropinguacionem
1232 4696 1445 4786 Grysij
1500 4703 1565 4765 et
1594 4696 2117 4786 Koppankwnek
2163 4695 2359 4762 valde
2402 4715 2548 4766 eon-
