3359 5250
1804 425 1934 491 100

1802 944 1914 1012 64.

738 1117 853 1181 IV.
870 1113 1033 1179 Bata
1054 1112 1399 1199 kirdlynak
1427 1109 1731 1175 Tur-duna
1754 1107 2031 1173 birtokdt
2053 1108 2359 1194 tdrqyazd
2374 1104 2734 1191 adomeinya
2748 1105 2994 1171 Maeklds

1298 1219 1541 1306 96m6n‘
1555 1216 1834 1307 fb'ispdn
1865 1220 2175 1282 εεάπιάνα,
2224 1217 2419 1279 1240.

952 1400 1115 1466 Bela
1153 1396 1276 1463 Dei
1311 1396 1538 1482 gracia
1568 1393 1924 1479 Hungarie,
1975 1394 2335 1479 Dalmacie,
2369 1390 2706 1477 Chroacie,
2758 1395 2991 1476 Rame,

735 1506 982 1592 Seruie,
1019 1505 1314 1591 Gallicie,
1351 1503 1738 1571 Lodomerie
1761 1501 2203 1587 Cumanieque
2236 1503 2377 1568 Rex
2415 1501 2712 1570 omnibus
2745 1500 2989 1567 Christi

733 1614 1039 1682 fidelibus
1072 1621 1436 1699 presentem
1471 1610 1783 1700 paginam
1816 1609 2213 1697 inspecturis
2246 1610 2527 1677 salutem
2560 1618 2625 1677 et
2656 1630 2845 1678 omne
2878 1609 2992 1675 bo·

735 1742 911 1790 num.
970 1722 1129 1787 Cum
1180 1717 1854 1804 incomprehensibilis
1906 1717 2144 1783 Diuine
2194 1716 2656 1802 disposicionis
2709 1714 2988 1785 altitudo

736 1832 820 1899 ad
853 1832 978 1897 hoc
1027 1827 1319 1913 gladium
1352 1826 1641 1910 Regibus
1694 1826 2110 1909 concesserit,
2164 1831 2231 1891 ut
2266 1824 2801 1893 malefactoribus
2852 1827 2991 1893 uin·

735 1928 933 2023 dicta,
989 1939 1133 2003 laus
1165 1956 1317 2003 uero
1348 1936 1537 2002 bonis
1581 1934 1757 2000 iusta
1804 1954 1916 2018 per
1955 1955 2102 2000 eum
2152 1932 2617 2000 distribucioue
2652 1932 2989 2020 reddatur,

737 2047 973 2114 suadet
1020 2044 1198 2112 racio
1252 2051 1317 2110 et
1345 2042 1509 2108 iuris
1543 2042 1720 2127 rigor
1759 2041 1981 2129 exigit,
2036 2049 2103 2107 ut
2135 2061 2254 2107 nec
2308 2040 2790 2108 malefactorum
2842 2062 2989 2127 per-

736 2155 1019 2223 uersitas
1050 2156 1342 2219 transeat
1372 2150 1693 2236 inpunita,
1734 2169 1854 2215 nec
1884 2150 2052 2215 bene
2084 2147 2297 2215 meriti
2331 2148 2466 2215 suis
2505 2148 2845 2234 stipendiis
2880 2147 2988 2216 de·

734 2261 1131 2328 fraudentur.
1181 2259 1349 2324 Hinc
1382 2266 1501 2342 est,
1554 2256 1729 2340 quod
1761 2255 1845 2322 ad
1896 2256 2204 2322 noticiam
2258 2256 2706 2324 uniuersorum
2756 2256 2987 2323 harum

734 2379 958 2437 tenore
990 2367 1287 2434 uolumus
1321 2365 1683 2451 peruenire,
1723 2363 1897 2448 quod
1931 2385 2074 2430 cum
2105 2365 2257 2431 Jula
2289 2365 2508 2431 Banus
2540 2364 2866 2449 quondam
2903 2361 2987 2429 de

736 2495 979 2562 genere
1009 2474 1218 2560 Kean,
1255 2494 1371 2560 pro
1407 2472 1752 2540 manifesto
1786 2469 2189 2539 infidelitatis
2224 2472 2488 2538 crimine
2521 2491 2636 2558 per
2676 2479 2983 2554 nostram,

736 2604 856 2653 uec
889 2605 1018 2653 non
1068 2582 1404 2651 karissimi
1433 2581 1653 2649 fratris
1707 2582 1913 2649 nostri
1948 2579 2285 2650 Colomani
2316 2580 2519 2666 Regis
2559 2588 2623 2648 et
2657 2580 2858 2647 Ducis
2888 2585 2985 2649 to-

736 2694 872 2761 cius
906 2692 1257 2762 Sclauonie
1289 2693 1586 2775 Illustris,
1623 2692 1746 2758 bac
1778 2693 2059 2759 omnium
2091 2694 2415 2758 Baronum
2447 2697 2811 2759 nostrorum
2843 2710 2986 2756 sen·

733 2801 1014 2869 tenciam
1064 2801 1296 2867 fuisset
1345 2798 1879 2885 condempnatus,
1931 2819 2010 2865 ac
2064 2800 2369 2867 uniuersa
2417 2801 2624 2885 ipsius
2677 2800 2850 2866 bona
2896 2796 2986 2864 ad

733 2918 1025 2976 nostram
1057 2926 1318 2974 manum
1352 2907 1626 2974 fuissent
1658 2908 1985 2993 deuoluta,
2020 2909 2162 2994 ipso
2194 2928 2378 2977 suam
2412 2908 2613 2975 uitam
2646 2906 2711 2973 in
2745 2907 2985 2975 nostris

732 3016 1008 3084 uinculis
1066 3016 1366 3102 finiente;
1419 3037 1539 3083 nos
1571 3017 1902 3100 quandam
1935 3017 2142 3103 ipsius
2193 3019 2675 3103 possessionem
2722 3016 2982 3082 nomine

729 3126 1041 3194 Tur-duna
1088 3145 1233 3192 cum
1267 3124 1567 3192 omnibus
1617 3125 2040 3212 pertinencijs
2086 3125 2225 3193 suis
2257 3126 2324 3191 in
2357 3124 2683 3193 Comitatu
2714 3124 2797 3192 de
2829 3122 2982 3191 Bur-

730 3232 851 3299 sod
901 3234 1337 3316 constitutam,
1373 3233 1646 3302 Nicolao
1682 3234 1913 3301 Comiti
1948 3235 2030 3302 de
2063 3236 2310 3302 Gumur
2354 3222 2488 3301 filio
2522 3234 2708 3317 Gurg
2740 3234 2824 3299 ob
2857 3252 2985 3300 me·

730 3339 855 3405 rita
886 3357 1002 3405 sue
1035 3337 1368 3405 fidelitatis
1400 3345 1466 3406 et
1498 3341 1757 3426 seruicij
1813 3340 2118 3408 duximus
2153 3349 2467 3428 perpetuo
2501 3337 2980 3407 conferendam.

729 3449 900 3513 Nam
932 3446 1102 3512 idem
1134 3444 1447 3512 Nicolaus
1499 3446 1665 3513 inter
1696 3453 1916 3517 cetera
1948 3449 2257 3515 uirtutum
2289 3449 2538 3534 merita,
2591 3446 2827 3529 quibus
2874 3468 2982 3514 no·

724 3563 926 3623 stram
958 3554 1247 3639 graciam
1281 3554 1368 3620 ad
1389 3554 1656 3641 plenum
1689 3556 1989 3641 optinuit,
2026 3557 2091 3623 in
2112 3559 2336 3642 Regno
2370 3565 2435 3624 et
2472 3561 2660 3622 extra
2680 3556 2978 3639 Regnum

728 3664 913 3750 pacis
945 3670 1010 3729 et
1040 3661 1198 3730 belli
1246 3670 1535 3748 tempore
1569 3663 1757 3732 nobis
1810 3664 2085 3732 fideliter
2123 3663 2514 3749 assistendo,
2564 3664 2631 3730 in
2664 3662 2788 3731 hoc
2836 3682 2983 3751 spe-

726 3772 980 3839 cialiter
1011 3771 1267 3857 claruit,
1302 3772 1476 3856 quod
1506 3771 1662 3839 dum
1690 3772 1758 3839 in
1790 3774 2218 3860 expedicione
2238 3773 2474 3842 Ruscie
2506 3791 2797 3840 essemus
2829 3790 2977 3839 con·

725 3879 956 3964 stituti,
1002 3884 1069 3946 et
1104 3879 1426 3947 bellorum
1471 3898 1716 3948 cuneus
1747 3888 1925 3949 esset
1960 3882 2111 3948 hinc
2162 3879 2316 3949 inde
2347 3881 2413 3946 in
2453 3879 2821 3947 conflictum
2873 3898 2982 3946 ac-

723 3987 993 4073 cinctus,
1045 3986 1285 4075 ipsein
1342 3986 1689 4058 aduersam
1741 3991 1950 4058 aciem
2003 3989 2276 4058 uiriliter
2324 3992 2575 4057 irruens
2625 3987 2860 4055 multos
2909 3986 2979 4055 in

720 4113 835 4163 ore
886 4093 1094 4180 gladij
1125 4094 1273 4164 neci
1321 4095 1610 4181 tradidit,
1661 4104 1731 4165 et
1772 4097 2144 4165 innumeros
2193 4094 2554 4183 captiuauit
2603 4094 2705 4161 sui
2754 4099 2976 4162 tamen

719 4203 1061 4287 sanguinis
1092 4202 1477 4271 effusionem
1513 4223 1643 4274 uon
1666 4205 1990 4273 modicam
2015 4204 2415 4273 sustinendo.
2449 4203 2747 4282 Quantas
2768 4202 2978 4271 eciam

717 4311 1063 4398 probitatis
1119 4312 1423 4381 acciones
1473 4313 1540 4379 in
1590 4313 1741 4399 alijs
1796 4313 1968 4381 idem
2008 4314 2388 4400 exercuerit,
2440 4321 2697 4400 tempus
2748 4311 2975 4399 pocius

717 4439 914 4504 quam
933 4418 1052 4488 ‘res
1086 4419 1343 4489 deseret
1375 4429 1808 4489 enarrantem.
1848 4422 1949 4488 Ne
1982 4422 2179 4507 igitur
2210 4428 2346 4490 tam
2379 4421 2616 4489 eximie
2636 4419 2975 4488 fidelitatis

715 4528 1095 4596 constancia
1126 4530 1600 4598 irremunerata
1630 4537 1984 4616 remaneat,
2037 4531 2193 4598 licet
2227 4529 2545 4615 premium
2579 4528 2806 4596 merito
2840 4548 2971 4595 non

713 4635 1111 4723 respondeat
1142 4657 1224 4704 ex
1256 4637 1601 4726 condigno,
1634 4646 1949 4724 tauquam
1982 4659 2235 4707 omnem
2283 4637 2695 4707 affluenciam
2730 4644 2974 4724 tempo-

710 4743 920 4810 ralem
972 4744 1510 4829 transscendenti,
1546 4747 2028 4830 possessionem
2061 4745 2505 4832 supradictam
2558 4744 2685 4812 sibi
2739 4750 2803 4811 et
2834 4746 2974 4812 suis
