3359 5250
13 4171 35 5202 pss-n-a-ffl
13 4137 18 4164 ⁹

1838 335 1925 399 56

1735 430 2020 439 βοῇ-...-

752 541 990 601 extunc
1021 532 1441 618 solempniter
1470 531 1816 618 publicari.
1873 532 1956 598 Et
1984 532 2142 615 quia
2171 531 2238 598 in
2269 537 2451 598 tanto
2499 533 2765 617 negotio
2798 532 3007 600 arduo

750 643 970 726 utique
1025 648 1091 707 et
1122 639 1433 726 implicito
1486 647 1621 708 tam
1656 659 1774 707 nos
1807 659 2005 724 quam
2038 640 2184 726 ipse
2232 637 2605 724 indigemus
2638 640 2889 707 meritis
2940 650 3010 707 et

746 747 1152 816 orationibus
1186 746 1506 832 adiuvari,
1558 745 2053 815 universitatem
2087 752 2375 814 vestram
2406 767 2735 833 rogamus,
2788 768 3011 817 mone·

746 877 889 924 mus
922 862 988 922 et
1006 855 1339 922 hortamur
1366 859 1635 939 attente,
1672 875 1752 921 ac
1781 874 1900 941 per
1924 854 2303 940 Apostolica
2332 855 2522 923 vobis
2561 857 2808 943 scripta
2827 877 3008 922 man·

746 966 1000 1046 damus,
1052 962 1473 1027 obsecrantes
1524 978 1640 1047 per
1689 960 1946 1028 viscera
1998 959 2444 1030 misericordie
2487 962 2612 1029 Dei
2657 965 2887 1049 nostri,
2940 964 3010 1030 in

745 1092 875 1158 qua
906 1068 1200 1137 visitavit
1248 1088 1369 1135 nos
1402 1067 1619 1136 oriens
1651 1088 1736 1134 ex
1769 1070 1925 1154 alto,
1978 1075 2299 1153 quatenus
2349 1069 2565 1137 eidem
2596 1070 2765 1157 Regi
2796 1071 2863 1137 in
2893 1073 3007 1139 hu-

746 1177 1027 1247 iusmodi
1048 1176 1401 1244 certamine
1430 1177 1763 1245 laboranti
1794 1177 2085 1244 caritatis
2105 1184 2318 1244 vestre
2350 1178 2733 1263 suffragium
2753 1179 2995 1265 impen-

748 1286 942 1369 datis,
977 1293 1043 1352 et
1072 1290 1420 1373 postquam
1453 1284 1627 1351 idem
1657 1285 1798 1351 Rex
1829 1305 1976 1352 cum
2006 1285 2299 1352 exercitu
2344 1305 2463 1353 suo
2494 1285 2734 1352 Assani
2764 1293 3006 1353 terram

751 1392 1107 1463 intraverit,
1158 1391 1476 1459 facientes
1527 1390 2016 1478 processionem
2048 1391 2448 1478 solempnem
2490 1392 2785 1475 qualibet
2816 1401 3012 1461 sexta

749 1500 914 1567 feria
941 1499 1219 1584 singulis
1268 1498 1670 1586 septimanis,
1721 1498 2067 1566 devotione
2121 1497 2354 1566 sedula
2397 1499 2605 1587 illum,
2652 1499 2765 1585 qui
2794 1501 3011 1568 ventis

750 1618 816 1676 et
848 1608 1011 1674 mari
1043 1606 1344 1693 imperat,
1392 1605 1775 1692 suppliciter
1804 1606 2111 1690 exoretis,
2166 1613 2236 1674 ut
2260 1626 2378 1694 per
2412 1628 2598 1676 suam
2645 1607 3009 1677 misericor·

751 1715 929 1781 diam
978 1713 1296 1780 infinitam
1347 1731 1541 1799 super
1572 1712 1850 1780 eundem
1892 1714 2137 1798 Regem
2168 1720 2234 1780 et
2281 1732 2436 1781 suos
2465 1714 2841 1783 illuminans
2871 1717 3008 1782 vul·

751 1829 889 1890 tum
920 1841 1127 1905 suum,
1179 1823 1468 1908 ipsorum
1501 1840 1920 1909 progressum
1969 1821 2270 1905 dignetur
2307 1822 2815 1891 misericorditer
2864 1844 3010 1910 pro·

750 1948 1054 2021 sperare;
1088 1947 1169 1996 ae
1198 1927 1443 2013 singuli
1476 1925 1851 1995 sacerdotes
1900 1929 2104 1995 semel
2135 1930 2426 2013 qualibet
2471 1931 2842 2018 septimana
2884 1953 3007 2017 pro

750 2038 923 2105 felici
953 2044 1128 2105 statu
1160 2034 1481 2104 exercitus
1513 2036 1760 2102 munda
1805 2036 2206 2104 conscientia
2229 2043 2295 2104 et
2325 2039 2507 2124 puris
2527 2038 2830 2108 manibus
2853 2038 3010 2107 offe·

755 2150 904 2211 rant
935 2144 1322 2210 sacrificium
1355 2144 1633 2211 Domino
1665 2145 1808 2212 Deo
1839 2149 2084 2229 nostro,
2139 2151 2205 2211 et
2234 2146 2615 2214 commissos
2645 2147 2768 2214 sibi
2802 2169 3006 2235 popu·

757 2255 858 2319 los
889 2252 978 2319 ad
1027 2251 1530 2337 supplicandum
1559 2253 1703 2320 Deo
1755 2273 1873 2338 pro
1906 2253 2053 2340 ipso
2086 2254 2372 2322 exercitu
2411 2256 2657 2324 crebris
2705 2258 3008 2324 exhorta·

755 2358 1044 2429 tionibus
1075 2368 1378 2429 moneant
1425 2360 1779 2428 efficaciter
1808 2368 1874 2429 et
1900 2361 2232 2430 inducant.
2281 2364 2364 2431 Et
2395 2372 2466 2430 ut
2497 2365 2724 2432 fideles
2761 2362 3006 2431 Christi

754 2466 987 2535 fortius
1036 2466 1402 2535 animentur
1448 2467 1538 2535 ad
1581 2467 1864 2554 prelium
1893 2469 2160 2536 Domini
2207 2470 2636 2558 preliandum,
2685 2471 3011 2539 universis

754 2573 1285 2661 Archiepiscopis
1333 2581 1400 2642 et
1428 2575 1781 2663 Episcopis
1799 2627 1818 2660 ,
1872 2576 1983 2664 qui
2017 2577 2377 2647 intererunt
2422 2581 2732 2648 exercitui
2784 2599 2987 2667 supra

755 2682 928 2750 dicto
948 2734 968 2770 ,
1019 2683 1434 2752 concedimus
1454 2735 1472 2769 ,
1523 2691 1597 2752 ut
1644 2685 1713 2751 in
1763 2686 2212 2774 solempnibus
2259 2688 2816 2774 predicationibus
2873 2688 3010 2756 suis

757 2787 1159 2860 moderatam
1208 2789 1460 2876 aliquot
1505 2789 1756 2859 dierum
1806 2792 2280 2880 indulgentiam
2343 2796 2731 2864 auctoritate
2783 2802 3013 2866 nostra

754 2916 909 2963 vere
957 2896 1400 2983 penitentibus
1448 2906 1516 2966 et
1545 2898 1884 2984 confessis,
1934 2909 2131 2987 prout
2173 2903 2489 2990 expedire
2528 2903 2831 2989 viderint,
2885 2904 3011 2970 lar·

756 3003 1037 3089 giantur.
1070 3003 1316 3072 Datum
1333 3005 1637 3091 Anagnie
1658 3007 1769 3074 VI.
1803 3004 1952 3075 idus
1971 3009 2255 3093 Augusti
2284 3006 2744 3096 (Pontificatus
2773 3010 3012 3100 nostri)

754 3131 927 3180 anno
956 3110 1361 3183 duodecimo.

827 3325 1101 3391 (Theiner,
1118 3329 1321 3382 Vetera
1335 3332 1690 3384 Monumenta
1706 3331 1989 3384 Historiea
2005 3332 2347 3400 Hungariam
2364 3333 2586 3388 Sacram
2605 3333 2938 3388 illustr-antia

1666 3423 1713 3474 1.
1739 3423 1853 3474 kot-
1884 3423 2005 3475 164.
2029 3422 2090 3491 1.)
