3359 5250
1716 322 2037 424 „233-

968 517 1109 600 Ego
1142 517 1400 584 Marcus
1432 517 1707 586 Totulus
1742 519 2154 589 Consiliator.

961 623 1102 708 Ego
1133 623 1462 693 Marsilius
1498 626 1764 713 Georgii
1801 625 2217 695 Consiliator.

961 729 1103 815 Ego
1138 731 1395 800 Marcus
1427 733 1632 800 Aurio
1666 734 2083 804 Consiliator.

961 839 1103 925 Ego
1137 842 1528 910 Thomasius
1562 844 1955 912 Mauroceno
1990 841 2406 913 Consiliator.

963 949 1105 1033 Ego
1138 950 1455 1018 Nicolaus
1488 950 1799 1031 Quirinus
1832 951 2241 1021 Consiliator.

746 1056 887 1142 Ego
920 1056 1251 1126 Corradus
1273 1059 1544 1127 Ducalis
1565 1060 1779 1127 Aulae
1799 1060 2214 1128 Venetiarum
2246 1058 2697 1126 Cancellarius
2735 1057 2837 1124 his
2863 1079 2994 1127 om-

746 1165 935 1232 nibus
985 1164 1269 1251 interfui,
1325 1176 1389 1234 et
1422 1168 1503 1234 de
1557 1168 1866 1238 mandato
1917 1168 2128 1255 ipsius
2179 1165 2427 1235 domini
2469 1164 2671 1234 Ducis
2739 1166 2991 1252 scripsi,

746 1274 1087 1361 complevi,
1139 1274 1441 1343 roboravi
1473 1284 1593 1344 etc.

1141 1456 1391 1519 (Palati,
1418 1457 1698 1524 Illyricum
1724 1456 1951 1513 Sacrum
1978 1458 2041 1509 V.
2070 1459 2184 1509 kat.
2212 1458 2333 1513 299.
2361 1457 2497 1510 skov
2522 1457 2601 1523 ll.)

1614 1743 2122 1752 W*

1807 2192 1963 2262 377.

752 2374 926 2444 Chalc
957 2375 1195 2462 Ice'ra'lyi
1211 2364 1758 2441 tdrnokmtesternek
1786 2377 2063 2439 testve'rei
2086 2373 2633 2460 birtok·osztdlydra
2664 2372 2993 2438 vonatkozo‘

1585 2482 1909 2569 okmdnya.
1958 2484 2151 2546 1260.

963 2682 1101 2748 Nos
1153 2679 1270 2746 Ch.
1319 2679 1638 2765 Magister
1687 2678 2201 2747 Tauarnicorum
2252 2678 2451 2765 Regis
2496 2686 2562 2746 et
2612 2681 2704 2747 St
2757 2681 2987 2747 Comes

749 2787 1161 2857 Zaladiensis
1211 2807 1326 2874 per
1355 2792 1646 2857 tenorem
1682 2788 2092 2875 presencium
2141 2788 2377 2872 quibus
2409 2786 2674 2874 expedit
2702 2786 2992 2855 declara-

746 2917 910 2985 mus,
946 2897 1122 2984 quod
1142 2916 1284 2964 cum
1318 2898 1689 2983 altercacio,
1726 2915 1850 2982 que
1870 2898 2039 2965 inter
2070 2895 2303 2965 fratres
2321 2903 2598 2982 nostros,
2634 2897 2992 2984 Mycaelem

747 3003 1000 3073 scilicet
1050 3004 1366 3073 Comitem
1415 3024 1498 3073 ex
1547 3025 1678 3073 una
1711 3010 1915 3092 parte,
1967 3012 2032 3074 et
2064 3003 2509 3074 Lanceredum
2558 3004 2871 3072 Comitem
2912 3024 2993 3072 ex

750 3111 960 3180 altera
992 3131 1186 3201 super
1237 3110 1563 3181 divisione
1595 3113 2083 3200 possessionum
2136 3121 2364 3183 exorta
2408 3116 2666 3182 fuerunt
2696 3111 2892 3202 (ig-y),
2926 3120 2993 3181 ut

748 3221 915 3288 inter
947 3220 1127 3309 ipsos
1162 3222 1347 3309 pacis
1379 3220 1821 3308 tranquillitas
1851 3243 1969 3291 seu
2015 3220 2362 3292 concordia
2400 3221 2873 3310 reformaretur,
2907 3221 2994 3288 ad

747 3336 1036 3397 nostram
1056 3339 1474 3399 accesserunt
1505 3331 1952 3417 presenciam3
1987 3332 2098 3416 qui
2130 3330 2281 3399 licet
2300 3328 2554 3398 diucius
2587 3348 2781 3400 uoces
2799 3350 2993 3418 super

746 3437 921 3505 facto
955 3443 1377 3523 mutuassent‚
1411 3445 1629 3505 tamen
1663 3437 1749 3506 ad
1780 3438 2062 3506 inuicem
2094 3438 2460 3507 omnimode
2497 3437 2848 3505 secundum
2878 3460 3005 3526 pa·-

747 3544 841 3613 cis
895 3545 1288 3614 instanciam
1319 3545 1783 3632 discesserunt,
1837 3547 2058 3614 taliter
2088 3552 2308 3613 tamen
2344 3546 2586 3613 factum
2635 3547 2993 3634 possessio·

744 3671 899 3721 num
951 3653 1359 3733 ordinantes,
1409 3661 1483 3720 nt
1532 3653 1844 3741 deinceps
1892 3656 1961 3720 in
2012 3654 2191 3721 nullo
2241 3653 2508 3721 racione
2560 3655 3009 3740 possessionis·

743 3760 1074 3852 predictus
1123 3761 1196 3827 L.
1250 3761 1565 3828 Comitem
1617 3762 2028 3846 Mychaelem
2080 3768 2435 3849 pretaxate
2490 3761 2593 3828 uel
2650 3763 2994 3832 molestare

742 3872 982 3941 debeat
1011 3869 1116 3937 uel
1149 3876 1501 3957 presumat,
1556 3892 1703 3938 cum
1737 3873 1999 3940 omnino
2032 3870 2207 3938 idem
2248 3871 2480 3938 Comes
2515 3872 2600 3939 Μ.
2634 3872 2997 3940 racionabi-

744 3983 895 4051 liter
942 3982 1028 4049 sit
1079 3986 1428 4049 excusatus
1482 3988 1547 4048 et
1596 3989 1943 4069 separatus
1994 3982 2063 4048 in
2116 3981 2437 4049 diuisione
2488 3984 2994 4067 possessionum.

743 4093 920 4159 Inter
940 4128 1027 4139 -
1053 4129 1133 4139 —
1155 4089 1273 4157 bat
1323 4089 1531 4157 eciam
1564 4089 1799 4159 Comes
1832 4093 1901 4158 L.
1921 4144 1937 4176 ,
1992 4098 2063 4158 ut
2108 4092 2394 4175 quadam
2445 4096 2621 4158 terra
2653 4093 2780 4160 sita
2829 4093 2999 4161 inter

744 4202 1126 4272 Drauuaam
1177 4205 1244 4266 et
1273 4200 1542 4287 Muram,
1597 4222 1725 4286 que
1754 4208 2130 4269 nosceretur
2164 4238 2252 4249 —
2282 4237 2370 4249 --
2412 4238 2493 4250 --
2524 4208 2735 4268 —ter
2766 4200 2995 4269 eodem

746 4310 937 4377 modo
958 4348 1045 4359 -
1073 4347 1151 4356 —
1177 4333 1266 4357 —·—
1283 4348 1372 4358 —
1391 4347 1480 4357 —
1506 4309 1593 4377 ad
1623 4309 1838 4397 ipsum
1861 4316 2085 4397 posset
2106 4310 2450 4396 pertinere,
2488 4310 2770 4394 qualiter
2788 4311 2997 4379 eciam

745 4420 980 4485 attinet
1029 4417 1116 4483 ad
1168 4419 1484 4485 Comitem
1535 4419 1920 4504 Mycaelcm,
1973 4438 2168 4504 super
2197 4439 2324 4502 quo
2377 4419 2583 4483 eciam
2638 4417 2867 4485 Comes
2910 4420 2995 4485 M.

746 4524 1163 4607 contradixit,
1199 4533 1264 4592 et
1296 4525 1622 4593 iusticiam
1656 4546 1841 4593 suam
1876 4524 2362 4594 racionabiliter
2401 4524 2886 4612 demonstrauit,
2922 4537 2995 4594 ut

742 4634 809 4699 in
845 4634 1021 4700 nullo
1057 4631 1144 4704 ad
1178 4633 1664 4701 iuridiccionem
1706 4634 1978 4703 Comitis
2011 4636 2083 4701 1..
2115 4632 2482 4721 pertineret,
2535 4632 2654 4701 sed
2684 4634 2831 4720 ipse
2862 4656 2998 4703 om-
