3359 5250
1828 350 1960 415 512

765 565 924 632 ram,
977 567 1170 631 quam
1221 545 1574 632 assumpsit
1623 543 1935 631 predictis
1968 543 2124 611 viris
2175 542 2334 611 dare
2372 564 2494 631 pro
2542 541 2837 630 pignore,
2897 560 3032 606 non

763 656 1054 742 dcdcrit;
1090 657 1334 725 eisdem
1358 655 1516 723 dare
1549 654 1876 721 tenebitur
1897 674 2039 720 cum
2073 654 2341 741 dupplo.
2372 653 2443 720 Si
2475 673 2632 720 uero
2666 650 3030 718 eorundem

763 764 1151 831 arbitrorum
1191 764 1462 832 arbitrio
1495 784 1623 831 non
1658 764 1996 849 paruerint
2027 760 2185 828 dicti
2218 762 2361 849 viri,
2396 769 2656 845 terram,
2697 780 2824 844 que
2855 759 3028 845 ipsis

762 891 881 956 pro
912 871 1188 956 pignore
1219 870 1498 956 dabitur,
1546 870 1918 936 amitterent
1949 870 2096 956 ipso
2129 868 2325 936 facto.
2381 867 2542 934 Item
2574 867 2750 934 idem
2784 866 3022 936 Comes

763 978 1078 1044 Martinus
1116 976 1424 1065 predictis
1460 977 1618 1044 viris
1658 977 2017 1065 assumpsit
2061 978 2321 1044 soluere
2353 975 2579 1043 decem
2611 994 2889 1059 marcas,
2940 992 3027 1038 ex

764 1084 996 1167 quibus
1028 1086 1315 1169 quinque
1335 1103 1592 1151 marcas
1623 1084 1883 1170 argenti
1916 1083 2163 1152 eisdem
2183 1082 2499 1169 persoluit
2529 1102 2747 1149 coram
2787 1082 2978 1149 nobis
3009 1105 3026 1165 3

761 1193 931 1260 alias
964 1212 1119 1261 uero
1171 1192 1455 1281 quinque
1485 1214 1745 1260 marcas
1780 1194 1845 1258 in
1878 1193 2304 1260 estimacione
2357 1191 2687 1277 condigna
2724 1211 2871 1258 cum
2911 1191 3025 1257 bo-

763 1300 905 1384 bus,
959 1307 1025 1367 et
1055 1321 1183 1368 non
1223 1300 1374 1387 aliJs
1404 1301 1617 1386 rebus,
1667 1302 1882 1368 soluet
1912 1302 2121 1368 tercia
2172 1299 2480 1368 feriarum
2530 1298 2835 1386 proxima
2873 1307 3029 1385 post

763 1413 1033 1475 octauas
1080 1410 1291 1475 Pasce
1337 1428 1555 1475 coram
1590 1409 1893 1496 Capitulo
1943 1409 2166 1476 Ferrei
2218 1408 2471 1494 Castri;
2530 1427 2694 1493 quas
2746 1404 2866 1491 (si)
2897 1426 3021 1471 nec

762 1521 915 1582 tunc
936 1516 1345 1602 persoluerit,
1369 1518 1651 1603 quinque
1672 1538 1948 1602 marcaS,
1985 1538 2151 1603 quas
2173 1520 2356 1604 prius
2380 1516 2715 1604 persoluit,
2738 1514 3020 1599 amittet,

764 1630 829 1690 et
874 1622 1334 1691 nichilominus
1383 1626 1649 1692 easdem
1701 1625 1928 1694 decem
1960 1645 2216 1694 marcas
2267 1626 2525 1693 soluere
2574 1621 2905 1691 tenebitur
2935 1642 3021 1687 ex

763 1731 1036 1817 integro.
1086 1732 1226 1801 Hoc
1257 1733 1532 1820 adiect0,
1583 1734 1756 1819 quod
1791 1734 2087 1821 predium
2139 1732 2409 1802 Comitis
2434 1726 2708 1800 'Martini
2757 1730 3024 1798 nomine

762 1840 921 1926 Har,
973 1840 1042 1907 in
1072 1842 1250 1925 quod
1281 1841 1610 1929 predictos
1643 1843 1820 1911 viros
1873 1843 2234 1911 feceramus
2269 1841 2609 1926 introduci,
2660 1838 2862 1925 ijdem
2895 1837 3020 1904 viri

763 1950 849 2016 ab
880 1947 1072 2017 hodie
1103 1945 1576 2037 restit(u)erunt
1605 1951 1887 2017 Martino
1927 1949 2163 2018 Comiti
2210 1949 2609 2037 supradicto.
2639 1949 2790 2034 Hijs
2820 1946 3026 2032 igitur

763 2075 880 2143 per
928 2056 1202 2123 eundem
1254 2053 1569 2123 Comitem
1619 2058 1970 2125 Martinam
2020 2059 2315 2146 plenarie
2362 2056 2711 2145 persolutis
2758 2064 2827 2124 et
2856 2075 3025 2122 com·

762 2163 958 2251 pletis
999 2163 1172 2233 idem
1204 2163 1541 2250 Martinus,
1578 2171 1644 2232 et
1685 2165 2036 2253 Chepanus
2068 2167 2239 2234 filius
2272 2164 2612 2249 Cazmerii,
2663 2185 2743 2232 ac
2792 2183 3022 2230 omnes

675 2342 684 2346 ,
764 2270 882 2339 alii
913 2271 1177 2357 cognati
1211 2289 1451 2358 eorum,
1505 2291 1701 2358 super
1733 2271 2054 2340 diuisione
2090 2273 2172 2340 de
2202 2271 2728 2360 possessionibus
2763 2270 3015 2356 Chepa·

763 2397 915 2445 num
949 2375 1121 2467 (igy)
1177 2377 1507 2463 quondam
1547 2380 1714 2448 Bani
1764 2380 2092 2467 predictos
2141 2380 2316 2449 viros
2366 2382 2785 2467 contingente
2832 2385 3020 2447 erunt

763 2485 1052 2574 expediti
1081 2492 1146 2552 et
1177 2487 1436 2573 penitus
1466 2487 1774 2572 absoluti,
1806 2508 1885 2555 ac
1918 2488 2151 2574 littere,
2187 2496 2413 2555 contra
2446 2488 2763 2557 Comitem
2796 2489 3047 2555 Marti-⁴

763 2614 915 2664 num
946 2593 1258 2662 hactenus
1312 2596 1679 2683 impetrate,
1719 2597 2126 2666 habebuntur
2174 2597 2354 2665 irrite
2388 2603 2453 2664 et
2482 2599 2733 2665 inanes.
2788 2599 3017 2665 Partes

765 2704 974 2772 eciam
1025 2724 1250 2772 omnes
1301 2725 1576 2790 causas,
1642 2726 1996 2793 omnesque
2046 2708 2504 2775 contenciones
2556 2725 2759 2790 usque
2821 2705 3021 2772 hodie

767 2813 1115 2880 uentilatas
1168 2819 1388 2881 mutuo
1422 2813 1820 2882 sedauerunt
1872 2817 1986 2902 ita,
2041 2826 2113 2884 ut
2144 2818 2384 2884 nullius
2435 2817 2690 2902 penitus
2725 2816 2859 2881 sint
2892 2837 3021 2881 mo-

765 2921 988 2989 menti.
1039 2921 1554 3007 Assumpserunt
1602 2921 1870 3009 insuper
1903 2922 2104 3009 ijdem
2134 2925 2284 3009 uiri,
2337 2922 2507 3008 quod
2539 2924 2877 3009 premissis
2920 2942 3021 2990 sc·

763 3026 978 3094 riatim
1011 3029 1296 3116 peractis
1349 3031 1666 3098 accedent
1699 3033 1784 3097 ad
1813 3032 2219 3118 presenciam
2260 3032 2563 3099 Albensis
2597 3030 2905 3118 Capituli,
2956 3036 3023 3097 et

764 3137 1010 3204 dabunt
1040 3157 1238 3224 super
1268 3139 1501 3207 eadem
1531 3140 1992 3208 satisfaccione
2023 3140 2262 3208 Comiti
2293 3140 2575 3207 Martino
2608 3140 2865 3207 litteras
2897 3138 3020 3206 Ca·

763 3244 957 3329 pituli
1012 3247 1373 3333 memorati,
1423 3255 1575 3315 tunc
1624 3245 1932 3316 uidelicet
1980 3269 2124 3315 cum
2176 3269 2294 3334 per
2342 3246 2670 3315 hominem
2724 3246 3015 3334 Capituli

763 3353 986 3420 Ferrei
1018 3350 1232 3420 Castri
1281 3355 1517 3423 suerint
1564 3357 1837 3423 euocati.
1894 3359 2137 3423 Datum
2168 3357 2234 3424 in
2271 3357 2526 3424 Oronas
2557 3355 2622 3421 in
2664 3356 3016 3424 Dominica

765 3461 1023 3550 Judica‚
1055 3482 1225 3532 anno
1257 3464 1520 3531 Domini
1552 3465 1642 3531 Μθ
1665 3462 1796 3530 CC⁰
1816 3466 1895 3530 L⁰
1926 3485 2120 3532 nono,

911 3663 1014 3730 (Az
1039 3663 1240 3716 eredeti
1265 3659 1398 3714 utan
1424 3660 1568 3717 Rath
1592 3663 1818 3730 Karoly,
1845 3664 2022 3717 Hazai
2047 3662 2387 3731 Okmhnytar
2412 3666 2505 3717 lv.
2534 3666 2650 3719 kot.
2672 3666 2760 3720 38.
2788 3661 2851 3732 l.)

1629 3954 1827 3962 ...ᾳ-ἡ-
1837 3955 1923 3962 -.-
1940 3957 1949 3961 -
1961 3957 1965 3961 >
