3359 5250
1466 920 1620 986 240.

415 1107 514 1171 Az
547 1109 683 1191 eqri
710 1103 1136 1190 kdptalannak
1172 1102 1707 1187 bizotaeysa‘ylec·elc·,
1761 1099 1922 1183 ltogyy
1968 1098 2325 1180 Berechey·i
2362 1094 2573 1158 Istva'n
2609 1098 2669 1155 eb

413 1217 638 1294 tzirsai,
672 1219 913 1278 ίεείυὸνε
933 1213 999 1277 F
988 1213 1125 1299 ylke
1160 1213 1515 1297 n2096lp'sctre
1548 1216 1722 1273 πάττε
1746 1209 1995 1273 ΙΙῙοιϊαί
2028 1206 2291 1291 Chyzzel
2326 1209 2669 1289 eqyesseyv·e

1324 1318 1532 1406 le'ptek.
1571 1318 1760 1384 1252.

654 1521 900 1586 Amicis
951 1523 1086 1588 suis
1136 1519 1535 1588 Reuerendis
1587 1517 1945 1586 Conuentui
1998 1518 2291 1584 Ecclesie
2341 1516 2425 1582 de
2474 1517 2667 1583 Lelez

414 1629 729 1695 Nicolaus
779 1627 862 1696 de
895 1627 1073 1695 Gara
1103 1629 1311 1711 Regni
1345 1628 1683 1710 Hungarie
1714 1627 2052 1693 Palatinus
2091 1632 2156 1690 et
2187 1625 2226 1691 J
2235 1624 2402 1691 udex
2435 1622 2664 1692 Coma-

415 1758 641 1803 norum
678 1736 1042 1804 amiciciam
1094 1746 1396 1823 paratam
1429 1756 1573 1802 cum
1607 1736 1872 1804 honore.
1926 1733 2277 1815 Noucritis,
2314 1733 2489 1818 quod
2521 1752 2666 1798 cum

415 1865 534 1910 nos
566 1845 651 1909 ad
687 1843 1045 1929 legitimam
1078 1843 1466 1931 peticionem
1489 1844 1689 1910 Marci
1726 1843 1839 1927 filij
1874 1841 2157 1909 Mathius
2189 1841 2271 1908 de
2304 1841 2482 1927 Isiph
2516 1858 2661 1906 cum

416 1951 710 2019 Vilberto
745 1952 877 2020 filio
912 1951 1235 2021 Johannis
1268 1953 1351 2019 de
1382 1953 1532 2018 Wul
1565 1951 1791 2039 Regio,
1828 1972 1949 2019 nec
1984 1972 2111 2018 non
2146 1951 2445 2018 Johanne
2477 1945 2665 2033 Capi-

416 2059 534 2126 tuli
567 2059 859 2126 Ecclesie
888 2060 1195 2127 Albensis
1230 2050 1621 2146 hominibus,
1672 2065 1962 2128 nostrum
2003 2059 2325 2128 hominem
2357 2056 2667 2124 videlicet

419 2166 803 2251 Gregerium
835 2166 1035 2234 filium
1066 2168 1326 2236 Nicolai
1358 2167 1439 2234 de
1470 2167 1718 2234 Inanch
1770 2168 1857 2234 ad
1887 2164 2372 2253 infrascriptam
2412 2181 2667 2252 posses-

416 2274 772 2342 sionariam
793 2276 1385 2344 reambulacionem
1419 2283 1484 2344 et
1515 2283 1832 2343 metarum
1856 2273 2256 2342 ereccionem
2295 2271 2663 2340 faciendam

414 2381 499 2448 de
531 2379 1064 2466 congregacione
1095 2390 1317 2450 nostra
1339 2380 1652 2449 Generali
1674 2380 2098 2448 Vniuersitati
2128 2378 2463 2447 Nobilium
2486 2379 2665 2444 Zem-

415 2488 761 2573 pliniensis
793 2498 858 2557 et
889 2491 972 2556 de
1001 2491 1150 2575 Vng
1181 2492 1614 2559 Comitatuum
1663 2490 1833 2558 feria
1864 2489 2152 2557 secunda
2183 2488 2480 2576 proxima
2517 2494 2667 2574 post

415 2597 652 2666 festum
687 2598 876 2666 Beati
898 2597 1164 2685 Georgij
1199 2598 1486 2667 martiris
1517 2598 1580 2665 in
1618 2618 1790 2667 anno
1831 2598 2126 2686 proxime
2157 2603 2489 2666 transacto
2523 2616 2664 2684 pre-

414 2705 617 2775 terita
644 2727 850 2794 prope
901 2708 1232 2775 ciuitatem
1281 2709 1496 2777 Patak
1547 2708 1878 2775 celebrata
1928 2707 2478 2791 destinassemus;
2521 2711 2659 2773 tan-

418 2814 567 2881 dem
617 2814 820 2901 ijdem
853 2815 1089 2882 exinde
1136 2814 1225 2881 ad
1255 2816 1532 2882 eandem
1583 2815 2180 2900 Congregacionem
2234 2820 2525 2880 nostram
2576 2811 2665 2880 ad

416 2944 539 2991 nos
568 2925 819 2991 reuersi
851 2924 1254 2992 concorditer
1285 2924 1639 2991 retulerunt
1669 2923 1796 2990 stb.
1834 2924 2039 3010 (hogy
2074 2922 2295 2989 midbn
2326 2922 2504 2989 Senk
2538 2921 2661 2988 bir-

413 3031 707 3097 tokanak
731 3033 1046 3118 Zemplen
1073 3033 1435 3118 megyeben
1469 3032 1755 3100 hatarait
1785 3031 2069 3097 akartak
2092 3031 2433 3117 megjarni,
2473 3034 2667 3116 „tunc

418 3138 827 3222 Benedictus,
893 3139 1182 3205 Jacobus
1235 3147 1301 3207 et
1347 3139 1703 3206 Ladizlaus
1752 3140 1868 3224 filij
1925 3138 2190 3226 Gyapal
2239 3138 2324 3205 de
2374 3137 2660 3232 Morwa“

422 3245 889 3328 ellemondtak,
941 3266 984 3312 a
1015 3247 1214 3312 mibcl
1246 3267 1361 3333 per
1392 3247 1809 3331 keletkezett,
1865 3247 2042 3332 mely
2074 3265 2117 3310 a
2146 3246 2356 3314 nador
2392 3250 2464 3312 es
2497 3245 2666 3312 biro-

414 3355 623 3421 tarsai
643 3354 803 3422 elctt
831 3351 1214 3442 lefolyvz'zn),
1251 3389 1336 3401 —-
1358 3392 1444 3402 --
1478 3359 1544 3419 et
1576 3353 1819 3421 ibidem
1843 3355 2130 3422 Jacobus
2152 3352 2353 3439 (filius
2384 3352 2666 3420 Michae-

414 3460 497 3528 lis
548 3459 632 3528 de
682 3461 917 3548 Isiph),
969 3460 1289 3546 quasdam
1339 3461 1594 3528 litteras
1641 3460 1930 3548 Capituli
1980 3460 2276 3528 Ecclesie
2324 3460 2663 3543 Agriensis

412 3568 861 3653 priuilegiales
894 3569 1247 3654 alphabeto
1284 3566 1630 3635 intercisas
1662 3588 1837 3636 anno
1870 3567 2133 3636 Domini
2174 3567 2522 3636 millesimo
2551 3570 2661 3635 du·

415 3676 774 3744 centesimo
806 3675 1352 3762 quinquagesimo
1386 3674 1669 3744 secundo
1702 3683 1964 3743 exortas
1994 3676 2184 3743 nobis
2234 3684 2527 3745 curasset
2558 3678 2662 3745 de·

411 3793 774 3853 monstrare
823 3785 1252 3869 continentes,
1305 3783 1482 3869 quod
1512 3785 1886 3872 Stephanus
1917 3785 2000 3852 de
2029 3785 2387 3871 Berechey,
2438 3784 2657 3854 Domi-

411 3893 598 3960 nicus
629 3891 713 3958 de
747 3892 1012 3980 Cheley‚
1045 3893 1292 3959 Stanch
1326 3891 1409 3960 de
1435 3892 1642 3980 Isiph,
1673 3895 1872 3978 Mogh
1907 3893 1990 3961 de
2027 3895 2258 3979 bozon,
2305 3895 2549 3980 Symon
2580 3893 2665 3961 (16

406 4001 610 4084 Luch,
646 4001 942 4068 Radwan
974 4001 1058 4068 de
1079 4002 1522 4088 McggeschW,
1553 4002 1800 4088 Symon
1836 4003 2008 4070 filius
2040 4002 2330 4071 Marcelli
2366 4001 2447 4069 de
2477 4003 2666 4069 Zada

405 4108 490 4174 de
520 4128 765 4192 genere
795 4110 1020 4193 Begad
1040 4148 1130 4158 —
1160 4144 1237 4158 —-·
1259 4130 1406 4178 wan
1439 4132 1520 4178 ex
1538 4132 1670 4177 vna
1702 4117 1909 4197 parte,
1949 4112 2035 4178 ab
2066 4113 2276 4178 altera
2306 4131 2460 4178 vero
2482 4111 2662 4195 Chyz

407 4214 490 4281 de
510 4216 764 4282 Morwa
793 4213 876 4281 de
910 4215 1137 4281 eodem
1173 4234 1414 4301 genere
1443 4217 1880 4303 personaliter
1899 4236 2120 4283 coram
2160 4215 2336 4285 dicto
2357 4216 2661 4303 Capitulo

405 4321 760 4404 constituti,
814 4321 1096 4390 confessi
1130 4322 1519 4409 extitissent,
1574 4324 1745 4408 quod
1779 4343 1896 4408 per
1928 4324 2264 4391 arbitrium
2313 4324 2663 4411 proborum

406 4430 693 4497 virorum
743 4449 864 4515 pro
897 4435 1106 4496 morte
1135 4430 1351 4514 Fylke
1380 4430 1601 4498 fratris
1631 4430 1952 4516 Stephani
2002 4430 2315 4497 antedicti
2362 4432 2428 4498 in
2462 4435 2660 4499 talem

408 4536 593 4623 pacis
620 4536 923 4605 vnionem
944 4536 1399 4626 deuenissent;
1442 4539 1615 4623 quod
1650 4539 1821 4606 idem
1843 4539 2025 4623 Ohyz
2058 4539 2385 4625 quandam
2417 4547 2663 4608 terram

405 4665 591 4714 suam
625 4681 712 4693 —-
734 4683 812 4694 -
847 4646 966 4712 che
999 4643 1234 4713 dictam
1267 4682 1789 4697 —————
1810 4646 1890 4712 ch
1923 4652 2398 4734 nuncupatam,
2444 4656 2509 4716 et
2541 4657 2662 4716 ter-
