3359 5250
1358 359 1489 427 267

1346 929 1499 1000 185.

273 1112 326 1176 Ι
339 1113 399 1177 V.
449 1112 630 1177 Ineze
677 1114 854 1198 pcipa
888 1111 1125 1176 Daniel
1170 1114 1477 1198 galicziai
1511 1111 1744 1199 h‘rdlyt
1776 1112 2027 1197 felke'ffl
2079 1114 2238 1198 hoqy
2288 1136 2328 1177 a
2359 1118 2550 1176 πώποτ

267 1221 441 1285 read
475 1222 753 1308 lovayait
780 1222 1063 1297 etr-resitue,
1113 1220 1198 1283 ha
1244 1243 1284 1284 a
1325 1220 1568 1285 tatdrok
1614 1220 1958 1306 kereszte'ny
1973 1220 2192 1303 fb'ldre
2241 1224 2406 1285 tb’rni
2451 1220 2543 1283 ke-

1164 1326 1433 1407 sziilnek,
1473 1326 1663 1393 7248.

492 1521 917 1590 Innocentius
955 1521 1324 1608 Episcopus
1374 1539 1603 1588 servus
1653 1540 1990 1589 servorum
2021 1521 2150 1589 Dei
2205 1522 2544 1589 carissimo

269 1630 414 1698 filio
449 1629 712 1697 Danieli
741 1629 909 1714 Regi
939 1628 1174 1698 Russie
1204 1628 1474 1714 Illustri‚
1524 1632 1806 1698 salutem
1837 1639 1903 1699 et
1933 1630 2380 1716 Apostolicam
2432 1631 2540 1697 be-

271 1736 738 1805 nedictionem.
787 1737 958 1817 Quia
989 1737 1285 1824 pericula
1330 1745 1602 1824 possunt
1628 1736 1892 1806 facilius
1923 1737 2178 1824 evitari,
2226 1737 2286 1805 si
2317 1746 2544 1804 contra

273 1845 431 1931 ipsa
479 1866 595 1931 per
643 1845 1056 1933 providentie
1104 1847 1389 1933 clipeum
1437 1847 1829 1929 muniamur,
1880 1846 2312 1915 Serenitatem
2360 1855 2542 1915 tuam

203 1986 210 1991 ·
271 1972 609 2039 rogamus,
644 1973 999 2040 monemus,
1032 1960 1097 2020 et
1125 1953 1463 2022 hortamur
1496 1961 1764 2034 attente,
1799 1961 2098 2039 petentes
2128 1975 2247 2042 pro
2279 1975 2541 2023 munere

268 2061 573 2145 speciali,
602 2067 925 2146 quatenus
957 2079 1156 2146 quam
1186 2063 1316 2130 cito
1348 2061 1467 2129 tibi
1494 2061 1877 2146 constiterit,
1911 2061 2085 2146 quod
2119 2063 2542 2130 Tartarorum

271 2168 602 2235 exercitus
633 2187 863 2236 versus
917 2168 1469 2237 christianitatem
1518 2168 1768 2254 dirigat
1803 2188 2071 2254 gressus
2120 2188 2295 2254 suos,
2345 2170 2414 2236 id
2446 2168 2541 2235 di-

271 2278 464 2344 lectis
507 2276 660 2344 filiis
705 2275 1017 2344 fratribus
1063 2276 1148 2345 de
1184 2277 1376 2345 domo
1408 2277 1812 2347 Theotonica
1843 2279 1912 2344 in
1961 2277 2197 2346 Russie
2248 2277 2542 2363 partibus

268 2384 847 2468 commorantibus,
899 2383 1202 2451 intimare
1248 2404 1591 2471 procures;
1641 2392 1714 2451 ut
1762 2404 1908 2451 cum
1941 2386 2065 2452 hoc
2113 2405 2228 2472 per
2276 2382 2543 2451 eosdem

265 2489 512 2558 fratres
546 2491 632 2558 ad
681 2490 983 2561 notitiam
1015 2499 1307 2560 nostram
1354 2491 1747 2583 pervenerit,
1799 2490 2088 2577 qualiter
2119 2490 2281 2578 ipsis
2314 2492 2537 2558 Tarta-

271 2597 370 2665 ris
398 2597 677 2666 viriliter
708 2618 854 2665 cum
885 2598 1012 2665 Dei
1044 2596 1371 2682 adJutorio
1404 2596 1810 2684 resistamus,
1860 2599 2191 2686 possimus
2225 2599 2539 2667 maturius

267 2704 590 2791 cogitare.
642 2709 890 2773 Datum
939 2705 1244 2790 Lugduni
1275 2693 1392 2774 XI.
1427 2705 1755 2775 kalendas
1792 2707 2157 2791 Februarii,
2197 2707 2539 2775 Pontifica-

268 2823 383 2879 tus
414 2814 620 2882 nostri
652 2834 825 2881 anno
858 2811 1108 2897 quinto.

564 3008 901 3081 (Tui-genem
925 3013 1202 3065 Historica
1226 3010 1456 3066 Russiae
1480 3014 1832 3074 monimenta,
1860 3012 1903 3065 Ι.
1930 3014 2048 3065 leot.
2075 3014 2160 3064 68.
2189 3013 2247 3078 l.)

1146 3297 1659 3311 ———-—-———=—

1332 3741 1487 3812 186.

255 3926 312 3991 -I
323 3924 393 3989 V.
427 3923 604 3989 lnczc
647 3928 824 4008 pdpa
871 3945 912 3986 a
942 3925 1187 4009 seqniai
1225 3923 1582 4011 pilspo'lcnek
1629 3922 2220 4008 meyenqedi,‘hoqy
2273 3922 2532 4007 ethcizi

518 4030 886 4116 kb‘nyveiben
917 4054 957 4095 a
991 4031 1303 4118 ylaqolita
1333 4030 1562 4096 befflkct
1590 4029 2061 4095 haszndlhassa.
2114 4028 2307 4093 1248.

487 4223 908 4294 Innocentius
939 4224 1309 4313 Episcopus
1357 4244 1587 4293 seruus
1635 4242 1973 4292 seruorum
2024 4224 2150 4293 Dei
2183 4226 2537 4293 venerabili

257 4333 458 4400 fratri
493 4383 510 4400 .
547 4382 564 4401 .
604 4380 622 4398 .
655 4332 987 4420 Episcopo
1018 4333 1316 4401 Seniensi
1345 4333 1622 4402 salutem
1655 4338 1722 4400 ct
1752 4332 2203 4419 Apostolicam
2234 4333 2537 4400 benedic-

266 4440 542 4509 tionem.
578 4439 891 4506 Porrecta
921 4437 1112 4507 nobis
1141 4447 1259 4507 tua
1288 4438 1516 4524 petitio
1548 4438 1946 4522 continebat,
1981 4437 2154 4524 quod
2184 4439 2254 4506 in
2281 4439 2542 4507 Sclauo-

265 4547 387 4612 nia
417 4553 521 4612 est
555 4546 777 4614 littera
808 4544 1142 4632 specialis,
1189 4565 1387 4632 quam
1417 4545 1593 4614 illius
1643 4552 1813 4613 terre
1842 4546 2066 4614 clerici
2112 4565 2186 4613 se
2216 4545 2464 4614 habere
2498 4566 2542 4612 a

268 4654 479 4722 Beato
511 4649 872 4722 Jeronimo'
899 4663 1289 4738 asserentes,
1328 4673 1476 4722 eam
1507 4655 1862 4724 obseruant
1891 4655 1961 4722 in
1992 4652 2258 4722 Diuinis
2288 4651 2541 4722 Officiis
