<?xml version="1.0" encoding="UTF-8"?>
<!DOCTYPE html PUBLIC "-//W3C//DTD XHTML 1.0 Transitional//EN"
    "http://www.w3.org/TR/xhtml1/DTD/xhtml1-transitional.dtd">
<html xmlns="http://www.w3.org/1999/xhtml" xml:lang="en" lang="en">
 <head>
  <title>
</title>
<meta http-equiv="Content-Type" content="text/html;charset=utf-8" />
  <meta name='ocr-system' content='tesseract 3.04.00' />
  <meta name='ocr-capabilities' content='ocr_page ocr_carea ocr_par ocr_line ocrx_word'/>
</head>
<body>
  <div class='ocr_page' id='page_1' title='image "./codexdiplomatic09unkngoog_0076.png"; bbox 0 0 3359 5250; ppageno 0'>
   <div class='ocr_carea' id='block_1_1' title="bbox 1686 276 1770 342">
    <p class='ocr_par' dir='ltr' id='par_1_1' title="bbox 1686 276 1770 342">
     <span class='ocr_line' id='line_1_1' title="bbox 1686 276 1770 342; baseline -0.024 0"><span class='ocrx_word' id='word_1_1' title='bbox 1686 276 1770 342; x_wconf 88' lang='lat'><strong>38</strong></span> 
     </span>
    </p>
   </div>
   <div class='ocr_carea' id='block_1_2' title="bbox 1576 366 1894 378">
    <p class='ocr_par' dir='ltr' id='par_1_2' title="bbox 1576 366 1894 378">
     <span class='ocr_line' id='line_1_2' title="bbox 1576 366 1894 378; baseline 0 4872"><span class='ocrx_word' id='word_1_2' title='bbox 1576 366 1894 378; x_wconf 95' lang='lat' dir='ltr'><strong> </strong></span> 
     </span>
    </p>
   </div>
   <div class='ocr_carea' id='block_1_3' title="bbox 1674 848 1786 916">
    <p class='ocr_par' dir='ltr' id='par_1_3' title="bbox 1674 848 1786 916">
     <span class='ocr_line' id='line_1_3' title="bbox 1674 848 1786 916; baseline 0.018 -2"><span class='ocrx_word' id='word_1_3' title='bbox 1674 848 1786 916; x_wconf 80' lang='lat'><strong>24.</strong></span> 
     </span>
    </p>
   </div>
   <div class='ocr_carea' id='block_1_4' title="bbox 602 1045 2867 1241">
    <p class='ocr_par' dir='ltr' id='par_1_4' title="bbox 602 1045 2867 1241">
     <span class='ocr_line' id='line_1_4' title="bbox 604 1045 2867 1133; baseline -0 -19"><span class='ocrx_word' id='word_1_4' title='bbox 604 1047 886 1114; x_wconf 79' lang='lat' dir='ltr'><strong>Kdlma&#39;n</strong></span> <span class='ocrx_word' id='word_1_5' title='bbox 915 1049 1224 1133; x_wconf 75' lang='lat' dir='ltr'><strong>qalicziai</strong></span> <span class='ocrx_word' id='word_1_6' title='bbox 1252 1046 1469 1132; x_wconf 72' lang='lat' dir='ltr'><strong>kirdly</strong></span> <span class='ocrx_word' id='word_1_7' title='bbox 1501 1049 1565 1110; x_wconf 69' lang='lat'><strong>6⁸</strong></span> <span class='ocrx_word' id='word_1_8' title='bbox 1593 1046 1949 1112; x_wconf 70' lang='lat' dir='ltr'><strong>szlavoniai</strong></span> <span class='ocrx_word' id='word_1_9' title='bbox 1977 1048 2227 1133; x_wconf 76' lang='lat' dir='ltr'><strong>herczeq</strong></span> <span class='ocrx_word' id='word_1_10' title='bbox 2258 1045 2661 1112; x_wconf 66' lang='lat' dir='ltr'><strong>birtokcserCt</strong></span> <span class='ocrx_word' id='word_1_11' title='bbox 2693 1053 2867 1113; x_wconf 61' lang='lat' dir='ltr'><strong>taven</strong></span> 
     </span>
     <span class='ocr_line' id='line_1_5' title="bbox 602 1150 2866 1241; baseline 0.001 -23"><span class='ocrx_word' id='word_1_12' title='bbox 602 1154 927 1220; x_wconf 76' lang='lat' dir='ltr'><strong>Abraham</strong></span> <span class='ocrx_word' id='word_1_13' title='bbox 959 1152 1264 1234; x_wconf 63' lang='lat' dir='ltr'><strong>«semmel,</strong></span> <span class='ocrx_word' id='word_1_14' title='bbox 1301 1162 1395 1216; x_wconf 77' lang='lat' dir='ltr'><strong>ezt</strong></span> <span class='ocrx_word' id='word_1_15' title='bbox 1426 1153 1654 1217; x_wconf 71' lang='lat' dir='ltr'><strong>Pwkur</strong></span> <span class='ocrx_word' id='word_1_16' title='bbox 1688 1150 2047 1236; x_wconf 78' lang='lat' dir='ltr'><strong>(Pakracz)</strong></span> <span class='ocrx_word' id='word_1_17' title='bbox 2088 1153 2464 1219; x_wconf 76' lang='lat' dir='ltr'><strong>birtokdban</strong></span> <span class='ocrx_word' id='word_1_18' title='bbox 2493 1159 2866 1241; x_wconf 70' lang='lat' dir='ltr'><strong>meyerb&#39;siti.</strong></span> 
     </span>
    </p>
   </div>
   <div class='ocr_carea' id='block_1_5' title="bbox 1643 1263 1842 1327">
    <p class='ocr_par' dir='ltr' id='par_1_5' title="bbox 1643 1263 1842 1327">
     <span class='ocr_line' id='line_1_6' title="bbox 1643 1263 1842 1327; baseline -0.01 0"><span class='ocrx_word' id='word_1_19' title='bbox 1643 1263 1842 1327; x_wconf 84' lang='lat'><strong><em>1237.</em></strong></span> 
     </span>
    </p>
   </div>
   <div class='ocr_carea' id='block_1_6' title="bbox 608 1459 2879 4678">
    <p class='ocr_par' dir='ltr' id='par_1_6' title="bbox 608 1459 2879 4678">
     <span class='ocr_line' id='line_1_7' title="bbox 822 1459 2867 1545; baseline 0 -18"><span class='ocrx_word' id='word_1_20' title='bbox 822 1462 893 1527; x_wconf 81' lang='lat' dir='ltr'><strong>G.</strong></span> <span class='ocrx_word' id='word_1_21' title='bbox 946 1460 1071 1527; x_wconf 91' lang='lat' dir='ltr'><strong>Dei</strong></span> <span class='ocrx_word' id='word_1_22' title='bbox 1120 1460 1348 1545; x_wconf 78' lang='lat' dir='ltr'><strong>gracia</strong></span> <span class='ocrx_word' id='word_1_23' title='bbox 1393 1461 1536 1526; x_wconf 87' lang='lat' dir='ltr'><strong>Rex</strong></span> <span class='ocrx_word' id='word_1_24' title='bbox 1584 1466 1650 1525; x_wconf 94' lang='lat' dir='ltr'><strong>et</strong></span> <span class='ocrx_word' id='word_1_25' title='bbox 1682 1461 1835 1525; x_wconf 85' lang='lat' dir='ltr'><strong>Dux</strong></span> <span class='ocrx_word' id='word_1_26' title='bbox 1887 1459 2097 1525; x_wconf 91' lang='lat' dir='ltr'><strong>tocius</strong></span> <span class='ocrx_word' id='word_1_27' title='bbox 2147 1459 2494 1525; x_wconf 85' lang='lat' dir='ltr'><strong>Sclauonie</strong></span> <span class='ocrx_word' id='word_1_28' title='bbox 2546 1460 2867 1527; x_wconf 83' lang='lat' dir='ltr'><strong>vniuersis</strong></span> 
     </span>
     <span class='ocr_line' id='line_1_8' title="bbox 612 1567 2870 1658; baseline -0 -22"><span class='ocrx_word' id='word_1_29' title='bbox 612 1576 951 1658; x_wconf 80' lang='lat' dir='ltr'><strong>presentes</strong></span> <span class='ocrx_word' id='word_1_30' title='bbox 982 1569 1235 1634; x_wconf 81' lang='lat' dir='ltr'><strong>litteras</strong></span> <span class='ocrx_word' id='word_1_31' title='bbox 1283 1567 1677 1653; x_wconf 87' lang='lat' dir='ltr'><strong>inspecturis</strong></span> <span class='ocrx_word' id='word_1_32' title='bbox 1711 1569 1989 1633; x_wconf 90' lang='lat' dir='ltr'><strong>salutem</strong></span> <span class='ocrx_word' id='word_1_33' title='bbox 2020 1567 2088 1633; x_wconf 90' lang='lat' dir='ltr'><strong>in</strong></span> <span class='ocrx_word' id='word_1_34' title='bbox 2119 1586 2275 1634; x_wconf 86' lang='lat' dir='ltr'><strong>vero</strong></span> <span class='ocrx_word' id='word_1_35' title='bbox 2307 1568 2604 1635; x_wconf 87' lang='lat' dir='ltr'><strong>salutari.</strong></span> <span class='ocrx_word' id='word_1_36' title='bbox 2657 1569 2870 1637; x_wconf 85' lang='lat' dir='ltr'><strong>Noue-</strong></span> 
     </span>
     <span class='ocr_line' id='line_1_9' title="bbox 608 1675 2870 1762; baseline -0 -17"><span class='ocrx_word' id='word_1_37' title='bbox 608 1679 740 1745; x_wconf 91' lang='lat' dir='ltr'><strong>rint</strong></span> <span class='ocrx_word' id='word_1_38' title='bbox 769 1676 1063 1744; x_wconf 83' lang='lat' dir='ltr'><strong>vniuersi</strong></span> <span class='ocrx_word' id='word_1_39' title='bbox 1113 1675 1344 1760; x_wconf 87' lang='lat' dir='ltr'><strong>quibus</strong></span> <span class='ocrx_word' id='word_1_40' title='bbox 1377 1676 1546 1742; x_wconf 91' lang='lat' dir='ltr'><strong>scire</strong></span> <span class='ocrx_word' id='word_1_41' title='bbox 1578 1676 1960 1762; x_wconf 85' lang='lat' dir='ltr'><strong>expedierit,</strong></span> <span class='ocrx_word' id='word_1_42' title='bbox 2017 1675 2192 1761; x_wconf 91' lang='lat' dir='ltr'><strong>quod</strong></span> <span class='ocrx_word' id='word_1_43' title='bbox 2222 1695 2368 1742; x_wconf 87' lang='lat' dir='ltr'><strong>cum</strong></span> <span class='ocrx_word' id='word_1_44' title='bbox 2414 1675 2617 1743; x_wconf 85' lang='lat' dir='ltr'><strong>frater</strong></span> <span class='ocrx_word' id='word_1_45' title='bbox 2647 1684 2870 1744; x_wconf 89' lang='lat' dir='ltr'><strong>noster</strong></span> 
     </span>
     <span class='ocr_line' id='line_1_10' title="bbox 610 1782 2871 1869; baseline -0.001 -16"><span class='ocrx_word' id='word_1_46' title='bbox 610 1786 774 1855; x_wconf 88' lang='lat' dir='ltr'><strong>Bela</strong></span> <span class='ocrx_word' id='word_1_47' title='bbox 803 1787 945 1851; x_wconf 85' lang='lat' dir='ltr'><strong>Rex</strong></span> <span class='ocrx_word' id='word_1_48' title='bbox 973 1782 1462 1850; x_wconf 90' lang='lat' dir='ltr'><strong>Illustrissimus</strong></span> <span class='ocrx_word' id='word_1_49' title='bbox 1493 1782 1851 1869; x_wconf 82' lang='lat' dir='ltr'><strong>Hungarie‚</strong></span> <span class='ocrx_word' id='word_1_50' title='bbox 1888 1788 1952 1849; x_wconf 91' lang='lat' dir='ltr'><strong>et</strong></span> <span class='ocrx_word' id='word_1_51' title='bbox 1976 1803 2096 1849; x_wconf 91' lang='lat' dir='ltr'><strong>nos</strong></span> <span class='ocrx_word' id='word_1_52' title='bbox 2130 1782 2212 1848; x_wconf 90' lang='lat' dir='ltr'><strong>de</strong></span> <span class='ocrx_word' id='word_1_53' title='bbox 2242 1784 2563 1848; x_wconf 88' lang='lat' dir='ltr'><strong>communi</strong></span> <span class='ocrx_word' id='word_1_54' title='bbox 2595 1785 2871 1852; x_wconf 88' lang='lat' dir='ltr'><strong>consilio</strong></span> 
     </span>
     <span class='ocr_line' id='line_1_11' title="bbox 613 1890 2871 1979; baseline 0 -20"><span class='ocrx_word' id='word_1_55' title='bbox 613 1892 825 1979; x_wconf 85' lang='lat' dir='ltr'><strong>Regni</strong></span> <span class='ocrx_word' id='word_1_56' title='bbox 875 1892 1220 1959; x_wconf 85' lang='lat' dir='ltr'><strong>vniuersas</strong></span> <span class='ocrx_word' id='word_1_57' title='bbox 1271 1890 1744 1978; x_wconf 86' lang='lat' dir='ltr'><strong>perpetuitates</strong></span> <span class='ocrx_word' id='word_1_58' title='bbox 1795 1891 2123 1977; x_wconf 88' lang='lat' dir='ltr'><strong>superflue</strong></span> <span class='ocrx_word' id='word_1_59' title='bbox 2172 1897 2237 1956; x_wconf 89' lang='lat' dir='ltr'><strong>et</strong></span> <span class='ocrx_word' id='word_1_60' title='bbox 2285 1890 2603 1957; x_wconf 83' lang='lat' dir='ltr'><strong>inutiliter</strong></span> <span class='ocrx_word' id='word_1_61' title='bbox 2658 1890 2871 1959; x_wconf 80' lang='lat' dir='ltr'><strong>factas</strong></span> 
     </span>
     <span class='ocr_line' id='line_1_12' title="bbox 613 1994 2872 2085; baseline -0 -19"><span class='ocrx_word' id='word_1_62' title='bbox 613 1999 1024 2069; x_wconf 86' lang='lat' dir='ltr'><strong>reuocandas</strong></span> <span class='ocrx_word' id='word_1_63' title='bbox 1056 1998 1572 2065; x_wconf 87' lang='lat' dir='ltr'><strong>decreuissemus</strong></span> <span class='ocrx_word' id='word_1_64' title='bbox 1606 2004 1670 2063; x_wconf 91' lang='lat' dir='ltr'><strong>et</strong></span> <span class='ocrx_word' id='word_1_65' title='bbox 1702 2017 2195 2067; x_wconf 86' lang='lat' dir='ltr'><strong>reuocassemus</strong></span> <span class='ocrx_word' id='word_1_66' title='bbox 2232 1994 2315 2065; x_wconf 92' lang='lat' dir='ltr'><strong>ab</strong></span> <span class='ocrx_word' id='word_1_67' title='bbox 2348 1999 2687 2083; x_wconf 82' lang='lat' dir='ltr'><strong>omnibus3</strong></span> <span class='ocrx_word' id='word_1_68' title='bbox 2728 2020 2872 2085; x_wconf 91' lang='lat' dir='ltr'><strong>spe·</strong></span> 
     </span>
     <span class='ocr_line' id='line_1_13' title="bbox 614 2105 2872 2176; baseline 0 -1"><span class='ocrx_word' id='word_1_69' title='bbox 614 2109 870 2176; x_wconf 78' lang='lat' dir='ltr'><strong>cialiter</strong></span> <span class='ocrx_word' id='word_1_70' title='bbox 902 2109 1113 2175; x_wconf 87' lang='lat' dir='ltr'><strong>eciam</strong></span> <span class='ocrx_word' id='word_1_71' title='bbox 1146 2108 1231 2173; x_wconf 90' lang='lat' dir='ltr'><strong>ab</strong></span> <span class='ocrx_word' id='word_1_72' title='bbox 1263 2105 1557 2173; x_wconf 90' lang='lat' dir='ltr'><strong>Abraam</strong></span> <span class='ocrx_word' id='word_1_73' title='bbox 1590 2106 1844 2173; x_wconf 85' lang='lat' dir='ltr'><strong>Gemite</strong></span> <span class='ocrx_word' id='word_1_74' title='bbox 1873 2106 2009 2175; x_wconf 86' lang='lat' dir='ltr'><strong>filio</strong></span> <span class='ocrx_word' id='word_1_75' title='bbox 2041 2107 2339 2174; x_wconf 79' lang='lat' dir='ltr'><strong>Marcelli</strong></span> <span class='ocrx_word' id='word_1_76' title='bbox 2359 2106 2630 2175; x_wconf 85' lang='lat' dir='ltr'><strong>Comitis</strong></span> <span class='ocrx_word' id='word_1_77' title='bbox 2661 2115 2872 2175; x_wconf 89' lang='lat' dir='ltr'><strong>terras</strong></span> 
     </span>
     <span class='ocr_line' id='line_1_14' title="bbox 614 2213 2874 2301; baseline -0 -18"><span class='ocrx_word' id='word_1_78' title='bbox 614 2236 792 2300; x_wconf 89' lang='lat' dir='ltr'><strong>suas,</strong></span> <span class='ocrx_word' id='word_1_79' title='bbox 845 2217 903 2281; x_wconf 95' lang='lat' dir='ltr'><strong>si</strong></span> <span class='ocrx_word' id='word_1_80' title='bbox 937 2234 1063 2298; x_wconf 91' lang='lat' dir='ltr'><strong>que</strong></span> <span class='ocrx_word' id='word_1_81' title='bbox 1094 2213 1354 2280; x_wconf 85' lang='lat' dir='ltr'><strong>fuerant</strong></span> <span class='ocrx_word' id='word_1_82' title='bbox 1403 2214 1575 2280; x_wconf 90' lang='lat' dir='ltr'><strong>ultra</strong></span> <span class='ocrx_word' id='word_1_83' title='bbox 1604 2216 1920 2297; x_wconf 86' lang='lat' dir='ltr'><strong>Drauam‚</strong></span> <span class='ocrx_word' id='word_1_84' title='bbox 1973 2220 2037 2280; x_wconf 91' lang='lat' dir='ltr'><strong>et</strong></span> <span class='ocrx_word' id='word_1_85' title='bbox 2068 2234 2188 2281; x_wconf 86' lang='lat' dir='ltr'><strong>nos</strong></span> <span class='ocrx_word' id='word_1_86' title='bbox 2219 2215 2605 2300; x_wconf 76' lang='lat' dir='ltr'><strong>recepimus,</strong></span> <span class='ocrx_word' id='word_1_87' title='bbox 2654 2222 2874 2301; x_wconf 88' lang='lat' dir='ltr'><strong>preter</strong></span> 
     </span>
     <span class='ocr_line' id='line_1_15' title="bbox 613 2320 2873 2410; baseline -0 -20"><span class='ocrx_word' id='word_1_88' title='bbox 613 2330 859 2390; x_wconf 87' lang='lat' dir='ltr'><strong>terram</strong></span> <span class='ocrx_word' id='word_1_89' title='bbox 887 2321 1116 2388; x_wconf 83' lang='lat' dir='ltr'><strong>Pukur</strong></span> <span class='ocrx_word' id='word_1_90' title='bbox 1167 2339 1311 2387; x_wconf 89' lang='lat' dir='ltr'><strong>cum</strong></span> <span class='ocrx_word' id='word_1_91' title='bbox 1365 2320 1501 2389; x_wconf 89' lang='lat' dir='ltr'><strong>suis</strong></span> <span class='ocrx_word' id='word_1_92' title='bbox 1548 2321 1992 2407; x_wconf 78' lang='lat' dir='ltr'><strong>pertinenciis,</strong></span> <span class='ocrx_word' id='word_1_93' title='bbox 2049 2341 2241 2406; x_wconf 91' lang='lat' dir='ltr'><strong>quam</strong></span> <span class='ocrx_word' id='word_1_94' title='bbox 2291 2321 2416 2388; x_wconf 90' lang='lat' dir='ltr'><strong>sibi</strong></span> <span class='ocrx_word' id='word_1_95' title='bbox 2463 2329 2528 2388; x_wconf 94' lang='lat' dir='ltr'><strong>et</strong></span> <span class='ocrx_word' id='word_1_96' title='bbox 2558 2341 2676 2410; x_wconf 89' lang='lat' dir='ltr'><strong>per</strong></span> <span class='ocrx_word' id='word_1_97' title='bbox 2724 2343 2873 2389; x_wconf 88' lang='lat' dir='ltr'><strong>eum</strong></span> 
     </span>
     <span class='ocr_line' id='line_1_16' title="bbox 613 2428 2875 2521; baseline 0 -23"><span class='ocrx_word' id='word_1_98' title='bbox 613 2431 751 2499; x_wconf 89' lang='lat' dir='ltr'><strong>suis</strong></span> <span class='ocrx_word' id='word_1_99' title='bbox 783 2428 1134 2497; x_wconf 85' lang='lat' dir='ltr'><strong>heredibus</strong></span> <span class='ocrx_word' id='word_1_100' title='bbox 1165 2433 1479 2514; x_wconf 86' lang='lat' dir='ltr'><strong>perpetuo</strong></span> <span class='ocrx_word' id='word_1_101' title='bbox 1512 2428 1859 2496; x_wconf 89' lang='lat' dir='ltr'><strong>statuimus</strong></span> <span class='ocrx_word' id='word_1_102' title='bbox 1890 2429 2380 2521; x_wconf 85' lang='lat' dir='ltr'><strong>possidendam,</strong></span> <span class='ocrx_word' id='word_1_103' title='bbox 2428 2450 2548 2517; x_wconf 86' lang='lat' dir='ltr'><strong>pro</strong></span> <span class='ocrx_word' id='word_1_104' title='bbox 2582 2430 2716 2498; x_wconf 91' lang='lat' dir='ltr'><strong>suis</strong></span> <span class='ocrx_word' id='word_1_105' title='bbox 2751 2437 2875 2498; x_wconf 91' lang='lat' dir='ltr'><strong>ter-</strong></span> 
     </span>
     <span class='ocr_line' id='line_1_17' title="bbox 619 2536 2874 2623; baseline -0 -16"><span class='ocrx_word' id='word_1_106' title='bbox 619 2540 710 2607; x_wconf 91' lang='lat' dir='ltr'><strong>ris</strong></span> <span class='ocrx_word' id='word_1_107' title='bbox 743 2538 1045 2605; x_wconf 88' lang='lat' dir='ltr'><strong>omnibus</strong></span> <span class='ocrx_word' id='word_1_108' title='bbox 1077 2536 1422 2623; x_wconf 77' lang='lat' dir='ltr'><strong>empticiJs,</strong></span> <span class='ocrx_word' id='word_1_109' title='bbox 1477 2556 1602 2620; x_wconf 91' lang='lat' dir='ltr'><strong>que</strong></span> <span class='ocrx_word' id='word_1_110' title='bbox 1633 2536 1897 2602; x_wconf 82' lang='lat' dir='ltr'><strong>fuerant</strong></span> <span class='ocrx_word' id='word_1_111' title='bbox 1925 2537 2116 2605; x_wconf 90' lang='lat' dir='ltr'><strong>nobis</strong></span> <span class='ocrx_word' id='word_1_112' title='bbox 2172 2538 2561 2623; x_wconf 87' lang='lat' dir='ltr'><strong>necessarie,</strong></span> <span class='ocrx_word' id='word_1_113' title='bbox 2612 2546 2679 2606; x_wconf 91' lang='lat' dir='ltr'><strong>et</strong></span> <span class='ocrx_word' id='word_1_114' title='bbox 2709 2559 2874 2623; x_wconf 89' lang='lat' dir='ltr'><strong>quas</strong></span> 
     </span>
     <span class='ocr_line' id='line_1_18' title="bbox 619 2643 2873 2732; baseline 0.001 -19"><span class='ocrx_word' id='word_1_115' title='bbox 619 2647 795 2713; x_wconf 93' lang='lat' dir='ltr'><strong>idem</strong></span> <span class='ocrx_word' id='word_1_116' title='bbox 825 2648 1116 2715; x_wconf 87' lang='lat' dir='ltr'><strong>Abraam</strong></span> <span class='ocrx_word' id='word_1_117' title='bbox 1149 2643 1383 2711; x_wconf 85' lang='lat' dir='ltr'><strong>Comes</strong></span> <span class='ocrx_word' id='word_1_118' title='bbox 1433 2643 1624 2712; x_wconf 90' lang='lat' dir='ltr'><strong>nobis</strong></span> <span class='ocrx_word' id='word_1_119' title='bbox 1656 2644 1741 2720; x_wconf 92' lang='lat' dir='ltr'><strong>de</strong></span> <span class='ocrx_word' id='word_1_120' title='bbox 1789 2644 1964 2710; x_wconf 90' lang='lat' dir='ltr'><strong>bona</strong></span> <span class='ocrx_word' id='word_1_121' title='bbox 2000 2646 2337 2712; x_wconf 88' lang='lat' dir='ltr'><strong>uoluntate</strong></span> <span class='ocrx_word' id='word_1_122' title='bbox 2384 2665 2507 2712; x_wconf 89' lang='lat' dir='ltr'><strong>sua</strong></span> <span class='ocrx_word' id='word_1_123' title='bbox 2536 2667 2658 2732; x_wconf 88' lang='lat' dir='ltr'><strong>pro</strong></span> <span class='ocrx_word' id='word_1_124' title='bbox 2702 2647 2873 2715; x_wconf 92' lang='lat' dir='ltr'><strong>bono</strong></span> 
     </span>
     <span class='ocr_line' id='line_1_19' title="bbox 619 2749 2874 2841; baseline 0.001 -21"><span class='ocrx_word' id='word_1_125' title='bbox 619 2756 843 2841; x_wconf 83' lang='lat' dir='ltr'><strong>gracie</strong></span> <span class='ocrx_word' id='word_1_126' title='bbox 874 2759 1097 2821; x_wconf 91' lang='lat' dir='ltr'><strong>nostre</strong></span> <span class='ocrx_word' id='word_1_127' title='bbox 1117 2749 1558 2837; x_wconf 88' lang='lat' dir='ltr'><strong>possidendas</strong></span> <span class='ocrx_word' id='word_1_128' title='bbox 1590 2751 1874 2836; x_wconf 87' lang='lat' dir='ltr'><strong>reliquit.</strong></span> <span class='ocrx_word' id='word_1_129' title='bbox 1913 2752 1998 2819; x_wconf 89' lang='lat' dir='ltr'><strong>Et</strong></span> <span class='ocrx_word' id='word_1_130' title='bbox 2028 2750 2242 2837; x_wconf 92' lang='lat' dir='ltr'><strong>prima</strong></span> <span class='ocrx_word' id='word_1_131' title='bbox 2262 2760 2440 2820; x_wconf 91' lang='lat' dir='ltr'><strong>meta</strong></span> <span class='ocrx_word' id='word_1_132' title='bbox 2467 2753 2674 2839; x_wconf 90' lang='lat' dir='ltr'><strong>ipsius</strong></span> <span class='ocrx_word' id='word_1_133' title='bbox 2705 2762 2874 2822; x_wconf 87' lang='lat' dir='ltr'><strong>terre</strong></span> 
     </span>
     <span class='ocr_line' id='line_1_20' title="bbox 619 2859 2876 2949; baseline 0.001 -20"><span class='ocrx_word' id='word_1_134' title='bbox 619 2863 864 2946; x_wconf 84' lang='lat' dir='ltr'><strong>Pukur,</strong></span> <span class='ocrx_word' id='word_1_135' title='bbox 897 2862 1066 2927; x_wconf 82' lang='lat' dir='ltr'><strong>sicut</strong></span> <span class='ocrx_word' id='word_1_136' title='bbox 1093 2880 1213 2946; x_wconf 89' lang='lat' dir='ltr'><strong>per</strong></span> <span class='ocrx_word' id='word_1_137' title='bbox 1241 2859 1567 2925; x_wconf 90' lang='lat' dir='ltr'><strong>hominem</strong></span> <span class='ocrx_word' id='word_1_138' title='bbox 1597 2866 1889 2927; x_wconf 90' lang='lat' dir='ltr'><strong>nostrum</strong></span> <span class='ocrx_word' id='word_1_139' title='bbox 1921 2861 2288 2927; x_wconf 89' lang='lat' dir='ltr'><strong>Fabianum</strong></span> <span class='ocrx_word' id='word_1_140' title='bbox 2320 2862 2744 2949; x_wconf 88' lang='lat' dir='ltr'><strong>percepimus,</strong></span> <span class='ocrx_word' id='word_1_141' title='bbox 2783 2864 2876 2931; x_wconf 90' lang='lat' dir='ltr'><strong>in·</strong></span> 
     </span>
     <span class='ocr_line' id='line_1_21' title="bbox 619 2964 2876 3057; baseline 0.001 -21"><span class='ocrx_word' id='word_1_142' title='bbox 619 2970 780 3057; x_wconf 88' lang='lat' dir='ltr'><strong>cipit</strong></span> <span class='ocrx_word' id='word_1_143' title='bbox 830 2987 1027 3055; x_wconf 87' lang='lat' dir='ltr'><strong>super</strong></span> <span class='ocrx_word' id='word_1_144' title='bbox 1078 2964 1355 3033; x_wconf 88' lang='lat' dir='ltr'><strong>eundem</strong></span> <span class='ocrx_word' id='word_1_145' title='bbox 1386 2965 1654 3032; x_wconf 89' lang='lat' dir='ltr'><strong>fluuium</strong></span> <span class='ocrx_word' id='word_1_146' title='bbox 1688 2967 1933 3052; x_wconf 86' lang='lat' dir='ltr'><strong>Pukur,</strong></span> <span class='ocrx_word' id='word_1_147' title='bbox 1984 2967 2099 3034; x_wconf 90' lang='lat' dir='ltr'><strong>ubi</strong></span> <span class='ocrx_word' id='word_1_148' title='bbox 2130 2975 2232 3034; x_wconf 89' lang='lat' dir='ltr'><strong>est</strong></span> <span class='ocrx_word' id='word_1_149' title='bbox 2276 2988 2520 3054; x_wconf 83' lang='lat' dir='ltr'><strong>magna</strong></span> <span class='ocrx_word' id='word_1_150' title='bbox 2568 2972 2765 3039; x_wconf 86' lang='lat' dir='ltr'><strong>arbor</strong></span> <span class='ocrx_word' id='word_1_151' title='bbox 2792 2972 2876 3039; x_wconf 94' lang='lat' dir='ltr'><strong>de</strong></span> 
     </span>
     <span class='ocr_line' id='line_1_22' title="bbox 616 3075 2876 3169; baseline -0.002 -19"><span class='ocrx_word' id='word_1_152' title='bbox 616 3081 881 3169; x_wconf 87' lang='lat' dir='ltr'><strong>populo,</strong></span> <span class='ocrx_word' id='word_1_153' title='bbox 917 3097 1043 3162; x_wconf 91' lang='lat' dir='ltr'><strong>que</strong></span> <span class='ocrx_word' id='word_1_154' title='bbox 1073 3077 1270 3161; x_wconf 82' lang='lat' dir='ltr'><strong>uulgo</strong></span> <span class='ocrx_word' id='word_1_155' title='bbox 1299 3075 1536 3144; x_wconf 89' lang='lat' dir='ltr'><strong>dicitur</strong></span> <span class='ocrx_word' id='word_1_156' title='bbox 1565 3078 1842 3161; x_wconf 71' lang='lat' dir='ltr'><strong>nav-pha,</strong></span> <span class='ocrx_word' id='word_1_157' title='bbox 1877 3084 1941 3143; x_wconf 92' lang='lat' dir='ltr'><strong>et</strong></span> <span class='ocrx_word' id='word_1_158' title='bbox 1970 3077 2067 3143; x_wconf 91' lang='lat' dir='ltr'><strong>ibi</strong></span> <span class='ocrx_word' id='word_1_159' title='bbox 2096 3084 2271 3145; x_wconf 87' lang='lat' dir='ltr'><strong>tenet</strong></span> <span class='ocrx_word' id='word_1_160' title='bbox 2300 3087 2540 3146; x_wconf 91' lang='lat' dir='ltr'><strong>metam</strong></span> <span class='ocrx_word' id='word_1_161' title='bbox 2570 3099 2717 3147; x_wconf 89' lang='lat' dir='ltr'><strong>cum</strong></span> <span class='ocrx_word' id='word_1_162' title='bbox 2746 3080 2876 3146; x_wconf 83' lang='lat' dir='ltr'><strong>Na-</strong></span> 
     </span>
     <span class='ocr_line' id='line_1_23' title="bbox 619 3184 2876 3275; baseline 0.001 -20"><span class='ocrx_word' id='word_1_163' title='bbox 619 3188 815 3274; x_wconf 80' lang='lat' dir='ltr'><strong>diha3</strong></span> <span class='ocrx_word' id='word_1_164' title='bbox 868 3192 934 3253; x_wconf 87' lang='lat' dir='ltr'><strong>et</strong></span> <span class='ocrx_word' id='word_1_165' title='bbox 962 3184 1117 3252; x_wconf 91' lang='lat' dir='ltr'><strong>inde</strong></span> <span class='ocrx_word' id='word_1_166' title='bbox 1146 3203 1265 3270; x_wconf 91' lang='lat' dir='ltr'><strong>per</strong></span> <span class='ocrx_word' id='word_1_167' title='bbox 1295 3184 1472 3250; x_wconf 91' lang='lat' dir='ltr'><strong>uiam</strong></span> <span class='ocrx_word' id='word_1_168' title='bbox 1503 3184 1804 3251; x_wconf 88' lang='lat' dir='ltr'><strong>aseendit</strong></span> <span class='ocrx_word' id='word_1_169' title='bbox 1832 3184 2020 3251; x_wconf 88' lang='lat' dir='ltr'><strong>iuxta</strong></span> <span class='ocrx_word' id='word_1_170' title='bbox 2049 3184 2316 3252; x_wconf 89' lang='lat' dir='ltr'><strong>fluuium</strong></span> <span class='ocrx_word' id='word_1_171' title='bbox 2347 3188 2575 3254; x_wconf 87' lang='lat' dir='ltr'><strong>Iwana</strong></span> <span class='ocrx_word' id='word_1_172' title='bbox 2614 3209 2656 3254; x_wconf 93' lang='lat' dir='ltr'><strong>a</strong></span> <span class='ocrx_word' id='word_1_173' title='bbox 2686 3199 2876 3275; x_wconf 89' lang='lat' dir='ltr'><strong>parte</strong></span> 
     </span>
     <span class='ocr_line' id='line_1_24' title="bbox 619 3289 2877 3382; baseline 0 -18"><span class='ocrx_word' id='word_1_174' title='bbox 619 3295 886 3365; x_wconf 87' lang='lat' dir='ltr'><strong>orientis</strong></span> <span class='ocrx_word' id='word_1_175' title='bbox 919 3310 1125 3374; x_wconf 90' lang='lat' dir='ltr'><strong>usque</strong></span> <span class='ocrx_word' id='word_1_176' title='bbox 1174 3289 1264 3355; x_wconf 89' lang='lat' dir='ltr'><strong>ad</strong></span> <span class='ocrx_word' id='word_1_177' title='bbox 1295 3297 1536 3356; x_wconf 91' lang='lat' dir='ltr'><strong>metam</strong></span> <span class='ocrx_word' id='word_1_178' title='bbox 1583 3290 1863 3357; x_wconf 88' lang='lat' dir='ltr'><strong>filiorum</strong></span> <span class='ocrx_word' id='word_1_179' title='bbox 1894 3291 2114 3359; x_wconf 90' lang='lat' dir='ltr'><strong>Bodur</strong></span> <span class='ocrx_word' id='word_1_180' title='bbox 2145 3291 2437 3379; x_wconf 86' lang='lat' dir='ltr'><strong>Comitis,</strong></span> <span class='ocrx_word' id='word_1_181' title='bbox 2485 3302 2551 3361; x_wconf 91' lang='lat' dir='ltr'><strong>et</strong></span> <span class='ocrx_word' id='word_1_182' title='bbox 2580 3300 2877 3382; x_wconf 91' lang='lat' dir='ltr'><strong>peruenit</strong></span> 
     </span>
     <span class='ocr_line' id='line_1_25' title="bbox 619 3397 2875 3490; baseline 0.001 -20"><span class='ocrx_word' id='word_1_183' title='bbox 619 3404 708 3470; x_wconf 89' lang='lat' dir='ltr'><strong>ad</strong></span> <span class='ocrx_word' id='word_1_184' title='bbox 738 3407 939 3487; x_wconf 90' lang='lat' dir='ltr'><strong>eaput</strong></span> <span class='ocrx_word' id='word_1_185' title='bbox 967 3397 1352 3481; x_wconf 82' lang='lat' dir='ltr'><strong>Meehynice</strong></span> <span class='ocrx_word' id='word_1_186' title='bbox 1384 3398 1672 3483; x_wconf 88' lang='lat' dir='ltr'><strong>minoris,</strong></span> <span class='ocrx_word' id='word_1_187' title='bbox 1730 3405 1795 3464; x_wconf 88' lang='lat' dir='ltr'><strong>et</strong></span> <span class='ocrx_word' id='word_1_188' title='bbox 1825 3417 1945 3485; x_wconf 90' lang='lat' dir='ltr'><strong>per</strong></span> <span class='ocrx_word' id='word_1_189' title='bbox 1972 3401 2247 3468; x_wconf 89' lang='lat' dir='ltr'><strong>eundem</strong></span> <span class='ocrx_word' id='word_1_190' title='bbox 2286 3401 2622 3470; x_wconf 86' lang='lat' dir='ltr'><strong>deseendit</strong></span> <span class='ocrx_word' id='word_1_191' title='bbox 2670 3425 2875 3490; x_wconf 90' lang='lat' dir='ltr'><strong>usque</strong></span> 
     </span>
     <span class='ocr_line' id='line_1_26' title="bbox 618 3505 2871 3600; baseline 0.002 -25"><span class='ocrx_word' id='word_1_192' title='bbox 618 3509 707 3575; x_wconf 92' lang='lat' dir='ltr'><strong>ad</strong></span> <span class='ocrx_word' id='word_1_193' title='bbox 738 3516 982 3576; x_wconf 89' lang='lat' dir='ltr'><strong>terram</strong></span> <span class='ocrx_word' id='word_1_194' title='bbox 1034 3505 1312 3573; x_wconf 88' lang='lat' dir='ltr'><strong>filiorum</strong></span> <span class='ocrx_word' id='word_1_195' title='bbox 1343 3506 1616 3590; x_wconf 82' lang='lat' dir='ltr'><strong>Woycu,</strong></span> <span class='ocrx_word' id='word_1_196' title='bbox 1669 3511 1735 3572; x_wconf 92' lang='lat' dir='ltr'><strong>et</strong></span> <span class='ocrx_word' id='word_1_197' title='bbox 1765 3507 1858 3574; x_wconf 91' lang='lat' dir='ltr'><strong>ibi</strong></span> <span class='ocrx_word' id='word_1_198' title='bbox 1888 3515 2067 3575; x_wconf 91' lang='lat' dir='ltr'><strong>tenet</strong></span> <span class='ocrx_word' id='word_1_199' title='bbox 2098 3517 2338 3576; x_wconf 91' lang='lat' dir='ltr'><strong>metam</strong></span> <span class='ocrx_word' id='word_1_200' title='bbox 2387 3531 2532 3578; x_wconf 86' lang='lat' dir='ltr'><strong>cum</strong></span> <span class='ocrx_word' id='word_1_201' title='bbox 2582 3512 2871 3600; x_wconf 85' lang='lat' dir='ltr'><strong>eisdem;</strong></span> 
     </span>
     <span class='ocr_line' id='line_1_27' title="bbox 620 3611 2873 3707; baseline 0.003 -23"><span class='ocrx_word' id='word_1_202' title='bbox 620 3614 857 3684; x_wconf 91' lang='lat' dir='ltr'><strong>deinde</strong></span> <span class='ocrx_word' id='word_1_203' title='bbox 906 3614 1040 3681; x_wconf 83' lang='lat' dir='ltr'><strong>exit</strong></span> <span class='ocrx_word' id='word_1_204' title='bbox 1090 3614 1173 3680; x_wconf 88' lang='lat' dir='ltr'><strong>de</strong></span> <span class='ocrx_word' id='word_1_205' title='bbox 1224 3611 1425 3680; x_wconf 88' lang='lat' dir='ltr'><strong>fluuio</strong></span> <span class='ocrx_word' id='word_1_206' title='bbox 1474 3612 1880 3700; x_wconf 79' lang='lat' dir='ltr'><strong>Mechynica,</strong></span> <span class='ocrx_word' id='word_1_207' title='bbox 1932 3622 1996 3682; x_wconf 92' lang='lat' dir='ltr'><strong>et</strong></span> <span class='ocrx_word' id='word_1_208' title='bbox 2042 3617 2379 3685; x_wconf 89' lang='lat' dir='ltr'><strong>descendit</strong></span> <span class='ocrx_word' id='word_1_209' title='bbox 2425 3640 2545 3707; x_wconf 90' lang='lat' dir='ltr'><strong>per</strong></span> <span class='ocrx_word' id='word_1_210' title='bbox 2596 3622 2873 3690; x_wconf 87' lang='lat' dir='ltr'><strong>riuulum</strong></span> 
     </span>
     <span class='ocr_line' id='line_1_28' title="bbox 621 3722 2874 3818; baseline 0.003 -26"><span class='ocrx_word' id='word_1_211' title='bbox 621 3725 958 3808; x_wconf 85' lang='lat' dir='ltr'><strong>Ghrasnic,</strong></span> <span class='ocrx_word' id='word_1_212' title='bbox 992 3729 1057 3788; x_wconf 91' lang='lat' dir='ltr'><strong>et</strong></span> <span class='ocrx_word' id='word_1_213' title='bbox 1108 3722 1405 3808; x_wconf 90' lang='lat' dir='ltr'><strong>peruenit</strong></span> <span class='ocrx_word' id='word_1_214' title='bbox 1435 3722 1523 3788; x_wconf 90' lang='lat' dir='ltr'><strong>ad</strong></span> <span class='ocrx_word' id='word_1_215' title='bbox 1554 3729 1798 3789; x_wconf 87' lang='lat' dir='ltr'><strong>terram</strong></span> <span class='ocrx_word' id='word_1_216' title='bbox 1828 3725 2197 3810; x_wconf 81' lang='lat' dir='ltr'><strong>Dobrosig3</strong></span> <span class='ocrx_word' id='word_1_217' title='bbox 2249 3726 2332 3794; x_wconf 91' lang='lat' dir='ltr'><strong>de</strong></span> <span class='ocrx_word' id='word_1_218' title='bbox 2363 3727 2516 3794; x_wconf 89' lang='lat' dir='ltr'><strong>inde</strong></span> <span class='ocrx_word' id='word_1_219' title='bbox 2553 3737 2729 3796; x_wconf 86' lang='lat' dir='ltr'><strong>tenet</strong></span> <span class='ocrx_word' id='word_1_220' title='bbox 2759 3752 2874 3818; x_wconf 91' lang='lat' dir='ltr'><strong>per</strong></span> 
     </span>
     <span class='ocr_line' id='line_1_29' title="bbox 620 3829 2874 3923; baseline 0.003 -24"><span class='ocrx_word' id='word_1_221' title='bbox 620 3833 879 3918; x_wconf 88' lang='lat' dir='ltr'><strong>siluam,</strong></span> <span class='ocrx_word' id='word_1_222' title='bbox 915 3852 1031 3917; x_wconf 90' lang='lat' dir='ltr'><strong>per</strong></span> <span class='ocrx_word' id='word_1_223' title='bbox 1065 3829 1393 3914; x_wconf 88' lang='lat' dir='ltr'><strong>quandam</strong></span> <span class='ocrx_word' id='word_1_224' title='bbox 1414 3830 1657 3897; x_wconf 91' lang='lat' dir='ltr'><strong>uallem</strong></span> <span class='ocrx_word' id='word_1_225' title='bbox 1691 3831 2027 3899; x_wconf 87' lang='lat' dir='ltr'><strong>deseendit</strong></span> <span class='ocrx_word' id='word_1_226' title='bbox 2056 3832 2144 3899; x_wconf 90' lang='lat' dir='ltr'><strong>ad</strong></span> <span class='ocrx_word' id='word_1_227' title='bbox 2174 3833 2442 3901; x_wconf 92' lang='lat' dir='ltr'><strong>fluuium</strong></span> <span class='ocrx_word' id='word_1_228' title='bbox 2460 3836 2874 3923; x_wconf 84' lang='lat' dir='ltr'><strong>Mechynica;</strong></span> 
     </span>
     <span class='ocr_line' id='line_1_30' title="bbox 620 3936 2877 4025; baseline 0.004 -18"><span class='ocrx_word' id='word_1_229' title='bbox 620 3940 704 4007; x_wconf 89' lang='lat' dir='ltr'><strong>de</strong></span> <span class='ocrx_word' id='word_1_230' title='bbox 735 3937 889 4006; x_wconf 89' lang='lat' dir='ltr'><strong>inde</strong></span> <span class='ocrx_word' id='word_1_231' title='bbox 920 3958 1118 4025; x_wconf 89' lang='lat' dir='ltr'><strong>super</strong></span> <span class='ocrx_word' id='word_1_232' title='bbox 1148 3936 1425 4005; x_wconf 88' lang='lat' dir='ltr'><strong>eundem</strong></span> <span class='ocrx_word' id='word_1_233' title='bbox 1456 3937 1724 4005; x_wconf 89' lang='lat' dir='ltr'><strong>fluuium</strong></span> <span class='ocrx_word' id='word_1_234' title='bbox 1757 3938 2214 4008; x_wconf 88' lang='lat' dir='ltr'><strong>descendendo</strong></span> <span class='ocrx_word' id='word_1_235' title='bbox 2252 3949 2428 4009; x_wconf 90' lang='lat' dir='ltr'><strong>tenet</strong></span> <span class='ocrx_word' id='word_1_236' title='bbox 2459 3951 2697 4012; x_wconf 86' lang='lat' dir='ltr'><strong>metam</strong></span> <span class='ocrx_word' id='word_1_237' title='bbox 2730 3966 2877 4015; x_wconf 90' lang='lat' dir='ltr'><strong>eum</strong></span> 
     </span>
     <span class='ocr_line' id='line_1_31' title="bbox 619 4047 2876 4142; baseline 0.003 -26"><span class='ocrx_word' id='word_1_238' title='bbox 619 4048 868 4134; x_wconf 82' lang='lat' dir='ltr'><strong>Garyg,</strong></span> <span class='ocrx_word' id='word_1_239' title='bbox 882 4054 947 4115; x_wconf 91' lang='lat' dir='ltr'><strong>et</strong></span> <span class='ocrx_word' id='word_1_240' title='bbox 964 4048 1263 4135; x_wconf 89' lang='lat' dir='ltr'><strong>peruenit</strong></span> <span class='ocrx_word' id='word_1_241' title='bbox 1281 4047 1394 4113; x_wconf 91' lang='lat' dir='ltr'><strong>ubi</strong></span> <span class='ocrx_word' id='word_1_242' title='bbox 1407 4048 1722 4115; x_wconf 87' lang='lat' dir='ltr'><strong>Kemenie</strong></span> <span class='ocrx_word' id='word_1_243' title='bbox 1740 4049 2024 4134; x_wconf 88' lang='lat' dir='ltr'><strong>pothoca</strong></span> <span class='ocrx_word' id='word_1_244' title='bbox 2042 4049 2378 4118; x_wconf 88' lang='lat' dir='ltr'><strong>descendit</strong></span> <span class='ocrx_word' id='word_1_245' title='bbox 2395 4052 2876 4142; x_wconf 87' lang='lat' dir='ltr'><strong>inMeehynica,</strong></span> 
     </span>
     <span class='ocr_line' id='line_1_32' title="bbox 625 4152 2876 4242; baseline 0.003 -19"><span class='ocrx_word' id='word_1_246' title='bbox 625 4162 692 4224; x_wconf 88' lang='lat' dir='ltr'><strong>et</strong></span> <span class='ocrx_word' id='word_1_247' title='bbox 709 4174 828 4242; x_wconf 88' lang='lat' dir='ltr'><strong>per</strong></span> <span class='ocrx_word' id='word_1_248' title='bbox 846 4152 1123 4220; x_wconf 90' lang='lat' dir='ltr'><strong>eundem</strong></span> <span class='ocrx_word' id='word_1_249' title='bbox 1143 4152 1456 4219; x_wconf 87' lang='lat' dir='ltr'><strong>Kemenic</strong></span> <span class='ocrx_word' id='word_1_250' title='bbox 1480 4152 1777 4221; x_wconf 89' lang='lat' dir='ltr'><strong>aseendit</strong></span> <span class='ocrx_word' id='word_1_251' title='bbox 1796 4174 1999 4239; x_wconf 89' lang='lat' dir='ltr'><strong>usque</strong></span> <span class='ocrx_word' id='word_1_252' title='bbox 2019 4156 2109 4221; x_wconf 89' lang='lat' dir='ltr'><strong>ad</strong></span> <span class='ocrx_word' id='word_1_253' title='bbox 2128 4163 2340 4242; x_wconf 87' lang='lat' dir='ltr'><strong>caput,</strong></span> <span class='ocrx_word' id='word_1_254' title='bbox 2359 4165 2425 4224; x_wconf 85' lang='lat' dir='ltr'><strong>et</strong></span> <span class='ocrx_word' id='word_1_255' title='bbox 2442 4158 2536 4225; x_wconf 87' lang='lat' dir='ltr'><strong>ibi</strong></span> <span class='ocrx_word' id='word_1_256' title='bbox 2553 4165 2733 4227; x_wconf 88' lang='lat' dir='ltr'><strong>tenet</strong></span> <span class='ocrx_word' id='word_1_257' title='bbox 2751 4183 2876 4230; x_wconf 88' lang='lat' dir='ltr'><strong>me·</strong></span> 
     </span>
     <span class='ocr_line' id='line_1_33' title="bbox 616 4259 2879 4351; baseline 0.004 -22"><span class='ocrx_word' id='word_1_258' title='bbox 616 4271 755 4329; x_wconf 89' lang='lat' dir='ltr'><strong>tam</strong></span> <span class='ocrx_word' id='word_1_259' title='bbox 789 4280 935 4328; x_wconf 88' lang='lat' dir='ltr'><strong>cum</strong></span> <span class='ocrx_word' id='word_1_260' title='bbox 957 4261 1216 4344; x_wconf 79' lang='lat' dir='ltr'><strong>Garyg3</strong></span> <span class='ocrx_word' id='word_1_261' title='bbox 1252 4259 1487 4326; x_wconf 90' lang='lat' dir='ltr'><strong>deinde</strong></span> <span class='ocrx_word' id='word_1_262' title='bbox 1520 4260 1729 4327; x_wconf 87' lang='lat' dir='ltr'><strong>tendit</strong></span> <span class='ocrx_word' id='word_1_263' title='bbox 1760 4282 1882 4348; x_wconf 93' lang='lat' dir='ltr'><strong>per</strong></span> <span class='ocrx_word' id='word_1_264' title='bbox 1912 4263 2187 4330; x_wconf 86' lang='lat' dir='ltr'><strong>riuulum</strong></span> <span class='ocrx_word' id='word_1_265' title='bbox 2221 4264 2582 4351; x_wconf 87' lang='lat' dir='ltr'><strong>Cuchenur,</strong></span> <span class='ocrx_word' id='word_1_266' title='bbox 2618 4266 2879 4336; x_wconf 87' lang='lat' dir='ltr'><strong>descen-</strong></span> 
     </span>
     <span class='ocr_line' id='line_1_34' title="bbox 625 4366 2878 4457; baseline 0.004 -23"><span class='ocrx_word' id='word_1_267' title='bbox 625 4367 726 4434; x_wconf 92' lang='lat' dir='ltr'><strong>dit</strong></span> <span class='ocrx_word' id='word_1_268' title='bbox 756 4369 827 4433; x_wconf 92' lang='lat' dir='ltr'><strong>in</strong></span> <span class='ocrx_word' id='word_1_269' title='bbox 846 4368 1208 4452; x_wconf 88' lang='lat' dir='ltr'><strong>predictum</strong></span> <span class='ocrx_word' id='word_1_270' title='bbox 1227 4366 1496 4433; x_wconf 93' lang='lat' dir='ltr'><strong>fluuium</strong></span> <span class='ocrx_word' id='word_1_271' title='bbox 1511 4367 1915 4456; x_wconf 82' lang='lat' dir='ltr'><strong>Meehynica,</strong></span> <span class='ocrx_word' id='word_1_272' title='bbox 1940 4378 2006 4437; x_wconf 89' lang='lat' dir='ltr'><strong>et</strong></span> <span class='ocrx_word' id='word_1_273' title='bbox 2022 4392 2140 4457; x_wconf 89' lang='lat' dir='ltr'><strong>per</strong></span> <span class='ocrx_word' id='word_1_274' title='bbox 2157 4371 2544 4457; x_wconf 81' lang='lat' dir='ltr'><strong>Mechynica</strong></span> <span class='ocrx_word' id='word_1_275' title='bbox 2560 4375 2770 4443; x_wconf 85' lang='lat' dir='ltr'><strong>tendit</strong></span> <span class='ocrx_word' id='word_1_276' title='bbox 2788 4376 2878 4443; x_wconf 88' lang='lat' dir='ltr'><strong>ad</strong></span> 
     </span>
     <span class='ocr_line' id='line_1_35' title="bbox 627 4472 2879 4565; baseline 0.004 -24"><span class='ocrx_word' id='word_1_277' title='bbox 627 4473 900 4541; x_wconf 88' lang='lat' dir='ltr'><strong>fluuium</strong></span> <span class='ocrx_word' id='word_1_278' title='bbox 930 4472 1284 4559; x_wconf 87' lang='lat' dir='ltr'><strong>Soplonica</strong></span> <span class='ocrx_word' id='word_1_279' title='bbox 1302 4525 1320 4559; x_wconf 95' lang='lat'><strong>,</strong></span> <span class='ocrx_word' id='word_1_280' title='bbox 1365 4482 1429 4541; x_wconf 90' lang='lat' dir='ltr'><strong>et</strong></span> <span class='ocrx_word' id='word_1_281' title='bbox 1460 4495 1579 4561; x_wconf 88' lang='lat' dir='ltr'><strong>per</strong></span> <span class='ocrx_word' id='word_1_282' title='bbox 1611 4475 1968 4562; x_wconf 87' lang='lat' dir='ltr'><strong>Soplonica</strong></span> <span class='ocrx_word' id='word_1_283' title='bbox 1997 4478 2267 4545; x_wconf 89' lang='lat' dir='ltr'><strong>inferius</strong></span> <span class='ocrx_word' id='word_1_284' title='bbox 2299 4477 2524 4565; x_wconf 87' lang='lat' dir='ltr'><strong>tendit,</strong></span> <span class='ocrx_word' id='word_1_285' title='bbox 2557 4482 2671 4548; x_wconf 92' lang='lat' dir='ltr'><strong>ubi</strong></span> <span class='ocrx_word' id='word_1_286' title='bbox 2703 4482 2879 4550; x_wconf 89' lang='lat' dir='ltr'><strong>cadit</strong></span> 
     </span>
     <span class='ocr_line' id='line_1_36' title="bbox 621 4575 2879 4678; baseline 0.004 -29"><span class='ocrx_word' id='word_1_287' title='bbox 621 4585 688 4649; x_wconf 90' lang='lat' dir='ltr'>M</span> <span class='ocrx_word' id='word_1_288' title='bbox 694 4575 980 4668; x_wconf 83' lang='lat' dir='ltr'><strong>ogorove</strong></span> <span class='ocrx_word' id='word_1_289' title='bbox 998 4588 1236 4667; x_wconf 85' lang='lat' dir='ltr'><strong>potoca</strong></span> <span class='ocrx_word' id='word_1_290' title='bbox 1254 4584 1320 4648; x_wconf 90' lang='lat' dir='ltr'><strong>in</strong></span> <span class='ocrx_word' id='word_1_291' title='bbox 1349 4582 1721 4668; x_wconf 87' lang='lat' dir='ltr'><strong>Soplonica‚</strong></span> <span class='ocrx_word' id='word_1_292' title='bbox 1745 4592 1809 4651; x_wconf 86' lang='lat' dir='ltr'><strong>et</strong></span> <span class='ocrx_word' id='word_1_293' title='bbox 1827 4584 1919 4651; x_wconf 91' lang='lat' dir='ltr'><strong>ibi</strong></span> <span class='ocrx_word' id='word_1_294' title='bbox 1940 4584 2362 4670; x_wconf 87' lang='lat' dir='ltr'><strong>relinquendo</strong></span> <span class='ocrx_word' id='word_1_295' title='bbox 2384 4585 2632 4675; x_wconf 80' lang='lat' dir='ltr'><strong>Garyg,</strong></span> <span class='ocrx_word' id='word_1_296' title='bbox 2652 4590 2879 4678; x_wconf 90' lang='lat' dir='ltr'><strong>incipit</strong></span> 
     </span>
    </p>
   </div>
  </div>
 </body>
</html>
