3359 5250
1828 400 1959 470 132

757 603 1106 686 maculata,
1154 600 1366 688 spirat
1396 605 1618 667 tamen
1648 605 1715 665 et
1742 597 2024 668 intendit
2051 596 2344 684 primeue
2374 594 2698 663 libertatis
2728 614 2847 662 sue
2879 596 3020 680 glo·

753 709 858 777 ria
887 707 1252 777 reformari.
1285 709 1370 774 Et
1394 706 1698 793 quamuis
1732 703 2173 774 diuersimode
2190 701 2425 771 irretiti
2454 711 2736 785 querant
2765 722 3020 771 summo

755 817 973 887 studio
1006 817 1415 901 libertatem;
1467 814 1559 901 hij
1595 822 1817 882 tamen
1848 811 2194 881 decencius
2244 818 2711 897 promerentur,
2745 829 3021 896 quorum

755 923 1039 993 fidelitas
1070 944 1190 1010 per
1221 923 1426 990 multa
1455 921 1741 990 seruicia
1772 921 2203 1008 comprobata
2233 918 2401 986 satis
2449 918 2648 1003 digne
2679 935 2753 986 se
2784 918 3019 987 consti-

756 1031 882 1098 tuit
910 1029 1201 1118 precium
1250 1028 1595 1096 libertatis.
1642 1025 1932 1096 Proinde
1984 1026 2074 1095 ad
2103 1025 2555 1093 uniuersorum
2606 1025 3019 1112 presencium

757 1143 824 1204 et
851 1143 1258 1224 posterorum
1288 1134 1606 1205 noticiam
1639 1136 1870 1203 harum
1902 1132 2074 1201 serie
2124 1133 2420 1199 uolumus
2450 1128 2811 1217 peruenire,
2844 1131 3019 1214 quod

758 1264 879 1313 nos
909 1242 1400 1313 considerantes
1452 1240 1841 1310 multimoda
1890 1240 2175 1309 seruicia
2211 1237 2514 1323 Magistri
2545 1239 2883 1325 Scemeyts
2932 1238 3018 1305 de

760 1350 927 1418 uilla
954 1349 1292 1436 Budugey‚
1327 1349 1648 1418 aurifabri
1667 1348 2008 1417 carissime
2040 1345 2359 1416 consortis
2394 1354 2617 1414 nostre
2645 1348 2732 1413 Μ.
2764 1346 3017 1430 Regiae

757 1457 1114 1544 Hungarie,
1149 1477 1274 1541 que
1293 1457 1482 1524 nobis
1510 1464 1576 1525 et
1606 1456 1735 1525 sibi
1769 1477 1811 1523 a
1842 1454 2202 1544 puerilibus
2229 1453 2421 1521 annis
2452 1452 2743 1522 noscitur
2772 1452 3017 1540 impen-

758 1565 933 1633 disse
964 1564 1243 1634 fideliter
1274 1571 1338 1632 et
1369 1563 1627 1647 deuote,
1684 1564 1795 1647 qui
1829 1570 1895 1630 et
1925 1562 2213 1629 maxime
2244 1566 2396 1628 tunc
2439 1559 2754 1647 probatus
2799 1560 3019 1627 extitit

754 1680 1070 1758 tanquam
1102 1690 1351 1753 aurum,
1399 1690 1545 1737 cum
1579 1671 1877 1756 Regnum
1908 1676 2205 1737 nostrum
2236 1665 2478 1735 Diuino
2508 1665 2751 1732 iudicio
2782 1665 3016 1735 fornax

757 1778 1180 1847 succenderat
1208 1776 1716 1862 Tartharorum3
1769 1796 1923 1843 nam
1954 1775 2173 1842 multis
2207 1782 2378 1842 retro
2428 1772 2820 1840 abeuntibus
2870 1774 3018 1861 ipse

757 1885 1091 1954 fidelitatis
1137 1884 1409 1971 glutino,
1464 1903 1595 1969 qua
1642 1884 1959 1970 pollebat,
2013 1881 2261 1950 relictis
2310 1879 2448 1949 suis
2493 1880 2682 1948 nobis
2732 1881 3015 1964 adhesit,

762 1994 1118 2063 officiosum
1151 2013 1224 2060 se
1274 1991 1588 2060 exhibens
1620 1992 1689 2058 in
1722 1992 2020 2059 omnibus
2052 1997 2117 2058 et
2166 1988 2468 2075 fidelem;
2523 1995 2737 2057 mente
2767 1987 3017 2057 stabili·

758 2122 899 2170 mus
931 2102 1281 2171 honestare
1331 2099 1546 2185 ipsum
1578 2101 1648 2167 in
1679 2099 2016 2168 laboribus
2050 2099 2210 2184 suis,
2262 2104 2328 2165 et
2357 2118 2475 2185 pro
2506 2117 2623 2165 sue
2676 2095 3015 2166 fidelitatis

757 2230 836 2277 ac
869 2210 1291 2277 seruiciorum
1339 2208 1722 2276 constancia
1751 2207 1967 2292 ipsum
2016 2213 2329 2293 perpetue
2377 2205 2700 2272 libertatis
2752 2225 3014 2272 munere

758 2317 1092 2385 decorare.
1156 2312 1524 2383 Accedente
1575 2313 1901 2401 siquidem
1952 2313 2038 2382 ad
2088 2313 2635 2401 complementum
2699 2312 3013 2398 desiderij

754 2424 980 2508 nostri,
1030 2442 1159 2490 non
1209 2421 1418 2490 solum
1452 2439 1775 2490 consensu
1825 2419 2249 2488 dilectissime
2298 2427 2521 2488 nostre
2560 2420 3008 2505 prenominato

752 2529 1003 2617 Regine
1034 2529 1392 2615 Hungarie,
1440 2547 1665 2595 uerum
1697 2528 1904 2595 eciam
1942 2528 2346 2611 interuentu;
2397 2533 2549 2593 ante
2582 2526 2766 2592 cuius
2798 2527 3009 2593 eciam

752 2640 975 2708 oculos
1024 2638 1318 2707 eiusdem
1349 2637 1416 2704 S.
1453 2635 1772 2703 aurifabri
1822 2636 1925 2703 sui
1954 2634 2240 2702 fidelitas
2290 2642 2357 2702 et
2387 2635 2842 2719 obsequiorum
2889 2634 3011 2702 fre·

753 2746 1032 2831 quencia
1060 2744 1551 2832 prepollebant;
1592 2762 1714 2809 nec
1746 2763 1876 2811 non
1909 2742 2441 2812 consideracione
2462 2740 2746 2829 prouida
2764 2742 3013 2811 intuen-

751 2859 874 2940 tes,
907 2853 1081 2936 quod
1132 2850 1307 2920 idem
1336 2853 1399 2918 S.
1435 2856 1646 2917 status
1678 2849 1782 2916 sui
1813 2856 2225 2917 uenustatem
2276 2869 2396 2935 per
2445 2847 2744 2936 predicta
2796 2850 3013 2917 omnia

751 2965 1085 3044 tamquam
1105 2955 1556 3042 multiplicatis
1587 2955 2125 3024 intercessoribus
2159 2962 2514 3041 mereatur;
2548 2956 2760 3043 ipsum
2779 2957 2845 3024 S.
2880 2978 3012 3025 una

752 3089 897 3137 cum
926 3066 1241 3134 fratribus
1292 3062 1450 3147 suis,
1485 3062 1855 3130 Andronico
1904 3063 2038 3131 filio
2090 3063 2298 3150 patris
2330 3064 2451 3148 sui,
2497 3065 2677 3132 Kocz
2727 3074 2793 3133 et
2826 3065 3013 3132 Kaza

749 3177 903 3262 filijs
935 3174 1250 3263 patruelis
1285 3172 1445 3255 eius,
1480 3171 1567 3237 ab
1602 3170 1782 3239 omni
1814 3171 1966 3255 iugo
2000 3169 2203 3238 debiti
2235 3172 2378 3239 siue
2408 3171 2692 3259 seruicij‚
2726 3193 2853 3256 quo
2888 3193 3012 3240 sua

749 3281 1117 3368 generacio,
1170 3278 1487 3347 uidelicet
1535 3279 1697 3345 uilla
1726 3278 2054 3365 Bedegey,
2090 3279 2305 3347 eidem
2336 3279 2674 3346 carissime
2724 3267 3015 3348 consorti

746 3395 969 3457 nostre
999 3395 1273 3470 tenetur,
1305 3386 1568 3473 penitus
1601 3387 1982 3470 eximentes,
2030 3387 2124 3453 sic
2154 3406 2311 3472 pure
2344 3393 2410 3453 et
2437 3394 2750 3474 perpetue
2784 3387 3015 3454 statui-

747 3516 891 3565 mus
923 3493 1235 3580 libertati,
1271 3497 1503 3559 uttam
1532 3491 1682 3579 ipsi,
1722 3512 1918 3576 quam
1948 3493 2243 3580 ipsorum
2261 3493 2538 3562 heredes
2570 3494 3014 3580 heredumque

744 3621 1177 3686 successores,
1231 3599 1619 3685 ubicumque
1652 3600 2000 3686 noluerint,
2032 3602 2341 3670 manendi
2389 3602 2532 3670 siue
2563 3603 2895 3670 seruiendi
2936 3603 3007 3669 li·

740 3713 964 3779 beram
1016 3716 1080 3775 et
1110 3707 1362 3792 absque
1414 3706 1692 3774 alicuius
1748 3707 2145 3777 condicionis
2194 3728 2368 3775 nexu
2396 3709 2685 3776 habeant
2734 3707 3008 3777 faculta-

739 3825 908 3904 tem;
959 3816 1113 3884 aula
1144 3835 1300 3884 vero
1336 3823 1559 3884 nostre
1591 3815 2015 3884 Celsitudinis
2046 3817 2251 3902 Regie
2282 3824 2511 3902 pateat
2556 3817 2652 3883 eis
2683 3823 3008 3902 tanquam

738 3926 888 4012 alijs
938 3923 1171 3992 aulicis
1222 3922 1560 3991 nobilibus
1592 3923 1802 4009 Regni
1833 3923 2060 3991 nostri.
2111 3925 2509 4009 Statuentes,
2566 3931 2636 3992 ut
2664 3925 2865 4011 ijdem
2926 3922 3013 3991 de

736 4040 951 4102 cetero
982 4032 1149 4099 inter
1194 4030 1450 4097 nobiles
1487 4030 1699 4114 Regni
1731 4031 1937 4098 nostri
1985 4031 2335 4102 honorifice
2380 4039 2855 4119 computentur.
2926 4033 3021 4101 Ut

730 4138 928 4223 igitur
978 4138 1273 4225 ipsorum
1322 4136 1659 4203 fidelitatis
1715 4137 1964 4205 meritis
2006 4143 2070 4204 et
2119 4138 2541 4206 seruiciorum
2604 4138 3013 4207 commercio

727 4243 1159 4332 pulcherrime
1175 4243 1513 4327 acquisita
1544 4243 1842 4330 libertas,
1886 4244 2230 4330 exquisitis
2261 4246 2590 4333 presentis
2619 4246 2865 4334 pagine
2898 4244 2995 4311 in·

725 4351 958 4437 signijs
1011 4349 1256 4418 eisdem
1304 4356 1625 4436 perpetuo
1675 4358 2072 4437 perseueret,
2124 4371 2244 4420 nec
2293 4373 2337 4419 a
2366 4353 2599 4438 quouis
2651 4354 2878 4421 ualeat
2932 4353 3017 4421 in

718 4465 1048 4546 posterum
1097 4468 1462 4546 temporum
1512 4460 1829 4527 curriculo
1861 4462 2226 4547 retractari,
2275 4467 2612 4549 presentes
2652 4462 2735 4529 in
2763 4482 2890 4550 per
2902 4481 3012 4549 pe-

716 4574 897 4635 tuam
927 4565 1116 4635 huius
1146 4567 1243 4635 rei
1270 4567 1651 4635 memoriam
1683 4570 2119 4638 concessimus
2149 4570 2403 4640 litteras
2439 4590 2636 4656 super
2673 4572 3008 4657 ipsorum

710 4674 1036 4758 libertate,
1075 4692 1273 4742 auree
1303 4673 1483 4742 bulle
1516 4680 1739 4744 nostre
1759 4682 2091 4745 caractere
2123 4677 2191 4745 in
2220 4683 2678 4764 argumentum
2712 4678 2988 4746 ualidis-
