3359 5250
1408 356 1533 424 251

339 551 560 618 buerit
590 550 919 620 indefesse
968 573 1048 620 ac
1078 562 1449 622 reuerenter
1481 561 1818 640 tamquam
1853 557 2078 642 fratri3
2131 576 2250 624 nos
2284 576 2430 623 eum
2461 560 2599 621 tam

339 660 608 729 racione
637 662 1244 750 consanguinitatis,
1277 684 1473 751 quam
1506 685 1626 752 pro
1651 665 2267 753 recompensacione
2299 663 2599 733 seruicio-

341 790 483 836 rum
516 789 805 855 suorum,
839 770 923 838 de
939 773 1470 859 possessionibus
1500 774 1743 843 nostris
1763 775 2148 864 participem
2180 774 2320 842 fore
2339 773 2598 860 cupien-

339 886 456 964 tes,
501 878 630 946 duo
661 877 897 965 predia
924 886 1171 967 nostra,
1205 901 1478 967 quorum
1508 882 1787 951 alterum
1818 885 2067 968 Symon
2086 890 2495 970 nuncupatus
2524 880 2593 946 in

337 985 668 1056 comitatu
695 984 1111 1056 Gumuriensi
1146 988 1331 1058 iuxta
1362 989 1631 1058 fluuium
1663 1027 1753 1040 -
1783 1029 1871 1040 -
1903 997 2084 1058 stens
2116 1009 2199 1057 ex
2230 990 2442 1076 Regia
2472 990 2597 1058 col·

336 1095 593 1163 lacione
624 1096 1038 1183 acquisitum,
1073 1104 1138 1165 et
1168 1097 1371 1185 aliud,
1405 1098 1583 1185 quod
1615 1099 1897 1168 Oumbul
1928 1105 2199 1168 vocatur
2237 1100 2408 1166 vltra
2440 1098 2597 1165 Ora-

337 1226 508 1272 wam
539 1222 744 1290 prope
766 1203 964 1273 Noak
993 1206 1212 1293 situm,
1244 1204 1418 1291 quod
1442 1207 1805 1295 empcionis
1834 1209 2047 1293 tytulo
2076 1205 2594 1294 possidebamus,

339 1313 465 1380 sibi
497 1321 563 1381 et
593 1334 712 1400 per
742 1334 890 1381 eum
941 1315 1078 1384 suis
1110 1318 1460 1386 heredibus
1509 1318 1951 1404 heredumque
1981 1315 2472 1385 successoribus
2511 1336 2593 1385 ex

336 1428 558 1490 nostro
588 1424 1003 1510 beneplacito
1035 1433 1102 1495 et
1130 1446 1448 1494 consensu
1478 1426 1869 1494 contulimus
1906 1431 2221 1514 perpetuo
2254 1425 2594 1512 possiden·

339 1531 446 1598 da.
498 1532 583 1598 Vt
619 1538 838 1600 autem
869 1534 989 1603 hec
1018 1554 1061 1601 a
1092 1534 1285 1605 nobis
1334 1533 1552 1604 eidem
1581 1533 1763 1602 facta
1811 1534 2088 1604 collacio
2138 1533 2595 1621 inperpetuum

338 1647 731 1727 perseueret,
765 1660 888 1708 nec
917 1664 1035 1730 per
1082 1644 1456 1731 quempiam
1491 1662 1941 1713 successorum
1971 1649 2340 1712 nostrorum
2385 1642 2596 1730 possit

339 1749 405 1814 in
434 1748 688 1816 irritum
735 1752 1053 1836 reuocari,
1105 1757 1437 1840 presentes
1486 1751 1740 1820 litteras
1791 1751 2088 1820 dedimus
2138 1750 2341 1837 sigilli
2391 1751 2595 1819 nostri

338 1857 694 1926 munimine
724 1859 1089 1928 roboratas.
1123 1862 1369 1929 Datum
1399 1881 1575 1931 anno
1606 1860 1830 1948 gracie
1859 1863 1952 1928 Μο
1971 1858 2410 1928 ducentesimo
2441 1879 2593 1946 qua-

338 1967 710 2053 dragesimo
744 1969 1042 2056 septimo,
1082 1969 1284 2038 tercio
1313 1989 1522 2038 nonas
1557 1970 1857 2055 Augusti.

334 2168 452 2234 (lv.
477 2165 614 2222 1361·
635 2164 929 2236 kirflynak
965 2184 1291 2238 ugyanazon
1315 2168 1404 2223 evi
1427 2166 1756 2238 megel-Bait&
1780 2165 2270 2239 privilegiumabol,
2316 2169 2452 2219 mint
2480 2168 2591 2219 fen-

1254 2260 1386 2314 tebb
1417 2261 1539 2313 155.
1564 2259 1662 2328 sz.)

1203 2539 1731 2554 ψ

1389 2995 1545 3068 175.

342 3178 613 3268 Teupolo
642 3178 845 3247 Jakab
890 3180 1182 3248 volenczei
1225 3181 1383 3269 doqe
1430 3179 1800 3246 intezkeddoe
1827 3181 2116 3267 bizonyos
2151 3179 2379 3265 jadrai
2407 3179 2590 3245 telkek

334 3289 687 3377 tdrqydban
706 3337 727 3370 ,
776 3288 1005 3375 melyek
1047 3312 1127 3355 az
1174 3291 1374 3354 ettam·
1417 3287 2037 3354 Domonlcosrendiiek
2082 3288 2386 3355 kolostora
2431 3289 2591 3355 dltal

1128 3396 1559 3464 koveteltetnek.
1599 3391 1792 3461 1247.

541 3593 827 3662 Jacobus
857 3592 1233 3681 Theupolus
1278 3592 1406 3661 Dei
1451 3592 1676 3678 gracia
1707 3593 2125 3662 Venetiarum
2145 3645 2163 3681 ‚
2211 3592 2588 3662 Dalmatiae

326 3709 523 3789 atque
557 3701 862 3771 croatiae
899 3704 1070 3789 Dux,
1110 3702 1428 3771 Dominus
1466 3707 1739 3787 quartae
1778 3703 1986 3789 partis
2033 3708 2100 3770 et
2146 3701 2463 3769 dimidiae
2494 3707 2588 3771 to-

323 3814 447 3880 tius
489 3810 758 3900 Imperii
789 3812 1171 3898 Romaniae,
1205 3811 1532 3881 nobilibus
1574 3817 1639 3879 et
1686 3811 2101 3899 sapientibus
2141 3811 2301 3879 viris
2331 3812 2587 3898 Angelo

322 3921 713 3989 Mauroceno
753 3925 818 3988 et
847 3921 986 3988 eius
1026 3919 1435 3989 consiliariis
1466 3919 1719 3988 Marino
1765 3922 2196 4005 Maurocen0‚
2249 3920 2586 4007 Stephano

322 4028 715 4113 Justiniano,
765 4029 1096 4115 Raynerio
1132 4030 1315 4098 Geno
1348 4037 1414 4097 et
1441 4030 1684 4098 Joanni
1731 4027 1814 4097 de
1848 4028 2102 4116 Canali,
2154 4029 2587 4098 ambasciato-

328 4138 507 4205 ribus
540 4136 679 4204 suis
710 4135 966 4204 dilectis
999 4144 1065 4204 et
1094 4135 1400 4206 fidelibus
1446 4137 1727 4205 salutem
1760 4143 1826 4204 et
1857 4137 2228 4205 dilectionis
2258 4137 2584 4206 affectum.

321 4248 423 4313 Ex
476 4250 668 4331 parte
719 4244 1090 4313 Conuentus
1142 4244 1444 4314 Fratrum
1495 4244 2028 4313 Praedicatorum
2078 4246 2160 4313 de
2210 4244 2416 4313 Jadra
2464 4242 2587 4313 fuit

322 4373 547 4422 coram
576 4354 769 4423 nobis
803 4355 1174 4441 expositum
1204 4353 1683 4439 conquerendo,
1735 4353 1907 4439 quod
1937 4354 2391 4424 concessiones
2430 4373 2585 4439 qua-

321 4461 597 4530 rundam
648 4462 1139 4549 possessionum
1187 4461 1269 4529 de
1297 4462 1523 4547 sadra,
1576 4481 1742 4546 quas
1789 4463 2030 4531 nobilis
2071 4465 2172 4531 vir
2202 4464 2585 4533 Leonardus

321 4572 637 4652 Quirinus
666 4577 822 4640 tunc
854 4572 1086 4643 Comes
1117 4571 1159 4639 J
1162 4571 1366 4640 adrae
1396 4572 1479 4639 de
1509 4579 1733 4640 nostro
1764 4572 2072 4644 mandato
2105 4575 2263 4643 fecit
2295 4574 2585 4644 Conven-

324 4683 419 4751 tui
452 4701 659 4769 supra
688 4681 883 4767 dicto,
918 4689 982 4749 et
1014 4702 1135 4751 nos
1168 4682 1581 4768 postmodum
1611 4681 1812 4750 simili
1845 4682 2036 4751 modo
2072 4683 2284 4753 eidem
2317 4703 2587 4756 conces·
