3359 5250
1790 347 1919 412 154

727 561 871 607 rum
922 538 1209 626 Nadiha,
1259 538 1584 626 incipiens
1615 546 1839 607 tenere
1890 546 2099 608 metas
2151 559 2303 607 cum
2354 539 2446 606 fili
2442 541 2510 626 js
2542 541 2888 610 Pribizlow
2920 544 2992 612 in

723 648 955 718 eodem
1011 649 1171 732 rino,
1226 655 1291 715 et
1340 667 1461 734 per
1511 651 1723 714 metas
1773 652 2021 714 terreas
2078 645 2422 715 descendit
2471 670 2677 737 prope
2730 651 2991 721 domum

723 756 1002 824 filiorum
1054 754 1439 840 Prebizlow,
1490 753 1600 822 vbi
1633 754 1769 820 exit
1800 774 1841 821 a
1872 754 2013 823 rino
2066 753 2363 842 predicto
2398 756 2487 822 ad
2538 757 2856 826 orientem
2902 758 2990 826 ad

729 863 993 931 dnmum
1042 862 1335 931 anellani
1367 882 1648 948 vergens
1702 862 1790 929 ad
1820 870 2073 949 partem
2125 862 2618 933 meridionalem
2672 864 2758 932 ad
2794 867 2992 933 finem

729 971 919 1058 silue,
977 978 1043 1040 et
1079 991 1197 1059 per
1249 975 1457 1038 metas
1506 977 1757 1037 terreas
1806 967 1983 1037 cadit
2034 969 2103 1036 in
2150 970 2422 1037 fluuium
2471 969 2829 1057 Chernech‚
2880 974 2992 1039 vbi

730 1088 1077 1166 separatur
1108 1100 1151 1147 a
1179 1086 1353 1147 terra
1382 1078 1662 1146 filiorum
1701 1077 2080 1158 Prebizlow,
2134 1078 2461 1164 incipiens
2508 1085 2732 1159 tenere
2780 1088 2990 1147 metas

732 1208 877 1256 cum
912 1187 1194 1254 Schnlen
1225 1186 1533 1255 Weznico
1566 1185 1770 1254 castri
1801 1184 1885 1252 de
1906 1185 2194 1270 Gordos,
2229 1193 2294 1252 et
2324 1185 2537 1253 eundo
2573 1186 2663 1252 ad
2696 1186 2992 1255 occiden-

731 1302 862 1363 tem
894 1297 961 1363 in
1012 1295 1240 1364 eodem
1289 1295 1431 1364 rino
1465 1291 1800 1362 Chernech
1852 1292 2035 1380 apud
2083 1295 2377 1379 arbores,
2432 1292 2745 1363 videlicet
2795 1295 2988 1380 ilicis,

731 1404 892 1489 tylie
921 1410 991 1470 et
1018 1403 1185 1490 fagi,
1235 1403 1302 1470 in
1334 1403 1570 1487 quibus
1620 1408 1722 1471 est
1752 1403 2014 1488 signum
2064 1405 2296 1488 crucis,
2349 1410 2696 1491 separatur
2741 1424 2785 1470 a
2815 1409 2996 1471 terra

734 1510 1041 1595 Schulen‚
1088 1510 1409 1596 incipiens
1463 1517 1689 1577 tenere
1720 1516 1930 1577 metas
1963 1529 2110 1579 cum
2159 1515 2336 1577 terra
2365 1510 2573 1576 Marci
2620 1517 2687 1578 et
2717 1509 2993 1578 aliorum

733 1618 818 1685 de
848 1637 1092 1702 genere
1121 1617 1477 1704 Dersinoy,
1529 1624 1594 1683 et
1624 1618 1839 1685 eundo
1888 1637 2004 1704 per
2056 1615 2334 1685 eandem
2383 1636 2624 1702 aquam
2655 1616 2993 1684 Chernech

734 1724 913 1810 apnd
943 1725 1211 1793 arbores
1243 1725 1310 1792 in
1345 1723 1603 1793 modum
1637 1725 1851 1793 crucis
1884 1725 2179 1810 signatas
2226 1730 2573 1811 separatur
2606 1744 2648 1790 a
2678 1732 2856 1790 terra
2887 1742 2993 1810 ge-

735 1830 1102 1898 neracionis
1134 1832 1477 1919 Dersiuoy,
1534 1840 1598 1900 et
1626 1839 1810 1900 tenet
1841 1840 2049 1901 metas
2099 1852 2246 1901 cum
2276 1830 2567 1917 Hudyna
2605 1830 2876 1915 Gemite,
2927 1836 2997 1896 et

732 1956 850 2024 per
880 1956 1122 2021 aquam
1155 1937 1490 2007 Chernech
1544 1940 1723 2007 cadit
1753 1941 1820 2007 in
1855 1939 2121 2006 fluuium
2156 1937 2458 2024 Chesma,
2514 1957 2632 2025 per
2662 1955 2855 2019 quem
2888 1935 2997 2003 de-

736 2045 1113 2113 scendendo
1165 2048 1303 2113 exit
1333 2046 1401 2113 in
1433 2047 1645 2115 riuum
1676 2049 2009 2134 Rogozna,
2063 2066 2180 2131 per
2209 2066 2403 2132 quem
2434 2044 2645 2113 tendit
2692 2043 2996 2131 superius

736 2170 968 2219 versus
999 2152 1396 2240 aquilonem,
1452 2161 1518 2222 et
1548 2153 1818 2221 dimittit
1847 2155 2057 2222 riuum
2087 2174 2368 2240 vergens
2417 2153 2505 2220 ad
2534 2152 2850 2219 orientem
2904 2150 2995 2218 ad

738 2262 1004 2329 dumurn
1037 2264 1345 2350 anellani,
1397 2272 1464 2331 et
1493 2266 1778 2333 tenendo
1810 2273 2021 2333 metas
2052 2284 2198 2332 cnm
2229 2263 2484 2330 Thoma
2525 2261 2661 2329 filio
2692 2263 2995 2329 Rorocon

741 2366 928 2435 iuxta
959 2370 1195 2437 siluam
1247 2391 1364 2457 pcr
1395 2379 1645 2441 terreas
1700 2379 1908 2440 metas
1940 2380 2007 2440 et
2037 2373 2308 2440 arbores
2348 2371 2647 2456 signatas
2696 2363 2999 2454 peruenit

739 2476 827 2542 ad
881 2477 1211 2562 quandam
1244 2478 1418 2545 viam
1468 2479 1557 2547 ad
1587 2486 1827 2548 terram
1858 2479 2160 2566 Magistri
2210 2478 2504 2562 Desteni‚
2556 2483 2622 2544 et
2650 2475 2746 2544 sic
2793 2476 3001 2542 intrat

739 2583 975 2652 siluam
1012 2585 1347 2654 Chernech
1378 2605 1606 2655 versus
1640 2587 1977 2671 orientem,
2028 2584 2432 2671 tendensque
2461 2604 2579 2673 per
2629 2589 2839 2651 metas
2870 2588 2995 2649 ter-

738 2712 888 2760 reas
938 2695 1026 2761 ad
1075 2695 1346 2763 arbores
1402 2694 1720 2780 signatae,
1773 2695 2009 2763 transit
2056 2695 2223 2763 duos
2275 2694 2455 2761 riuos
2502 2694 2879 2779 Rogomam
2929 2698 3001 2758 et

744 2799 1186 2885 Osscwpatak
1209 2819 1435 2868 versus
1466 2803 1993 2887 septemtrionem
2026 2800 2114 2869 ad
2135 2801 2431 2870 arborem
2461 2797 2669 2887 zylfiz,
2703 2799 2827 2867 sub
2857 2817 2997 2881 qna

742 2912 844 2972 est
867 2914 1120 2994 puteus,
1158 2913 1222 2973 et
1253 2907 1612 2993 procedens
1642 2927 1763 2996 per
1796 2909 1972 2976 viam
2006 2915 2071 2975 et
2099 2927 2215 2993 per
2240 2914 2449 2975 metas
2479 2914 2730 2975 terreas
2759 2923 2994 2972 versus

741 3010 1143 3080 occidentem
1195 3013 1374 3081 cadit
1411 3012 1478 3080 in
1530 3014 1741 3082 riuum
1775 3013 2226 3101 Chernnsnyk,
2279 3033 2396 3101 per
2427 3031 2620 3097 quem
2656 3009 2997 3080 deseendit

741 3119 810 3185 in
841 3140 1083 3205 aquam
1112 3120 1532 3208 Nogurbona,
1567 3129 1632 3189 et
1661 3122 1899 3190 transit
1926 3141 2166 3207 aquam
2199 3121 2496 3205 eandem,
2539 3125 2606 3187 et
2635 3138 2751 3206 per
2782 3126 2999 3186 metas

739 3233 989 3294 terreas
1021 3229 1200 3296 venit
1248 3228 1336 3296 ad
1367 3248 1610 3313 aquam
1656 3229 2004 3312 Brezeoch,
2057 3237 2123 3297 et
2154 3236 2501 3316 separatur
2547 3246 2592 3293 a
2637 3233 2812 3294 terra
2858 3227 2995 3291 Ma·

741 3333 934 3419 gistri
954 3336 1247 3419 Desteni‚
1282 3336 1603 3423 incipiens
1625 3344 1846 3405 tenere
1866 3347 2074 3405 metas
2108 3356 2253 3404 curn
2271 3336 2529 3403 Thoma
2548 3334 2680 3401 filio
2699 3335 2994 3401 Rorocon

739 3459 859 3525 per
879 3439 1157 3507 eandem
1175 3461 1435 3526 aquam,
1466 3461 1583 3527 per
1602 3461 1802 3525 quam
1822 3443 2031 3511 eciam
2051 3443 2229 3511 cadit
2246 3443 2315 3509 in
2336 3460 2577 3528 aquam
2595 3440 2995 3527 Kisurbona,

739 3568 856 3634 per
904 3567 1100 3633 quam
1148 3547 1334 3616 vadit
1383 3569 1584 3636 snpra
1631 3570 1837 3637 prope
1886 3552 2144 3641 domam
2198 3550 2435 3637 Zylya,
2495 3557 2559 3616 et
2606 3546 2992 3616 dimittendo

741 3675 980 3740 aquam
1013 3656 1289 3724 eandem
1321 3656 1390 3723 in
1422 3657 1707 3743 quadam
1732 3656 1906 3725 valle
1937 3678 2056 3745 per
2091 3677 2351 3726 cerasos
2388 3654 2688 3724 ascendit
2719 3655 2787 3722 in
2817 3675 2992 3722 mon-

740 3768 890 3848 tem,
940 3763 1218 3831 tenendo
1252 3772 1461 3832 metas
1495 3786 1640 3834 cnm
1693 3766 2138 3833 castrensibus
2179 3765 2261 3833 de
2295 3763 2704 3848 Chesrnicha‚
2758 3769 2823 3829 et
2852 3782 2994 3850 per-

740 3867 917 3936 uenit
935 3871 1022 3937 ad
1050 3872 1259 3940 riuum
1280 3872 1645 3959 Kopriwni,
1688 3893 1807 3960 per
1837 3893 2031 3960 quem
2051 3874 2262 3943 eundo
2293 3871 2593 3959 peruenit
2622 3872 2710 3937 ad
2728 3871 2994 3940 domum

739 3978 1078 4066 Dragyna,
1130 3988 1197 4046 et
1228 3979 1383 4048 inde
1413 4001 1532 4067 per
1562 4000 1824 4049 cerasos
1875 3989 1938 4049 et
1967 3980 2199 4066 pirum,
2234 3986 2300 4046 et
2328 3999 2450 4068 per
2501 3986 2712 4046 metas
2744 3984 2999 4046 terreas

689 4085 807 4166 in
841 4107 1071 4173 campo
1121 4088 1419 4174 peruenit
1467 4087 1555 4155 ad
1585 4089 1883 4157 arborem
1935 4088 2224 4171 sorbelli,
2275 4088 2399 4154 sub
2448 4107 2581 4172 qua
2631 4094 2734 4153 est
2776 4093 2999 4171 meta,
2977 4111 2993 4123 ·

737 4193 889 4260 hinc
919 4194 1218 4263 ascendit
1247 4214 1478 4282 parum
1511 4197 1578 4262 in
1610 4195 1854 4263 vallem
1890 4216 2115 4265 versus
2147 4195 2480 4281 orientem,
2529 4202 2596 4262 et
2624 4192 2999 4262 ascendens

738 4309 1021 4371 montem
1054 4323 1173 4388 per
1205 4309 1453 4370 terreas
1488 4310 1692 4371 metas
1725 4303 1910 4371 iuxta
1941 4303 2173 4371 vineas
2214 4302 2645 4371 castrensium
2682 4301 2767 4368 de
2798 4298 3000 4368 Ches-

738 4408 951 4477 miche
981 4410 1326 4478 reuertitur
1359 4410 1447 4477 ad
1493 4412 1772 4499 primam
1806 4417 2062 4495 metam,
2092 4417 2158 4477 et
2186 4409 2279 4477 ibi
2319 4408 2719 4479 terminatur.
2774 4404 3002 4473 Prima

738 4535 894 4583 vero
933 4522 1108 4584 meta
1139 4524 1309 4586 terre
1340 4517 1596 4603 Horost‚
1629 4523 1821 4605 prout
1842 4537 1960 4604 per
1983 4519 2026 4586 J
2029 4537 2227 4585 axam
2258 4517 2512 4585 Banum
2540 4515 2741 4582 filium
2774 4514 2999 4599 Isach,

744 4622 857 4707 qui
885 4622 970 4691 de
1001 4624 1312 4693 mandato
1343 4632 1564 4696 nostro
1613 4627 1828 4714 ipsum
1859 4628 1930 4693 in
1961 4626 2236 4694 eandem
2281 4624 2768 4712 possessionem
2798 4621 3003 4689 intro·
