3359 5250
1842 368 1976 432 444

779 587 950 650 uam,
1003 565 1067 632 in
1103 585 1236 651 qua
1287 564 1497 632 eundo
1530 561 1831 649 superius
1865 562 1952 629 ad
1985 562 2262 648 priorem
2318 566 2581 642 metam,
2632 557 2742 624 vbi
2783 563 2882 625 est
2916 559 3043 623 Ne-

777 675 933 741 nina
966 673 1212 741 mlaka.
1247 677 1319 740 In
1353 674 1537 741 cuius
1570 672 1665 739 rei
1701 671 2080 739 memoriam
2101 677 2166 738 et
2197 665 2650 738 certitudinem
2682 666 3041 751 pleniorem

775 789 1114 870 presentes
1163 783 1420 850 litteras
1462 781 1546 847 ad
1598 780 1988 867 peticionem
2023 778 2179 845 dicti
2212 777 2446 863 Bylote
2489 772 2884 860 supradictis
2916 773 3020 837 De

778 891 1008 958 metrio
1042 898 1107 958 et
1137 893 1441 975 Dragota
1492 890 1852 957 munimine
1886 888 2090 956 nostri
2125 886 2326 972 sigilli
2365 884 2751 952 contulimus
2784 882 3039 949 robora·

781 1006 907 1067 tas.
941 1005 1174 1066 Actum
1208 1019 1381 1066 anno
1417 996 1638 1081 gracie
1672 997 1765 1061 Μ0
1787 994 1917 1062 00⁰
1950 994 2487 1081 quinquagesimo
2523 999 2731 1060 sexto.

783 1182 1060 1265 (Ere‘detie
1089 1194 1433 1263 bb'rhartyan,
1478 1196 1734 1261 melynek
1762 1192 2047 1259 zum-fejer
2085 1191 2537 1259 selyemzsindron
2576 1191 2756 1255 fiigott
2797 1185 3037 1255 pecsetje

1238 1288 1519 1347 elveszett‚
1546 1301 1580 1337 a
1603 1285 1771 1338 budai
1788 1285 1891 1337 kir.
1918 1285 2168 1335 kamarai
2192 1278 2569 1347 leveltarban.)

1829 2017 1986 2085 315.

777 2202 838 2266 A
872 2202 1137 2288 qurdbi
1155 2203 1458 2287 lcciptalan
1483 2201 1719 2264 Perclin
1752 2200 2056 2264 comesnek
2083 2197 2429 2265 Glccvnz‘chcz
2453 2200 2713 2265 binah-dt
2732 2200 3035 2284 (dt-9902&

1454 2309 1749 2373 ikratcisa't
1780 2308 2130 2393 bizonyz'gja.
2165 2306 2359 2372 1256.

992 2505 1364 2592 Capitulum
1416 2505 1712 2571 Ecclesie
1763 2501 2232 2587 Zagrabiensis
2263 2505 2585 2571 vniuersis
2627 2509 3031 2591 presencium

777 2614 1091 2683 noticiam
1126 2612 1449 2680 habituris
1502 2613 1781 2679 salutem
1829 2612 1895 2679 in
1928 2611 2205 2679 Domino
2241 2612 2399 2679 Jesu
2432 2612 2711 2682 Christo.
2764 2614 2868 2682 Ad
2898 2620 3032 2686 vni-

776 2722 1110 2789 uersitatis
1145 2721 1453 2790 noticiam
1487 2722 1712 2788 harum
1745 2720 1915 2788 serie
1949 2721 2241 2789 volumus
2276 2723 2636 2806 peruenire,
2684 2724 2856 2807 quod
2890 2746 3031 2792 cum

776 2832 1094 2915 Magister
1116 2828 1476 2897 Bernaldus
1511 2829 1803 2916 phisicus
1838 2828 2083 2896 domini
2103 2830 2259 2895 Bele
2293 2831 2491 2913 Regis
2514 2832 2850 2917 Hungarie
2888 2855 3030 2902 cum

774 2938 1012 3006 litteris
1065 2939 1491 3023 preceptorijs
1542 2938 1836 3005 ciusdem
1889 2937 2130 3003 domini
2181 2937 2400 3022 Regis,
2456 2946 2523 3005 vt
2552 2960 2672 3007 nos
2724 2961 2855 3008 vna
2888 2961 3031 3009 cum

772 3047 917 3131 ipso
938 3043 1262 3112 hominem
1296 3048 1586 3110 nostrum
1612 3043 1962 3128 ydoneum,
2007 3063 2224 3111 coram
2260 3065 2386 3129 quo
2407 3046 2808 3132 prescriptus
2840 3050 3030 3118 homo

773 3155 1020 3236 Regius
1071 3152 1557 3238 possessionem
1593 3149 1962 3217 Glannicha
1996 3156 2317 3238 vocatam,
2370 3172 2496 3236 que
2548 3154 2875 3236 quondam
2916 3158 3033 3224 Ve-

775 3260 979 3345 lizlay
1014 3260 1157 3326 sine
1209 3257 1516 3324 heredum
1551 3257 1799 3324 solacio
1851 3276 2048 3323 sexus
2082 3258 2286 3324 virilis
2340 3259 2717 3328 decedentis
2750 3261 2893 3329 fore
2940 3263 3032 3329 di·

774 3369 1221 3454 nosscebatur‚
1256 3366 1449 3432 simul
1483 3386 1628 3431 cum
1662 3365 2192 3450 possessionibus
2226 3370 2655 3435 castrensium
2695 3369 2761 3436 in
2795 3369 3031 3438 eadem

779 3475 1148 3543 Glannicha
1200 3474 1648 3557 existentibus,
1704 3474 2047 3542 collacioui
2079 3475 2283 3559 Regie
2321 3479 2738 3562 pertinentes,
2793 3479 3032 3548 Comiti

777 3585 1069 3651 Pertlino
1123 3581 1486 3669 Capitaneo
1520 3581 1858 3650 Graciensi
1908 3601 2027 3669 per
2057 3588 2309 3649 ueteres
2359 3589 2568 3650 metas
2603 3591 2668 3650 et
2699 3589 3030 3673 antiquas,

775 3692 1151 3760 conuocatis
1203 3689 1665 3756 commetaneis
1701 3698 1765 3756 et
1797 3690 2026 3756 vicinis
2078 3691 2203 3756 rite
2236 3699 2299 3755 et
2328 3691 2615 3775 legitime
2664 3695 3031 3762 reambula-

775 3808 930 3883 tam,
985 3805 1175 3884 prout
1206 3800 1269 3865 in
1325 3799 1515 3865 dictis
1557 3798 1911 3884 Regalibus
1964 3800 2433 3885 continebatur,
2481 3810 2794 3888 perpetuo
2829 3805 3034 3889 possi-

775 3907 1059 3974 dendam
1094 3907 1484 3990 assignaret,
1536 3907 1591 3972 si
1625 3927 1754 3974 non
1788 3906 1955 3974 foret
1986 3905 2495 3992 contradictum3
2550 3909 3031 3978 contradictori·

773 4018 893 4085 bus
929 4024 1145 4083 autem
1179 4015 1375 4100 ydem
1428 4016 1619 4082 homo
1653 4014 1896 4100 Regius
1931 4023 2231 4100 presente
2262 4016 2456 4084 homo
2506 4024 2728 4083 nostro
2759 4018 2828 4084 in
2867 4020 3034 4087 eius-

775 4127 925 4194 dem
960 4124 1207 4194 domini
1241 4125 1314 4189 B.
1349 4123 1690 4210 presencia
1723 4125 2142 4209 comparendi
2174 4126 2515 4192 terminum
2557 4135 3032 4214 competentem

773 4233 1167 4318 assignaret.
1205 4232 1497 4314 Cumque
1549 4250 1669 4299 nos
1703 4241 2012 4318 precepto
2065 4239 2130 4299 et
2179 4232 2487 4301 mandato
2522 4233 2728 4318 Regio
2780 4237 3030 4303 obtem-

774 4348 1079 4427 perantes
1103 4359 1376 4405 vnacum
1409 4338 1770 4425 prescripto
1794 4340 2107 4424 Magistro
2142 4341 2471 4407 Bernaldo
2500 4340 2748 4426 phisico
2782 4342 3031 4410 domini

773 4451 976 4535 Regis
1010 4455 1075 4515 et
1095 4448 1551 4515 concanonico
1574 4448 1870 4515 Ecclesie
1902 4448 2245 4535 Budensis,
2267 4448 2636 4534 Nycolaum
2670 4457 2734 4517 et
2754 4451 3031 4517 Paulum

774 4558 1123 4642 Magistros
1150 4555 1642 4623 Concanonicos
1675 4557 1968 4625 Ecclesie
1989 4562 2208 4625 nostre
2242 4557 2535 4642 predicte
2567 4558 3031 4626 transmisisse—

773 4685 916 4733 mus
939 4691 955 4749 ;
1008 4665 1407 4753 prescriptus
1457 4665 1722 4732 tandem
1774 4664 1963 4733 homo
1996 4665 2240 4751 Regius
2292 4685 2436 4732 cum
2469 4665 2778 4751 predictis
2832 4667 3029 4752 sociis
