3359 5250
1421 376 1505 440 61

1406 943 1519 1011 40.

325 1129 507 1216 Opoy
538 1126 795 1192 Mnmk
821 1125 1024 1192 itelote
1042 1148 1085 1191 α
1116 1124 1320 1211 byn‘n'
1346 1122 1556 1188 vdrtdl
1584 1120 1961 1210 elmjdtitooe
1977 1121 2186 1211 javak
2206 1124 2579 1211 tdrqydban.

1360 1230 1556 1298 1238.

545 1428 684 1495 Nos
715 1425 908 1513 Opoy
937 1426 1159 1493 Banus
1209 1426 1421 1494 tocius
1455 1424 1803 1494 Sclauonie
1853 1424 1940 1492 ad
1991 1425 2300 1494 noticiam
2330 1428 2585 1495 vniuer-

329 1556 547 1605 sorum
595 1536 894 1602 volumus
943 1532 1287 1620 peruenire
1304 1584 1323 1618 ,
1374 1530 1551 1616 quod
1591 1531 1746 1599 dum
1794 1537 1947 1618 post
1997 1531 2334 1603 decessum
2384 1536 2584 1622 Regis

332 1642 593 1711 Andree
625 1643 795 1710 bone
843 1641 1153 1709 memorie
1181 1640 1650 1725 inquisiciones
1689 1659 1886 1727 super
1913 1644 2126 1709 terras
2179 1641 2266 1709 ad
2298 1649 2581 1711 castrum

330 1750 805 1838 pertinentibus
834 1748 1113 1815 fuissent
1144 1755 1390 1831 exorte,
1414 1747 1811 1833 jobagiones
1842 1747 2045 1814 castri
2090 1747 2174 1816 de
2204 1748 2419 1836 Byris,
2450 1760 2579 1821 sta-

333 1858 446 1925 tim
481 1858 638 1926 dum
667 1855 757 1923 ad
787 1857 1112 1924 Banatum
1142 1855 1570 1940 venissemus,
1623 1854 1711 1921 ad
1739 1874 1860 1922 nos
1893 1855 2298 1943 accedentes,
2350 1858 2433 1926 de
2462 1865 2583 1927 ter·

333 1967 423 2033 ris
473 1964 675 2033 castri
723 1963 1042 2032 violenter
1089 1962 1430 2049 occupatis
1481 1962 1821 2047 conquesti
1868 1961 2149 2048 fuerunt,
2202 1971 2270 2031 et
2310 1975 2583 2055 accepto

330 2069 668 2159 prestaldo
721 2068 896 2158 (igy)
945 2076 1190 2158 nostro,
1244 2075 1486 2137 etcum
1533 2068 1795 2137 bomine
1826 2069 2034 2155 Regio
2078 2072 2423 2142 Leustacio
2471 2096 2583 2145 no·

334 2180 527 2264 mine,
559 2185 769 2247 terras
801 2179 1020 2262 castri,
1072 2186 1210 2244 tam
1241 2178 1330 2245 ab
1362 2176 1534 2263 alijs,
1586 2196 1783 2261 quam
1816 2198 1858 2243 a
1885 2177 2061 2246 Jaxa
2100 2179 2469 2251 Uice-Bane
2517 2191 2584 2252 et

328 2287 642 2354 fratribus
689 2286 827 2353 suis
878 2283 1171 2372 vterinis,
1220 2291 1539 2370 receptas,
1570 2283 1880 2351 videlieet
1925 2283 2010 2352 de
2054 2283 2359 2374 Georgio,
2393 2290 2576 2358 Wra-

330 2414 498 2481 cyno
532 2398 600 2459 et
635 2393 916 2476 Yncone,
948 2397 1164 2458 castro
1196 2389 1619 2457 restituerunt
1650 2381 1839 2457 iuxta
1873 2390 2350 2461 institucionem
2381 2397 2582 2483 Regis

330 2504 403 2572 B.
437 2509 506 2571 et
524 2501 864 2570 Golomani
893 2500 960 2567 in
983 2503 1276 2566 nostram
1306 2496 1746 2583 sentenciam3
1781 2495 2115 2584 predictus
2145 2506 2366 2570 autem
2398 2504 2581 2573 Vice-

331 2611 557 2681 Banus
576 2617 645 2678 et
672 2608 907 2676 fratres
937 2607 1041 2676 sui
1059 2605 1363 2693 superius
1391 2604 1725 2691 nominati,
1773 2604 1928 2674 dum
1960 2614 2180 2676 castro
2198 2616 2265 2677 et
2282 2610 2581 2699 jobagio-

331 2721 527 2787 nibus
547 2718 840 2787 eiusdem
870 2715 1348 2784 satisfecissent
1363 2715 1434 2781 in
1461 2722 1689 2783 nostra
1716 2717 2072 2803 presencia,
2107 2724 2345 2787 terram
2378 2740 2580 2803 quan·

331 2830 482 2896 dam
501 2826 969 2896 hereditariam
987 2825 1250 2894 nomine
1269 2823 1627 2907 Dobowch,
1653 2829 1881 2891 eontra
1909 2843 2106 2907 quam
2130 2825 2371 2912 prefati
2390 2829 2580 2913 joba·

331 2935 568 3022 giones
600 2936 849 3003 nullam
901 2950 1165 3001 causam
1196 2937 1543 3019 potuerunt
1571 2949 1955 3017 proponere,
1989 2931 2336 3018 diligenter
2367 2936 2581 3021 pecie-

331 3051 499 3128 runt,
532 3052 607 3110 vt
639 3044 722 3109 de
749 3051 929 3109 terra
955 3039 1251 3127 predicta
1280 3039 1536 3106 litteras
1571 3038 2089 3107 confirmatorias
2119 3046 2578 3125 prestaremus.

333 3150 492 3219 Cum
545 3158 763 3219 autem
811 3149 1001 3217 iustis
1031 3146 1465 3235 peticionibus
1513 3145 1863 3213 cuiuslibet
1881 3146 2033 3231 ⁸jure
2081 3146 2300 3214 debito
2347 3152 2579 3218 conele-

334 3259 646 3327 scendere
673 3264 1032 3343 teneamur,
1086 3256 1340 3324 litteras
1370 3260 1630 3323 nostras
1660 3252 1910 3320 eisdem
1955 3254 2341 3324 contulimus
2370 3256 2579 3344 dupli-

332 3366 424 3434 cis
473 3360 686 3450 sigilli
731 3363 939 3432 nostri
987 3361 1338 3430 munimine
1386 3361 1751 3442 roboratas,
1812 3377 1931 3445 per
1977 3358 2234 3428 fidelem
2283 3371 2576 3432 nostrum

333 3472 735 3560 prestaldum
768 3470 1115 3539 Nicolaum
1143 3469 1347 3536 filium
1378 3468 1560 3535 Iwan
1591 3472 1835 3533 terram
1866 3464 2192 3552 prefatam
2231 3470 2418 3539 metis
2450 3492 2579 3540 eer-

334 3582 416 3649 tis
447 3575 878 3665 assignando.
910 3576 1111 3645 Cuius
1141 3583 1314 3642 terre
1344 3575 1716 3643 Dobrowch
1746 3583 1921 3641 meta
1967 3575 2198 3661 incipit
2244 3576 2328 3644 de
2377 3579 2577 3648 fluuio

333 3685 746 3773 Bogachaieb
776 3685 866 3752 ad
895 3691 1152 3771 partem
1184 3682 1654 3751 occidentalem
1702 3681 1789 3749 ad
1820 3701 2016 3749 vnam
2046 3682 2347 3751 arborem
2377 3686 2577 3773 pomi·

334 3794 543 3862 feram
574 3793 765 3860 iuxta
791 3792 1049 3876 siluam,
1082 3791 1206 3858 sub
1239 3810 1372 3877 qua
1401 3795 1505 3858 est
1534 3795 1712 3856 meta
1737 3796 1991 3873 terrea3
2035 3788 2272 3858 deinde
2299 3792 2578 3862 tendens

333 3900 419 3968 ad
448 3900 756 3971 occidens
773 3920 894 3987 per
922 3900 1160 3969 siluam
1188 3900 1272 3967 ad
1307 3899 1574 3966 arbores
1604 3916 1793 3965 cruce
1829 3899 2144 3984 signatas,
2183 3900 2452 3969 veniens
2483 3903 2572 3971 ad

336 4010 631 4077 arborem
652 4006 1034 4094 pomiferam
1055 4027 1140 4075 ex
1171 4007 1308 4074 alia
1339 4012 1525 4093 parte
1557 4005 1749 4091 silue,
1783 4011 1969 4073 etest
1997 4005 2120 4073 sub
2140 4005 2371 4074 eadem
2403 4016 2577 4079 meta

333 4124 583 4202 terrea3
634 4115 874 4183 exinde
920 4116 1135 4201 vergit
1165 4115 1407 4182 directe
1456 4113 1732 4181 tendens
1762 4112 1852 4178 ad
1899 4134 2097 4181 vnum
2145 4132 2442 4202 campum
2492 4120 2579 4187 ad

334 4225 649 4307 arborem,
682 4242 810 4307 que
838 4222 1074 4291 dicitnr
1107 4222 1437 4309 gurtayfa,
1470 4222 1593 4290 sub
1624 4240 1758 4306 qua
1787 4229 1963 4289 meta
1992 4228 2245 4308 terrea3
2281 4223 2427 4290 binc
2457 4247 2577 4311 per

337 4331 782 4419 supradictum
829 4330 1110 4398 rinulum
1137 4329 1348 4397 tendit
1377 4329 1677 4416 superius
1726 4327 1850 4395 sub
1880 4328 2130 4412 vineas,
2172 4337 2237 4397 et
2266 4328 2420 4398 inde
2451 4331 2575 4402 dis·

334 4439 619 4524 iungitur
648 4437 732 4505 de
761 4437 974 4505 riuulo
1003 4435 1280 4504 tendens
1310 4454 1430 4521 per
1459 4454 1657 4502 vnam
1675 4434 1920 4503 vallem
1950 4435 2038 4502 ad
2064 4435 2241 4503 viam
2260 4457 2472 4526 vnam,
2510 4449 2575 4510 et

335 4547 398 4613 in
429 4549 556 4613 fine
586 4546 783 4613 vallis
834 4546 1010 4612 illius
1041 4547 1229 4613 iuxta
1272 4546 1457 4610 illam
1508 4545 1679 4612 viam
1726 4549 1826 4611 est
1855 4554 2030 4612 meta
2058 4552 2308 4633 terrea3
2364 4556 2431 4614 et
2458 4549 2575 4616 illa

334 4655 443 4722 via
471 4653 678 4721 tendit
710 4653 799 4720 ad
828 4663 1083 4741 partem
1135 4653 1648 4738 meridionalem,
1688 4653 1781 4720 ibi
1812 4651 2185 4739 adiungitur
2216 4657 2303 4722 ad
2331 4662 2572 4725 terram
