3359 5250
1853 374 1987 445 546

766 581 920 657 nek
985 576 1352 679 (Thomas
1410 576 2011 656 Archidiacouus
2069 573 2575 677 spalatensis)
2660 575 3058 673 „Historia

766 706 1404 801 Salonitana“-ja‚
1464 727 1502 779 s
1540 729 1603 780 a⁴
1622 706 1959 802 meglevo
2016 706 2371 805 okmanyi
2411 714 2821 805 apparatus
2862 704 3057 781 altal

765 832 1263 930 kiegesziteni
1303 836 1386 907 es
1424 833 1812 908 bovebben
1871 832 2213 929 kifejteui
2279 832 2628 926 szoktak‚
2675 832 3053 930 Rogerius

769 958 1199 1035 mesternek
1239 953 1369 1057 (M.
1411 956 1785 1053 Rogerius
1814 954 2238 1033 Canonicus
2270 952 2810 1056 Varadiensis)
2850 981 3056 1033 mun-

766 1084 950 1180 kaja
1008 1083 1377 1180 „Carmen
1444 1082 1877 1174 miserabile
1951 1106 2177 1182 super
2231 1084 2730 1161 destructione
2796 1084 3051 1180 Regni

767 1207 1204 1305 Hungariae
1240 1233 1374 1307 per
1394 1209 1768 1285 Tartaros
1807 1210 2087 1283 facta.“
2129 1179 2279 1306 igy
2318 1208 2715 1285 kesziiltek
2754 1210 3049 1306 tuluyo·

769 1336 1021 1430 molag
1094 1334 1521 1410 nevszerint
1596 1331 1880 1433 Szalay
1940 1332 2372 1408 Laszlonak
2430 1332 2587 1433 (,‚A
2646 1335 3050 1430 tatarjaras

771 1460 1467 1562 Magyarorszagon
1508 1460 2115 1535 1241—-1242.“
2142 1461 2345 1553 Pest‚
2374 1454 2641 1557 1856.)
2684 1463 2768 1535 es
2806 1458 3047 1557 Rosty

770 1585 1333 1683 Zsigmondnak
1375 1581 1526 1686 (,‚A
1549 1588 1953 1683 tatarjaras
1994 1587 2430 1664 tortenelme
2450 1584 2834 1684 negyedik
2856 1585 3051 1660 Bela

772 1713 1026 1811 kiraly
1068 1712 1491 1809 idejeben.“
1518 1713 1723 1805 Petet,
1776 1707 2038 1810 1856.)
2079 1712 2423 1808 munkai3
2465 1736 2503 1786 s
2544 1717 2677 1810 igy
2717 1715 2819 1787 irt
2855 1734 2902 1784 a
2941 1721 3048 1787 ta-

775 1839 1215 1935 tarjarasrol
1255 1837 1758 1934 Kukuljevics
1796 1837 1984 1912 Ivan
2022 1839 2114 1932 is,
2177 1840 2434 1913 ambar
2471 1838 2771 1913 ezektol
2816 1838 3048 1913 eltetti

774 1965 1143 2064 iranyban
1168 1960 1503 2063 („Borba
1525 1963 1872 2040 Hrvatah
1895 1987 1933 2039 s
1955 1964 2286 2059 Mougoli
2329 1967 2356 2041 i
2376 1962 2722 2058 Tatari“,
2745 1964 3045 2058 Zagrab

787 2086 1075 2190 1863.).
1117 2088 1463 2167 Aharom
1496 2091 1693 2187 adat,
1733 2092 2016 2191 melyet
2052 2092 2142 2166 itt
2179 2091 2482 2185 kozlok,
2522 2096 2683 2166 mas
2721 2091 3047 2166 oldaltol

776 2240 941 2292 nem
1001 2216 1384 2293 kevesbbe
1440 2226 1836 2292 nevezetes
1875 2217 2456 2312 felvilagositast
2508 2218 2764 2316 nyujt3
2823 2240 2871 2290 a
2916 2218 3048 2292 mit

775 2340 1074 2416 hazank
1134 2341 1755 2419 tortenetiroinak
1811 2342 2208 2447 kozvetlen
2245 2342 2696 2444 figyelmebe
2749 2343 3043 2420 szinteu

779 2467 1107 2563 ajanlok.

1882 2665 1948 2746 Ι.

774 2819 989 2900 XIII.
1024 2828 1308 2902 szdzadi
1360 2828 1720 2904 tudo-«zitas
1760 2856 1810 2903 a
1846 2824 2333 2928 monqolokrol
2368 2832 2620 2928 vaqyz's
2679 2827 2903 2904 alahor
2938 2827 3041 2903 al·

1425 2951 1722 3028 taldban
1760 2957 1835 3026 zi.
1876 2979 1951 3025 π.
1991 2951 2398 3027 tatdrokrol.

783 3110 1048 3177 Liber
1095 3112 1196 3177 de
1248 3110 1589 3195 Regnis
1635 3110 2155 3194 aliquarum
2201 3109 2663 3176 nationum
2712 3131 3041 3196 preser-

1520 3216 1670 3282 tim
1718 3216 2323 3286 barbararum.

928 3363 995 3430 (A
1018 3360 1332 3414 munkAnak
1353 3362 1510 3413 XIII.
1538 3359 1750 3414 azazadi
1779 3360 2020 3426 szerzb'je
2041 3359 2284 3426 magarol
2310 3369 2399 3413 azt
2418 3363 2672 3428 mondJa:
2705 3367 2807 3425 „Et
2832 3383 2936 3432 ego
2956 3368 3037 3417 bis

785 3455 862 3506 sui
885 3471 1127 3521 prosena,
1151 3470 1314 3520 quum
1334 3455 1554 3506 Tartari
1574 3452 1848 3505 dominum
1871 3469 2059 3505 eorum
2079 3453 2335 3504 volebant
2353 3470 2553 3520 ponere
2573 3457 2627 3504 in
2652 3455 2844 3506 throno
2865 3455 3034 3522 Impe-

777 3547 982 3596 raterie
1001 3545 1324 3607 Maiestatis,
1347 3545 1439 3611 qni
1465 3549 1865 3596 antecessorum
1886 3559 2106 3596 suorum
2131 3543 2351 3595 modum
2375 3561 2471 3611 per
2496 3547 2678 3596 omnia
2702 3547 3031 3610 tenuerunt)

1037 3688 1193 3753 .De
1231 3684 1515 3756 modis
1561 3692 1643 3752 et
1689 3685 2089 3756 moribus
2136 3688 2743 3754 Tartarorum.

990 3831 1252 3900 Tartari
1303 3839 1457 3900 sunt
1508 3832 1595 3899 ab
1643 3831 1798 3899 aliis
1849 3830 2236 3900 nacionibus
2282 3830 2583 3918 gencium
2632 3830 2921 3900 moribus
2973 3839 3037 3898 et

780 3940 993 4009 modis
1025 3939 1123 4008 sic
1156 3939 1423 4024 diuersi,
1476 3939 1653 4028 quod
1685 3940 1799 4007 vix
1828 3945 2054 4027 posset
2100 3940 2352 4026 absque
2380 3939 2556 4008 tedio
2606 3939 2899 4027 ipsorum
2939 3941 3035 4006 di-

777 4052 1061 4120 versitas
1092 4048 1434 4136 explicari.
1466 4047 1756 4116 Credunt
1787 4048 1958 4116 enim
1990 4048 2374 4135 simpliciter
2404 4049 2471 4115 in
2491 4050 2724 4134 Deum,
2758 4055 2826 4115 et
2856 4049 3035 4116 invo-

780 4164 935 4227 cant
980 4177 1214 4227 nomen
1249 4156 1389 4224 eius
1439 4164 1506 4223 et
1537 4156 1945 4239 confitentur,
1994 4155 2207 4222 Deum
2238 4172 2383 4222 esse
2430 4154 2939 4242 omnipotentem
2971 4139 3041 4224 et

776 4267 1233 4335 immortalem.
1264 4263 1448 4330 Nulli
1484 4262 1695 4332 minae
1727 4262 2010 4331 inferunt
2038 4283 2167 4330 non
2196 4261 2618 4348 proponendo
2648 4283 2885 4332 nomen
2906 4266 3034 4332 Dei

779 4382 845 4443 et
876 4372 1155 4443 dicendo
1187 4373 1321 4439 sic:
1356 4371 1547 4438 Norit
1577 4373 1759 4440 Deus
1790 4371 1949 4457 quid
1980 4370 2100 4438 tibi
2137 4369 2395 4457 faciam,
2432 4377 2497 4438 et
2526 4371 2789 4440 similia.
2824 4372 3033 4439 Aliter

778 4503 934 4552 vero
968 4484 1182 4550 Deum
1217 4481 1588 4549 nullatenus
1637 4486 2016 4548 reverentur
2062 4500 2180 4567 per
2209 4480 2458 4548 ieiunia
2489 4488 2555 4547 et
2597 4482 2937 4550 oraciones
2970 4492 3037 4550 et

778 4590 1173 4674 afficciones‚
1225 4589 1334 4656 vel
1364 4589 1498 4672 alio
1529 4609 1789 4675 quoquo
1840 4589 2054 4672 modo,
2106 4588 2278 4656 sicut
2308 4587 2505 4655 debet
2552 4588 2767 4657 facere
2816 4591 3031 4678 homo,

780 4700 892 4783 qui
925 4702 1139 4764 Deum
1171 4693 1379 4763 credit
1412 4715 1579 4764 esse.
1632 4696 1889 4763 Tartari
1920 4698 2245 4764 hominem
2278 4695 2640 4765 interficere
2674 4719 2802 4767 non
2847 4721 3037 4788 repu-
