3359 5250
1390 367 1525 449 465

1365 963 1521 1031 329.

324 1141 504 1211 Ohdk
530 1144 767 1232 ker-alys
793 1142 1230 1211 teir-nolemester
1260 1148 1322 1208 ἐκ
1351 1144 1525 1209 salai
1547 1137 1953 1231 fdispdnnak
1982 1144 2146 1223 birdi
2189 1140 2576 1226 hatdrozata,

320 1252 607 1339 melylyel
624 1252 924 1338 Kuppan,
944 1250 1140 1317 Hada
1170 1255 1232 1315 e's
1253 1250 1616 1317 Ldszldnak
1649 1250 1912 1316 bimokdt
1928 1251 2352 1337 azabdlyozza.
2378 1250 2574 1317 1257.

541 1447 729 1517 Ohak
770 1449 1090 1536 Magister
1137 1447 1651 1517 Tauarnicorum
1702 1446 1949 1518 domini
1977 1447 2176 1534 Regis
2228 1455 2294 1515 et
2339 1447 2574 1518 Comes

321 1557 738 1639 Zaladiensis
768 1559 1066 1629 omnibus
1114 1564 1482 1645 presentem
1512 1558 1821 1645 paginam
1867 1556 2259 1644 inspecturis
2295 1560 2575 1626 salutem

318 1671 387 1736 in
418 1671 708 1739 omnium
736 1671 1088 1739 saluatore.
1137 1669 1607 1738 Vniuersorum
1634 1668 1875 1738 noticie
1907 1676 2132 1737 tenore
2162 1669 2574 1755 presencium

318 1776 627 1846 duximus
647 1777 1133 1863 declarandum,
1166 1777 1344 1864 quod
1368 1798 1514 1846 cum
1545 1776 1846 1847 dominus
1866 1784 2087 1846 noster
2108 1778 2273 1845 Bela
2291 1777 2575 1846 Illustris

315 1887 465 1954 Rex
492 1888 780 1972 Vngarie
831 1894 896 1956 et
926 1889 1079 1955 Dux
1127 1887 1323 1954 Stin-ie
1353 1887 1441 1956 ad
1479 1887 1873 1957 Comitatum
1924 1888 2380 1957 Zaladiensem
2428 1889 2572 1955 vice

314 2015 597 2083 persone
644 2014 763 2063 sue
795 1998 1182 2066 auctoritate
1226 1995 1509 2085 pleniori
1544 2018 1662 2086 pro
1713 1997 1910 2066 factis
1940 2004 2258 2065 terrarum
2307 2003 2373 2065 et
2420 1996 2572 2081 aliJs

314 2104 572 2173 iuribus
602 2104 823 2175 Castri
871 2104 1161 2174 indebite
1208 2105 1546 2193 occupatis
1599 2126 1716 2175 seu
1758 2105 2041 2175 detentis
2090 2122 2211 2176 nos
2261 2104 2569 2188 misisset,

319 2212 544 2283 dando
573 2213 641 2281 in
691 2214 1044 2301 mandatis,
1094 2219 1164 2282 ut
1194 2214 1365 2283 sieut
1413 2215 1561 2283 iura
1592 2215 1809 2283 Castri
1858 2214 1961 2284 sui
1990 2235 2109 2303 per
2149 2215 2319 2284 alios
2368 2214 2572 2282 nollet

315 2321 618 2407 detineri,
674 2322 772 2389 sic
804 2330 872 2391 et
899 2323 1176 2391 aliorum
1207 2323 1352 2392 iura
1384 2346 1513 2393 non
1545 2330 1899 2411 pateretur,
1946 2344 2067 2392 nec
2097 2345 2216 2394 nos
2246 2323 2571 2410 permitte·

312 2449 538 2499 remus
569 2449 688 2517 per
717 2428 1041 2517 Castrum,
1073 2452 1190 2500 seu
1222 2432 1498 2519 populos
1532 2433 1619 2500 ad
1652 2433 1955 2501 Castrum
1985 2432 2402 2519 pertinentes,
2454 2431 2572 2498 ali-

312 2548 641 2626 quatenus
672 2539 1005 2628 occupari,
1037 2540 1156 2608 sed
1183 2542 1412 2627 pocius
1444 2541 1761 2627 inquisita
1789 2537 2347 2630 pleniusjueritate
2374 2539 2568 2606 finem

315 2647 608 2718 debitum
640 2650 711 2718 in
738 2650 1034 2738 negocijs
1081 2650 1331 2718 talibus
1380 2651 1645 2718 racione
1675 2651 1903 2736 preuia
1948 2651 2344 2736 faceremus3
2402 2650 2571 2717 inter

313 2766 542 2827 cetera
586 2758 895 2847 Kuppan,
947 2759 1146 2827 Hada
1193 2767 1260 2827 et
1307 2758 1659 2828 Ladizlaus
1707 2759 1797 2827 ad
1844 2767 2140 2827 nostram
2195 2758 2568 2826 accedendo

313 2866 730 2954 presenciam
757 2868 948 2936 nobis
978 2867 1450 2954 querimoniam
1487 2873 1913 2955 perrexerunt
1948 2868 2020 2934 in
2068 2865 2236 2934 hunc
2267 2864 2567 2934 modum:

312 2977 511 3057 Quod
540 2998 684 3046 cum
733 2985 1026 3062 tempore
1057 2979 1481 3044 Tartarorum
1510 2983 1779 3063 propter
1807 2977 2205 3064 paucitatem
2252 2963 2470 3044 eorum
2502 2983 2570 3042 et

312 3108 624 3174 guerram
653 3087 945 3173 nimiam,
978 3106 1060 3153 ac
1089 3085 1406 3170 timorem,
1461 3104 1587 3169 que
1618 3085 1819 3153 corda
1848 3085 1986 3151 fere
2034 3084 2320 3153 omnium
2364 3084 2562 3154 homi-

314 3218 478 3266 num
505 3198 891 3282 incusserat,
941 3213 1015 3262 se
1046 3215 1192 3262 cum
1222 3193 1415 3261 terris
1446 3194 1580 3261 suis
1609 3193 2130 3280 speculatoribus
2166 3192 2568 3260 Zaladiensi·

316 3305 444 3374 bus
478 3305 562 3373 de
591 3304 826 3372 Karka
872 3302 1342 3387 adiunxissent,
1393 3310 1464 3369 ut
1492 3300 1846 3371 coadunati
1882 3319 1956 3368 se
2003 3308 2274 3396 possent
2320 3307 2567 3370 susten·

313 3421 464 3482 tare
495 3411 899 3482 commodius
920 3417 984 3478 et
1009 3411 1200 3496 tueri,
1232 3409 1437 3497 inem
1455 3411 1895 3498 speculatores
1913 3409 2098 3497 ipsis,
2131 3419 2198 3478 et
2226 3410 2354 3496 ipsi
2376 3408 2566 3479 dictis

311 3521 833 3609 speculatoribus
883 3519 1175 3587 vicissim
1234 3519 1302 3585 in
1353 3518 1650 3588 omnibus
1709 3518 2088 3605 affuissent;
2152 3520 2565 3606 postmodum

311 3637 536 3698 autem
563 3648 683 3717 per
703 3627 1016 3695 Diuinam
1043 3627 1358 3714 pietatem
1375 3629 1605 3715 Regno
1639 3628 1727 3696 ad
1758 3634 1997 3696 statum
2016 3628 2357 3696 meliorem
2371 3628 2567 3697 refor-

315 3744 498 3807 mato
529 3737 693 3805 etin
714 3734 1258 3821 tranquillitatem
1287 3737 1520 3822 posito,
1554 3755 1703 3804 cum
1735 3756 1811 3803 se
1828 3757 1974 3805 cum
2004 3736 2195 3804 terris
2229 3757 2451 3805 eorum
2480 3736 2565 3804 ab

311 3846 605 3933 ipsorum
624 3845 1100 3933 speculatorum
1130 3845 1467 3915 consorcio
1487 3864 1801 3933 separare
1819 3845 2196 3935 voluissent,
2236 3855 2564 3931 canentes,

313 3976 400 4023 ue
431 3954 720 4025 libertati
747 3954 1038 4041 ipsorum
1056 3950 1308 4038 aliquid
1341 3953 1743 4042 impingatur
1767 3962 2030 4043 propter
2064 3956 2229 4024 tanti
2254 3954 2565 4042 temporis

309 4061 779 4152 prolixitatem,
816 4071 883 4133 et
914 4070 1381 4148 consequenter
1412 4066 1699 4149 ipsorum
1743 4066 2092 4134 heredibus
2136 4068 2205 4133 in
2236 4065 2560 4149 futurum3

309 4171 518 4259 ijdem
570 4172 1018 4260 speculatores
1050 4178 1117 4238 et
1144 4171 1376 4240 fratres
1426 4172 1530 4240 sui
1561 4173 1751 4240 nobis
1783 4173 2037 4242 litteras
2086 4173 2330 4244 domini
2359 4173 2561 4257 Regis

314 4289 790 4370 presentarunt,
823 4289 893 4351 ut
925 4281 1265 4351 sciscitata
1284 4282 1542 4370 plenius
1571 4283 1851 4351 ueritate
1879 4283 1963 4350 de
1992 4284 2276 4369 ipsorum
2315 4283 2562 4351 iuribus

315 4401 381 4462 et
410 4400 589 4464 statu
620 4394 816 4461 finem
867 4392 1156 4462 debitum
1186 4391 1567 4460 faceremus.
1621 4394 1860 4460 Verum
1891 4391 2218 4481 (quamuis
2255 4390 2564 4480 rece)ptis

312 4501 547 4571 litteris
565 4501 810 4571 domini
840 4501 1040 4589 Regis
1059 4509 1125 4570 et
1155 4501 1467 4589 inspectis
1499 4501 1582 4569 de
1613 4504 1906 4589 ipsorum
1926 4509 2102 4572 statu
2132 4504 2340 4572 libero
2368 4501 2561 4570 nobis

163 4583 192 4640 ⁵·
314 4611 666 4710 manifesta
695 4619 763 4682 et
792 4611 1062 4710 euidens
1107 4611 1290 4680 racio
1321 4612 1682 4700 patuisset;
1735 4617 1955 4679 tamen
1987 4610 2073 4678 ad
2120 4612 2433 4678 maiorem
2464 4609 2562 4676 rei

312 4705 720 4792 euidenciam
753 4744 898 4792 cum
929 4720 1248 4810 seri(atim
1281 4718 1572 4810 domino)
1606 4720 1769 4804 Regi
1800 4720 2043 4788 factum
2075 4720 2367 4807 ipsorum
2407 4718 2561 4784 reci-

404 4857 606 4899 ποιων.
639 4862 802 4899 nune.
835 4842 978 4898 mer?
1007 4861 1149 4896 nm.
1192 4868 1260 4879 -·
1303 4850 1363 4889 12·
2156 4839 2236 4896 30
