3359 5250
1845 334 1983 409 560,

781 532 1242 621 Apostolorum
1272 529 1449 597 Petri
1506 534 1571 595 et
1601 531 1794 598 Pauli
1826 532 2125 617 proximo
2174 537 2527 619 transacto,
2581 540 2904 602 venerunt
2945 529 3032 599 ad

780 643 1029 710 Ducem
1061 639 1606 707 Morducanorum
1653 639 1950 726 alterum,
2005 639 2114 723 qui
2148 639 2377 709 eodem
2410 640 2517 708 die
2566 659 2872 727 egressus
2904 659 3034 724 qno

783 749 888 817 isti
923 754 1255 833 venerant,
1290 768 1434 814 cum
1467 735 1616 816 toto'
1637 748 1880 835 populo
1913 757 1979 816 et
2011 747 2289 835 familia,
2340 749 2506 815 sicut
2538 749 2840 836 superins
2874 748 3033 814 dixi·

781 880 945 944 mus,
976 857 1314 925 Tharlaris
1347 878 1419 925 se
1452 857 1748 925 subiecit.
1802 858 1903 924 De
1935 864 2170 942 ceter0,
2223 857 2381 942 quid
2414 857 2499 925 de
2529 858 2781 927 duobus
2812 856 3033 924 fratri-

782 968 903 1037 bus
933 966 1067 1035 illis
1098 965 1344 1034 factum
1377 967 1486 1051 sit,
1539 972 1752 1033 utrum
1786 967 2020 1033 mo1tui
2046 966 2196 1051 sint,
2254 966 2359 1033 vel
2392 985 2435 1033 a
2466 968 2648 1033 Duce
2694 966 2830 1033 iam
2861 965 3034 1032 dicto

784 1075 870 1144 ad
901 1076 1260 1144 Thartaros
1310 1072 1593 1161 deducti,
1644 1077 1906 1161 penitus
1939 1076 2296 1160 ignoratur.
2349 1076 2496 1144 Duo
2527 1074 2766 1142 fratres
2811 1073 3036 1156 relicti,

783 1186 1201 1252 ammirantes
1252 1182 1335 1249 de
1367 1202 1552 1251 mora
1583 1182 1977 1267 eorumdem,
2023 1183 2199 1249 circa
2230 1181 2470 1250 festum
2501 1182 2842 1250 Michaelis
2894 1201 3035 1267 pro·

782 1293 958 1363 ximo
1006 1291 1409 1359 celebratum
1460 1289 1774 1357 miserunt
1812 1289 2160 1374 quemdam
2193 1291 2629 1378 interpretem,
2683 1290 2767 1356 de
2816 1309 3039 1357 eorum

781 1405 917 1471 vita
950 1399 1288 1488 cupientes
1320 1399 1706 1482 certificari3
1760 1418 1950 1481 quem
1983 1398 2183 1466 etiam
2229 1396 2605 1466 Mordncani
2654 1397 3039 1465 invadentes

784 1511 1174 1579 occiderunt.
1229 1510 1370 1594 Ego
1404 1515 1641 1594 autem,
1693 1514 1758 1574 et
1788 1510 1948 1575 socii
1984 1509 2127 1595 mei,
2162 1509 2460 1577 videntes
2492 1517 2730 1576 terram
2762 1529 2805 1573 a
2835 1506 3040 1574 Thar-

781 1622 945 1688 taris
996 1624 1420 1705 occupatam,
1486 1625 1552 1686 et
1599 1618 1906 1703 regiones
1969 1617 2250 1685 munitas
2300 1616 2778 1705 conspicientes
2841 1615 3041 1682 etiam

782 1728 1030 1796 nullum
1062 1729 1340 1794 fructum
1369 1726 1825 1810 fructificandi,
1875 1730 2117 1794 reversi
2151 1745 2374 1792 sumus
2406 1723 2492 1792 ad
2524 1723 2926 1809 Ungariam3
2974 1730 3042 1790 et

786 1840 942 1906 licet
970 1857 1087 1926 per
1139 1836 1378 1905 multos
1411 1836 1736 1904 exercitus
1770 1840 1835 1902 et
1867 1835 2153 1902 latrones
2198 1836 2633 1919 transivimus,
2666 1836 2907 1901 Sancte
2940 1839 3035 1898 ta·

787 1965 932 2014 men
964 1946 1258 2013 Ecclcsie
1309 1943 1718 2013 orationibus
1769 1948 1834 2010 et
1869 1943 2119 2009 meritis
2152 1943 2682 2029 suffragantibuS,
2740 1942 3038 2028 perveni·

788 2074 929 2123 mus
961 2054 1046 2121 ad
1101 2054 1336 2121 fratres
1369 2060 1626 2122 nostros
1678 2060 1747 2118 et
1777 2052 2131 2118 claustrum
2173 2051 2529 2119 incolumes
2580 2060 2646 2119 et
2697 2050 3039 2117 immunes.

786 2164 1089 2232 Ceterum
1136 2183 1280 2229 cum
1331 2161 1466 2228 tale
1498 2161 1622 2227 Dei
1654 2159 1989 2244 flagellum
2038 2159 2348 2227 adveniat
2378 2167 2443 2226 et
2491 2158 2905 2243 adproximet
2953 2154 3044 2221 ad

785 2271 956 2341 filios
1005 2270 1300 2338 Ecclesie
1351 2290 1589 2356 sponse
1642 2268 1907 2352 Christi,
1967 2266 2125 2351 quid
2174 2266 2485 2335 fratribus
2536 2269 2641 2334 his
2696 2265 3045 2351 agendum,

788 2378 1071 2465 quidque
1123 2378 1494 2445 faciendum
1545 2378 1649 2462 sit,
1687 2379 1917 2443 Vestre
1951 2376 2336 2443 Sanctitatis
2389 2376 2694 2443 discretio
2736 2373 3040 2459 dignetur

791 2485 1070 2553 sollicite
1121 2485 1483 2572 providere.
1536 2484 1861 2568 Preterea,
1911 2489 1981 2549 ut
2015 2483 2176 2549 nihil
2211 2502 2291 2549 ex
2325 2485 2428 2551 his
2482 2491 2750 2550 maneat
2798 2487 3040 2567 preter-

789 2595 1077 2680 missum,
1110 2593 1499 2661 Paternitati
1531 2595 1763 2661 Vestre
1795 2592 2112 2678 significo,
2161 2594 2335 2679 quod
2369 2613 2512 2661 cum
2551 2590 2820 2677 quidam
2853 2592 3037 2659 cleri-

789 2725 904 2772 cus
955 2702 1396 2770 Ruthenorum
1457 2703 1649 2770 nobis
1703 2701 1929 2784 aliqua
1980 2702 2371 2768 rescriberet
2432 2701 2516 2768 de
2565 2701 2842 2769 historia
2893 2701 3047 2767 libri

789 2811 1113 2896 Judicum,
1166 2810 1445 2896 dicebat,
1498 2811 1672 2895 quod
1723 2810 2034 2876 Thartari
2086 2811 2217 2877 sint
2267 2810 2679 2896 Madyanite,
2737 2810 2850 2894 qui
2898 2831 3045 2876 cum

792 2920 1061 3007 Cethym
1098 2917 1268 3007 (igy)
1302 2917 1547 3004 pariter
1580 2924 1809 2986 contra
1836 2919 2007 2986 filios
2039 2918 2247 2986 Israel
2280 2924 2754 3005 expugnanteS,
2806 2919 3046 2986 devicti

791 3037 1015 3116 sunta
1046 3024 1370 3113 Gedeone,
1422 3027 1589 3094 sicut
1619 3027 1685 3092 in
1740 3027 1907 3095 libro
1938 3026 2241 3094 Judicum
2295 3028 2677 3095 continetur.
2729 3027 2919 3094 Unde
2952 3027 3047 3092 fu-

790 3139 1043 3228 gientes
1092 3136 1248 3203 dicti
1300 3133 1692 3223 Madianite,
1759 3135 2221 3204 habitaverunt
2270 3137 2453 3204 iuxta
2500 3137 2769 3206 fluvium
2826 3156 3049 3219 quem-

793 3248 946 3314 dam
978 3246 1237 3315 nomine
1268 3245 1569 3332 Thai-tar,
1611 3243 1782 3312 unde
1817 3244 1883 3312 hi
1913 3246 2222 3313 Thartari
2260 3254 2411 3314 sunt
2439 3245 2676 3314 vocati.

795 3411 863 3476 (A
891 3410 1063 3461 romai
1094 3407 1344 3461 vatikani
1376 3411 1583 3462 eredeti
1609 3409 1818 3461 kczirat
1844 3408 1976 3462 utan
2002 3409 2187 3461 Dndik
2211 3409 2373 3470 Beda,
2396 3412 2510 3461 Iter
2536 3411 2836 3464 Romanum
2864 3411 2908 3459 Ι.
2936 3409 3049 3459 ket.

1565 3499 1719 3563 Reos,
1750 3502 1905 3553 1855.
1935 3502 2053 3552 32⁷.
2082 3501 2163 3551 ak.
2192 3501 2269 3566 ll.)

1720 3719 2115 3726 w*—

1852 3930 2008 4017 III.

1442 4077 1781 4157 Szabutai
1836 4079 2122 4183 ‘monyol
2171 4084 2388 4156 vezeffr.

942 4224 1278 4296 („Soubuta'1'
1303 4221 1522 4291 general
1549 4220 1821 4291 mougol.“
1851 4225 1928 4275 ΕΖ
1949 4240 2085 4276 azoni
2105 4224 2327 4290 mongol
2350 4222 2691 4275 veteteknck
2712 4223 2934 4291 egyike‚
2956 4221 3051 4276 kik

801 4319 1106 4371 kiiloniisen
1132 4314 1663 4385 Magyarorszagban
1696 4319 1851 4367 1241.
1879 4315 1935 4367 es
1970 4318 2121 4368 1212.
2151 4315 2509 4382 harczoltak.)

1014 4444 1373 4512 Soubonta‘i
1404 4463 1486 4509 ou
1506 4438 1862 4527 Soubudai',
1894 4446 2268 4510 snrnomme
2290 4439 2597 4508 Bahador
2629 4461 2713 4507 ou
2746 4442 2807 4508 le
2836 4442 3049 4526 heros,

801 4555 964 4621 etait
995 4574 1081 4622 un
1113 4553 1384 4638 general
1435 4552 1715 4637 mongol,
1765 4551 1924 4618 dont
1953 4553 2016 4618 le
2051 4571 2217 4636 nom,
2267 4549 2400 4617 mal
2434 4548 2500 4616 lu
2532 4549 2699 4616 dans
2739 4550 2834 4617 les
2877 4556 3052 4616 tran·

802 4660 1153 4746 scriptions
1198 4661 1385 4744 qu’on
1438 4682 1479 4726 a
1529 4660 1724 4728 faites
1771 4682 1850 4727 en
1900 4660 2124 4728 lettres
2158 4658 2412 4743 arabes,
2461 4658 2614 4726 s’est
2662 4657 2919 4742 change
2969 4676 3049 4723 en
