3359 5250
1871 378 2002 443 382
2029 471 2073 477 --

1858 957 2012 1027 271.

801 1139 844 1202 I
853 1138 919 1203 V.
955 1139 1112 1205 Be'la
1148 1138 1356 1225 kirdly
1386 1143 1736 1225 meyerdst'ti
1753 1140 1875 1205 Ράί
1903 1140 2383 1227 orsqubirdnak
2416 1139 2626 1225 Iyrich
2661 1138 2905 1223 helysdy
2948 1135 3057 1198 ha-

1168 1248 1739 1334 tdrszabdlyozdsdt
1769 1253 2069 1336 tdrqyazo'
2100 1250 2446 1314 elinte'zdse't.
2492 1246 2684 1312 1255.

1014 1443 1178 1511 Bela
1207 1443 1334 1511 Dei
1363 1442 1591 1529 gracia
1611 1443 1917 1529 Vngarie,
1949 1444 2311 1529 Dalmacie,
2333 1443 2625 1528 Croacie,
2645 1444 2872 1525 Rame,
2903 1440 3049 1507 Ser·

797 1553 903 1620 nie
922 1604 940 1638 ,
964 1644 970 1650 .
992 1552 1308 1637 Gallicis,
1359 1551 1747 1622 Lodomerie
1766 1603 1784 1637 ‚
1823 1552 2264 1639 Cumanieque
2303 1556 2442 1621 Rex
2480 1552 2778 1620 omnibus
2808 1549 3051 1618 Christi

799 1662 1098 1730 fidelibus
1118 1669 1487 1750 presentem
1523 1661 1836 1749 paginam
1867 1662 2256 1749 inspecturis
2287 1663 2561 1730 salutem
2593 1662 2661 1729 in
2693 1680 2848 1729 uero
2879 1660 3048 1725 salu-

797 1772 939 1838 tari.
991 1772 1170 1838 Solet
1201 1793 1244 1840 a
1273 1770 1579 1858 Principe
1628 1772 2019 1855 confirmari,
2077 1771 2251 1857 quod
2284 1771 2349 1837 in
2399 1779 2746 1859 conspectu
2803 1770 3053 1854 geritur

797 1880 1109 1966 aliorum3
1143 1881 1597 1946 inconcussum
1629 1880 1872 1965 qnippe
1902 1888 2261 1967 permanet,
2294 1880 2468 1966 quod
2491 1879 2697 1966 Regie
2728 1877 3049 1946 Serenita-

795 1991 880 2056 tis
911 1988 1206 2077 presidio
1241 1990 1603 2058 roboratur.
1652 1989 1758 2055 Ad
1789 1989 2241 2059 vniuersorum
2292 1989 2490 2076 igitur
2528 1989 2835 2057 noticiam
2870 1988 3051 2055 voln-

798 2118 940 2166 mus
973 2098 1203 2166 harum
1236 2096 1409 2165 serie
1437 2097 1800 2184 peruenire,
1854 2098 2029 2183 quod
2059 2098 2447 2166 accedentes
2480 2099 2545 2165 in
2584 2103 2872 2165 nostram
2904 2118 3045 2184 pre·

794 2207 1082 2274 senciam
1103 2207 1508 2292 jaculatores
1557 2207 1765 2276 nostri
1816 2207 1900 2274 (le
1932 2207 2092 2276 villa
2121 2208 2340 2294 Igrich
2391 2207 2460 2274 in
2496 2208 2817 2276 comitatu
2854 2207 3043 2274 Zala-

799 2315 1031 2402 diensi‚
1081 2314 1411 2383 humiliter
1461 2324 1680 2383 nostre
1727 2315 2162 2402 Magnitudini
2215 2316 2634 2404 suplicarunt,
2686 2324 2757 2384 ut
2804 2322 3043 2383 statum

799 2433 965 2492 terre
994 2425 1284 2512 ipsorum
1317 2423 1510 2491 certis
1543 2425 1732 2492 metis
1766 2426 2050 2511 undique
2081 2425 2487 2512 consignate,
2537 2427 2721 2493 iuxta
2748 2433 3039 2493 tenorem

803 2534 1165 2601 litterarum
1217 2530 1431 2600 fidelis
1481 2534 1689 2602 nostri
1721 2534 1913 2602 Pauli
1943 2533 2198 2604 Judicis
2231 2534 2558 2622 quondam
2596 2533 2790 2602 Curie
2820 2540 3043 2601 nostre

803 2652 868 2711 et
899 2643 1170 2711 Comitis
1200 2643 1618 2712 Zaladiensis
1649 2652 1870 2713 nostro
1907 2645 2252 2733 priuilegio
2285 2646 2589 2730 inserere,
2641 2651 2707 2712 et
2736 2644 3044 2712 insertum

797 2752 1214 2837 dignaremur
1258 2753 1664 2839 benignitate
1726 2754 1927 2823 solita
1977 2756 2380 2823 confirmare.
2444 2754 2731 2834 Quarum
2782 2753 3043 2839 quidem

793 2863 1157 2930 litterarum
1188 2869 1375 2932 tenor
1405 2862 1463 2929 is
1497 2870 1639 2930 cst:

1013 2973 1152 3040 Nos
1184 2974 1430 3039 Paulus
1461 2973 1678 3041 Judex
1712 2973 1878 3041 Aule
1927 2974 2134 3061 Regie
2165 2975 2295 3043 stb.
2338 2972 2764 3062 (kovetkezik
2797 2973 2919 3039 Pal
2947 2995 3043 3042 or·

796 3083 1238 3169 szagbironak
1272 3103 1428 3151 ezen
1459 3083 2111 3169 hatarszabalyozast
2158 3088 2474 3170 targyazo
2508 3083 2784 3150 1251-ki
2815 3083 3042 3150 olima·

794 3212 946 3278 nya,
995 3193 1155 3260 mint
1182 3193 1445 3260 fentebb
1480 3193 1630 3260 229.
1665 3214 1756 3263 sz,
1791 3191 1884 3279 a.)

1009 3300 1149 3367 Nos
1198 3300 1443 3384 itaque,
1492 3299 1607 3384 qni
1656 3320 1740 3366 ex
1772 3298 2002 3368 officio<
2038 3298 2325 3387 suscepti
2367 3299 2704 3385 regiminis
2749 3306 3046 3367 tenemur

797 3407 1155 3494 inuigilare
1183 3407 1490 3492 remediis
1522 3406 1951 3492 subditorum,
1984 3406 2420 3494 predictorum
2439 3408 2863 3477 ioculatorem
2902 3427 3043 3494 pre·

795 3517 979 3586 cibus
1028 3514 1346 3599 inclinati,
1380 3522 1623 3583 statum
1671 3521 1845 3584 terre
1882 3516 2232 3585 eorundem
2274 3516 2525 3602 prefate
2574 3515 2656 3583 de
2703 3516 2904 3582 uerbo
2954 3516 3041 3583 ad

796 3626 1065 3695 uerbum
1096 3623 1448 3692 secundum
1470 3624 1950 3692 continenciam
1981 3623 2343 3692 litterarum
2376 3622 2651 3710 predicti
2668 3626 2741 3693 Ρ.
2770 3624 3043 3694 Comitis

796 3736 1132 3821 insertum,
1163 3732 1575 3819 presentibus
1595 3732 1983 3824 auctoritate
2001 3733 2215 3818 Regia
2245 3733 2719 3803 confirmamus.
2752 3733 2824 3799 In
2856 3731 3043 3799 cuins

794 3843 888 3911 rei
918 3842 1356 3910 testimonium
1390 3851 1728 3928 presentes
1761 3842 2200 3911 concessimus
2230 3841 2486 3910 litteras
2524 3841 2801 3928 duplicis
2839 3839 3043 3926 sigilli

798 3951 1003 4020 nostri
1034 3950 1387 4018 munimine
1419 3950 1780 4021 roboratas.
1833 3950 2071 4018 Datum
2103 3969 2221 4036 per
2255 3970 2485 4018 manus
2534 3946 2831 4035 Magistri
2861 3949 3043 4015 Sma-

795 4058 987 4145 ragdi
1015 4057 1324 4126 Albensis
1373 4058 1669 4126 Ecclesie
1720 4057 1927 4125 Electi
1978 4060 2129 4126 aule
2176 4066 2396 4128 nostre
2441 4056 3041 4143 Vico-Cancellarij,

793 4189 964 4235 anno
996 4165 1331 4235 Dominice
1362 4165 1849 4234 Incarnacionis
1881 4165 2224 4236 millesimo
2258 4166 2701 4235 ducentesimo
2734 4168 3047 4253 quinqua-

792 4278 1044 4363 gesimo
1078 4276 1322 4363 quinto,
1356 4276 1562 4362 Regni
1594 4285 1814 4345 autem
1845 4276 2051 4344 nostri
2084 4298 2257 4346 anno
2291 4277 2631 4363 vigesimo.

789 4477 1066 4544 (Eu-edotio
1093 4474 1438 4545 bssrhartyan,
1481 4492 1515 4529 a
1540 4473 1887 4543 sarga-voros
1923 4476 2380 4545 selyemzslnbrou
2405 4477 2633 4547 fflggott
2670 4475 2858 4544 pecset
2898 4476 3043 4530 elve-

1305 4574 1458 4630 szett,
1485 4584 1519 4620 a
1543 4568 1709 4620 budai
1734 4568 1836 4619 kir.
1863 4567 2107 4621 kamarai
2134 4565 2516 4634 leveltarbau.)
