3359 5250
1356 487 1394 496 ἢ
1447 391 1574 459 137

371 588 528 655 dem
563 589 645 657 D.
680 586 820 656 fore
867 587 1229 672 legitimam
1283 594 1351 655 et
1378 586 1649 674 dignam
1700 585 2113 657 attendentes
2144 589 2213 657 in
2262 592 2388 659 hac
2432 598 2644 680 parte,

375 695 599 782 ipsum
646 694 1065 782 priuilegium
1114 694 1452 763 karissimi
1513 694 1728 783 patris
1775 695 1983 764 nostri
2033 695 2456 785 inspicientes
2514 719 2645 767 non

375 821 627 887 rasum,
675 823 808 871 non
839 803 1276 871 cancellatum
1325 823 1448 871 nec
1477 803 1546 870 in
1578 803 1804 889 aliqua
1836 803 1941 873 sui
1990 811 2181 893 parte
2222 804 2535 874 viciatum
2565 805 2648 875 de

379 910 586 977 uerbo
636 908 727 977 ad
755 911 1023 978 uerbum
1070 911 1493 997 presentibus
1522 912 1724 980 inseri
1770 910 2068 998 fecimus,
2125 918 2190 978 et
2219 913 2352 979 iam
2403 911 2650 981 dictam

379 1016 813 1086 collacionem
864 1017 1155 1085 eiusdem
1185 1017 1398 1105 patris
1449 1018 1659 1087 nostri
1705 1018 2043 1087 karissimi
2094 1018 2180 1088 de
2210 1019 2405 1089 dictis
2453 1023 2646 1090 terris

379 1131 743 1191 memorato
774 1125 1092 1209 Magistro
1118 1127 1200 1193 D.
1232 1125 1426 1193 factis
1457 1146 1539 1193 ex
1571 1135 1753 1194 certa
1783 1126 2073 1195 sciencia
2105 1134 2172 1194 et
2202 1147 2385 1196 mera
2414 1128 2648 1196 libera-

378 1231 574 1299 litate
592 1232 1075 1319 confirmamus5
1097 1233 1214 1318 ita,
1237 1232 1410 1317 quod
1426 1233 1700 1320 presens
1720 1240 1949 1302 nostra
1970 1234 2388 1304 confirmacio
2409 1234 2650 1322 prioris

382 1338 768 1407 donacionis
799 1339 1045 1406 domini
1074 1340 1285 1427 patris
1335 1342 1540 1409 nostri
1571 1349 1957 1429 perpetuum
1997 1342 2087 1411 sit
2116 1345 2315 1411 robur
2346 1350 2414 1410 et
2442 1343 2650 1411 muni-

382 1467 558 1515 men.
590 1448 1050 1534 Volentesque,
1100 1453 1172 1517 ut
1205 1450 1379 1517 idem
1410 1451 1729 1535 Magister
1759 1452 1843 1517 D.
1876 1456 1943 1518 et
1973 1450 2115 1519 eius
2164 1450 2439 1519 heredes
2471 1452 2652 1520 here-

384 1555 673 1639 dumque
701 1574 1114 1624 successores
1164 1564 1303 1624 tam
1337 1555 1673 1645 predictas
1705 1563 1936 1642 terras,
1970 1577 2169 1641 quam
2199 1555 2515 1625 vtilitates
2547 1576 2655 1625 ea·

382 1682 532 1729 rum
561 1661 902 1729 vniuersas
933 1662 1319 1749 possideant
1348 1664 1625 1752 pacifice
1657 1670 1726 1730 et
1756 1664 1996 1749 quiete,
2042 1664 2113 1730 in
2143 1663 2280 1731 illis
2312 1670 2378 1731 et
2406 1664 2653 1732 eisdem

388 1768 607 1855 metis,
660 1769 1013 1839 secundum
1044 1770 1221 1857 quod
1267 1770 1336 1838 in
1383 1769 1732 1858 priuilegio
1782 1771 2121 1838 karissimi
2176 1771 2386 1859 patris
2445 1773 2654 1840 nostri

387 1875 681 1943 uidimus
712 1876 1051 1946 contineri.
1103 1878 1190 1945 vt
1220 1877 1424 1964 igitur
1455 1878 1777 1964 premisse
1807 1877 2189 1947 donacionis
2226 1886 2293 1946 et
2323 1880 2653 1946 confirma·

387 1982 604 2051 cionis
633 1985 838 2053 series
867 1986 1063 2053 robur
1096 1984 1389 2054 obtineat
1417 1992 1735 2073 perpetue
1766 1984 2110 2071 firmitatis,
2146 2003 2268 2053 nec
2286 2005 2407 2072 per
2438 2005 2653 2072 quem-

390 2090 576 2177 piam
607 2110 922 2177 processu
971 2100 1337 2181 temporum
1374 2093 1600 2161 ualent
1628 2091 1990 2176 retractari,
2044 2090 2152 2159 uel
2182 2092 2252 2158 in
2281 2092 2533 2161 irritum
2563 2113 2657 2161 re-

391 2197 639 2282 uocari,
691 2206 1028 2286 presentes
1059 2199 1315 2269 litteras
1364 2198 1807 2268 concessimus
1846 2197 2174 2286 dupplicis
2217 2198 2421 2285 sigilli
2451 2203 2657 2268 nostri

389 2306 753 2373 munimine
783 2309 1150 2378 roboratas.
1188 2311 1432 2377 Datum
1462 2329 1581 2396 per
1613 2327 1843 2375 manus
1875 2307 2291 2376 Venerabilis
2320 2308 2659 2375 Benedicti

393 2415 794 2483 Archielecti
845 2415 1225 2486 Colocensis
1274 2418 1426 2485 aule
1455 2423 1679 2485 nostre
1732 2416 2123 2501 Canceuarij
2175 2436 2346 2485 anno
2389 2416 2656 2486 Domini

392 2524 485 2589 M⁰
505 2523 640 2592 00⁰
658 2523 806 2589 LX⁰
825 2523 979 2592 ΠΡ.
1013 2531 1201 2593 sexto
1232 2524 1557 2593 kalendas
1588 2523 1995 2592 Decembris.
2047 2522 2382 2611 Stephano
2412 2525 2657 2612 Strigo·

397 2632 616 2700 niensi
646 2632 895 2718 Electo,
926 2634 1342 2704 Bartolomeo
1374 2632 2124 2721 Quinque-Ecclesiensi,
2175 2632 2509 2719 Stephano
2540 2633 2658 2700 Za·

397 2740 738 2827 grabiensi
788 2747 855 2808 et
885 2742 1039 2829 alijs
1067 2742 1436 2811 Ecclesiam
1467 2743 1592 2809 Dei
1623 2741 1909 2809 feliciter
1950 2740 2486 2828 gubernantibus.
2535 2742 2660 2808 La-

399 2848 617 2917 dislao
646 2848 950 2917 Palatino
1001 2855 1068 2915 et
1099 2849 1354 2918 Oomite
1382 2849 1806 2936 symigiensi,
1857 2850 2177 2936 Dyonisic
2214 2849 2398 2917 Bano
2449 2848 2658 2917 tocius

399 2957 774 3043 Sclaucnie,
819 2957 1158 3025 Demetrio
1202 2957 1436 3027 Judice
1485 2958 1682 3027 Curie
1711 2965 1933 3027 nostre
1982 2966 2050 3025 et
2078 2957 2328 3025 Gemite
2374 2955 2662 3025 Musuni-

401 3063 568 3146 ensi,
618 3064 883 3132 Matheo
930 3066 1248 3151 Magistro
1279 3066 1793 3134 Tauarnicorum
1843 3071 1910 3131 et
1956 3063 2208 3132 Gemite
2251 3063 2658 3148 Posoniensi,

403 3172 711 3241 Rorando
760 3172 1078 3258 Magistro
1108 3173 1591 3261 Dapiferorum,
1641 3181 1709 3240 et
1754 3172 1906 3257 aliis
1950 3171 2249 3256 plurimis
2297 3168 2660 3238 Comitatus

404 3287 468 3347 et
496 3279 925 3365 Magistratus
972 3280 1363 3369 tenentibus,
1408 3281 1621 3368 Regni
1653 3287 1874 3348 autem
1923 3277 2129 3347 nostri
2177 3297 2351 3345 anno
2398 3283 2657 3347 octauo.

407 3478 682 3539 (Eredetie
718 3473 1067 3545 bb'rhartyan,
1111 3477 1336 3545 melyrffl
1386 3495 1419 3530 a
1447 3475 1628 3546 kiraly
1669 3479 1853 3531 kett6s
1889 3475 2238 3546 pecsetjenek
2282 3473 2540 3527 tb'redeke
2568 3483 2661 3527 vo-

639 3568 872 3622 tos-zold
898 3569 1351 3635 selyemzsinoron
1378 3568 1530 3637 fflgg‚
1559 3586 1593 3621 a
1627 3570 1732 3622 kir.
1759 3570 2007 3622 kamarai
2046 3563 2426 3630 leveltarban.)

1263 3857 1787 3868 mm.—
