3359 5250
1800 353 1933 421 384

1789 911 1941 980 273.

734 1114 853 1182 IV.
887 1116 1045 1204 Be'lq
1091 1115 1295 1201 kircily
1327 1115 1532 1179 Dame
1562 1119 1624 1178 e's
1655 1114 2022 1180 Renoldnak
2053 1115 2231 1198 fiait,
2263 1138 2305 1178 a
2333 1113 2511 1178 nekik
2557 1116 2684 1179 oda
2732 1115 2990 1179 adomd-

1083 1235 1328 1310 nyozott
1359 1223 1656 1288 Baro-han
1688 1221 2005 1287 birtokban
2035 1224 2394 1308 meyerdstfti.
2430 1221 2624 1287 1255.

945 1419 1110 1488 Bela
1146 1419 1271 1487 Dei
1321 1418 1547 1503 gracia
1592 1417 1948 1507 Hungarie,
2000 1419 2364 1505 Dalmacie,
2412 1418 2705 1505 Croacie,
2757 1421 2986 1502 Rame,

730 1526 972 1613 Seruie,
999 1526 1300 1613 Gallicie‚
1326 1525 1730 1614 Lodomerie‚
1757 1527 2201 1612 Cumanieque
2220 1528 2363 1595 Rex
2394 1526 2691 1595 omnibus
2721 1545 2987 1613 presen-

731 1642 833 1704 tes
864 1635 1119 1705 litteras
1149 1634 1534 1722 inspecturis
1574 1636 1850 1704 salutem
1889 1638 1954 1704 in
1994 1637 2279 1706 omnium
2323 1636 2679 1703 saluatore.
2710 1634 2814 1701 Ad
2846 1636 2989 1702 vni-

733 1763 1069 1812 uersorum
1119 1745 1432 1811 noticiam
1494 1753 1720 1813 tenore
1780 1749 2190 1832 presencium
2240 1746 2537 1814 volumus
2599 1742 2987 1832 pervenire:

734 1852 907 1936 quod
939 1873 1083 1921 cum
1116 1860 1264 1939 post
1309 1872 1635 1920 recessum
1667 1855 2091 1921 Tartarorum
2133 1873 2254 1940 pro
2288 1851 2674 1920 revocandis
2718 1853 2983 1937 juribus

731 1961 1104 2030 Castrorum
1150 1961 1440 2029 indebite
1499 1961 1839 2048 occupatis
1907 1980 2023 2048 per
2069 1969 2276 2030 totum
2327 1963 2623 2048 Regnum
2689 1968 2988 2028 nostrum

731 2070 1025 2137 diuersos
1046 2069 1308 2156 judices
1341 2069 1771 2153 misissemus,
1803 2068 1968 2136 inter
1999 2076 2221 2136 cetera
2253 2089 2448 2156 super
2479 2078 2654 2137 terra
2679 2070 2985 2139 Barchan

729 2179 1084 2264 nominata,
1118 2197 1242 2262 que
1273 2176 1623 2244 Nitriensis
1664 2178 1881 2246 Castri
1911 2177 2145 2264 fuerat,
2187 2183 2414 2245 contra
2460 2177 2627 2247 filios
2671 2178 2884 2244 Datne
2914 2186 2983 2244 et

732 2285 1010 2355 Renoldi
1045 2305 1163 2372 per
1206 2287 1600 2371 jobagiones
1647 2285 1943 2371 ejusdem
1973 2285 2186 2354 Castri
2216 2286 2284 2351 in
2315 2287 2655 2373 presencia
2683 2286 2984 2371 Magistri

730 2395 1039 2480 Prannay
1069 2392 1321 2461 Judicis
1353 2392 1547 2460 Curie
1577 2392 1841 2463 domine
1872 2394 2121 2479 Regine
2150 2392 2421 2461 Comitis
2461 2393 2836 2476 Nitriensis,
2889 2392 2982 2459 di-

733 2501 890 2569 lecti
918 2511 987 2569 et
1032 2500 1244 2569 fidelis
1273 2502 1497 2583 nostri,
1551 2521 1740 2586 quem
1772 2500 1861 2567 ad
1908 2502 2180 2567 eundem
2213 2500 2604 2570 comitatum
2653 2521 2773 2587 pro
2803 2520 2983 2567 revo-

734 2611 964 2681 candis
986 2610 1242 2699 juribus
1274 2610 1489 2679 Castri
1520 2611 1586 2678 in
1609 2610 1899 2697 judicem
1930 2610 2406 2698 deputauimus‚
2439 2610 2521 2679 lis
2553 2619 2619 2679 et
2638 2608 2979 2680 contencio

732 2720 949 2789 fuerat
998 2721 1354 2806 suscitata3
1405 2719 1521 2806 filij
1573 2725 1792 2786 autem
1843 2717 2156 2786 dictorum
2206 2719 2503 2804 Renoldi,
2555 2726 2620 2786 et
2650 2720 2858 2786 Dame
2910 2719 2981 2783 in

732 2828 1006 2896 termino
1055 2848 1173 2915 per
1223 2830 1462 2895 dictum
1493 2827 1879 2913 Magistrum
1926 2827 2322 2895 Prannaium
2373 2827 2731 2912 assignato,
2786 2845 2983 2913 super

732 2935 1096 3004 donacione
1148 2936 1320 3002 dicte
1383 2945 1555 3004 terre
1602 2935 1905 3003 Barchan
1953 2956 2070 3023 per
2130 2956 2248 3004 nos
2299 2935 2366 3001 in
2429 2933 2983 3022 permutacionem

731 3053 902 3111 terre
951 3044 1180 3111 Buchk
1232 3045 1328 3112 eis
1358 3043 1560 3129 facta,
1608 3063 1848 3111 nouum
1895 3049 2285 3111 curauerunt
2330 3043 2517 3111 nobis
2566 3042 2983 3130 priuilegium

736 3152 1065 3237 exhibere,
1097 3153 1163 3219 in
1196 3174 1322 3239 quo
1358 3154 1741 3236 habebatur,
1773 3152 1946 3237 quod
1976 3162 2155 3220 terra
2184 3152 2437 3239 Buchk‚
2490 3172 2685 3237 quam
2718 3152 2983 3220 Simone

735 3262 1012 3331 condam
1063 3265 1243 3331 Bano
1303 3268 1523 3331 notam
1574 3260 1978 3330 infidelitatis
2029 3261 2396 3329 incurrente
2413 3312 2431 3345 ‚
2495 3263 2633 3328 Rex
2683 3258 2983 3328 Andreas

733 3376 923 3457 pater
968 3377 1189 3439 noster
1237 3371 1446 3440 felicis
1493 3368 1975 3439 recordacionis
2023 3370 2338 3439 Ladizlao
2386 3407 2475 3420 ·-
2512 3407 2586 3418 -
2623 3407 2711 3418 —
2743 3367 2982 3437 Comiti

734 3478 1079 3546 Bachiensi
1131 3479 1511 3564 contulerat,
1567 3485 1633 3546 et
1663 3479 1749 3546 ab
1780 3477 2010 3546 eodem
2041 3477 2290 3545 Comite
2321 3476 2633 3548 Ladizlao
2671 3485 2980 3565 parentes

731 3588 1021 3674 ipsorum
1072 3588 1346 3656 Renoldi
1396 3587 1649 3680 scilicet
1699 3595 1765 3655 et
1812 3589 2024 3655 Dame
2076 3587 2350 3657 filiorum
2403 3596 2671 3675 propter
2719 3608 2980 3683 suorum

731 3695 1149 3763 seruiciorum
1173 3696 1422 3780 merita,
1439 3695 1700 3763 fuerant
1723 3697 2070 3781 consecuti,
2107 3703 2173 3763 et
2201 3715 2322 3762 nos
2341 3695 2628 3765 Johanni
2650 3698 2780 3764 filio
2814 3698 2982 3766 eius·

731 3802 882 3872 dem
917 3803 1199 3872 Simonis
1229 3804 1393 3871 Bani
1428 3802 1933 3873 misericorditer
1974 3802 2412 3892 reddidimus3
2463 3812 2529 3873 et
2558 3806 2625 3873 in
2657 3813 2983 3893 permuta·

733 3913 985 3980 cionem
1037 3912 1328 3997 ejusdem
1362 3918 1532 3979 terre
1561 3912 1788 3981 Buchk
1837 3912 1932 3979 eis
1963 3920 2205 3980 terram
2239 3914 2541 3981 Barchan
2591 3912 2981 3983 dederamus

735 4020 1219 4106 supradictam3
1273 4023 1806 4108 supplicaverunt
1857 4042 2016 4107 ergo
2049 4022 2257 4107 nobis,
2308 4030 2380 4090 ut
2409 4022 2685 4090 eandem
2741 4030 2979 4089 terram

734 4129 1034 4197 Barchan
1065 4128 1161 4196 eis
1213 4126 1536 4197 dimittere
1569 4128 2006 4215 dignaremur.
2056 4129 2192 4196 Nos
2224 4130 2447 4214 itaque
2484 4129 2716 4214 juticie
2746 4130 2981 4215 gressi-

730 4239 853 4305 bus
874 4236 1283 4325 adherentes,
1318 4237 1490 4304 dicto
1510 4236 1825 4322 Magistro
1848 4238 2176 4305 Prannaio
2209 4236 2508 4305 dedimus
2538 4238 2606 4305 in
2626 4236 2978 4323 mandatis,

735 4355 805 4416 ut
822 4353 959 4415 tam
990 4345 1232 4413 dictam
1266 4354 1500 4413 terram
1523 4344 1773 4431 Buchk,
1808 4365 2000 4432 quam
2020 4353 2261 4414 terram
2282 4347 2578 4414 Barchau
2600 4345 2982 4433 inspiceret,

734 4453 857 4544 (et)
888 4458 946 4524 si
996 4463 1172 4524 esset
1218 4453 1473 4541 equalis
1526 4454 1928 4543 permutacio
1976 4454 2147 4522 inter
2194 4455 2479 4543 easdem,
2529 4461 2681 4522 tunc
2734 4452 2979 4522 dictam

731 4573 972 4633 terram
1018 4564 1315 4632 Barchan
1365 4563 1612 4632 eisdem
1658 4561 1813 4651 filijs
1864 4565 2073 4631 Dame
2122 4572 2188 4631 et
2233 4561 2575 4632 Renoldini
2629 4562 2981 4630 dimitteret

732 4674 1005 4761 pacifice
1037 4673 1517 4760 possidendam.
1559 4672 1685 4752 Qui
1716 4673 1884 4742 sicut
1912 4673 2100 4742 nobis
2131 4675 2488 4762 rescripsit,
2518 4671 2775 4761 prefata
2796 4678 2981 4739 terra
