3359 5250
1768 253 1897 322 134

691 457 977 527 seruicia
1007 463 1143 522 tam
1174 454 1243 518 in
1284 452 1530 536 Regno,
1564 468 1761 536 quam
1793 457 1983 518 extra
2002 452 2318 535 Regum,
2359 449 2645 516 maxime
2663 454 2958 535 tempore

691 562 1174 654 persecucionis
1220 559 1502 628 barbare
1530 557 1831 628 nacionis
1863 560 2289 627 Tartarorum
2328 555 2400 623 in
2429 557 2729 644 partibus
2757 555 2957 623 mari-

692 675 873 741 timis
904 669 1349 740 indesinenter
1379 673 1445 735 et
1473 666 1806 735 indefesse
1843 665 2294 756 impendisset,
2334 665 2451 751 ita,
2483 671 2557 732 ut
2584 664 2775 734 titulo
2813 682 2958 752 pro·

693 779 920 848 bitatis
968 777 1180 864 ipsius
1233 794 1456 844 coram
1487 779 1713 841 nostre
1754 773 2123 841 Maiestatis
2157 772 2363 841 oculis
2414 770 2957 841 commendabilis

689 888 1080 971 haberetur;
1115 904 1258 970 nos,
1291 885 1462 952 sicut
1494 882 1790 968 decebat,
1829 882 2061 951 merita
2091 881 2384 949 eiusdem
2405 880 2652 948 eximia
2680 881 2958 949 inremu-

694 1000 926 1061 nerata
955 993 1251 1061 nolentes
1298 990 1719 1078 pertransire,
1754 988 1907 1057 licet
1937 987 2170 1057 maiori
2216 986 2835 1074 recompensacione
2864 987 2959 1054 di-

696 1118 830 1183 gna
859 1099 1247 1182 extitissent,
1300 1103 1543 1163 terram
1575 1095 1789 1162 Pouse
1818 1093 1936 1180 filii
1969 1093 2286 1163 Radislov
2334 1094 2707 1180 iobagionis
2744 1092 2956 1163 Oastri

695 1204 1235 1289 Trinchiniensis,
1285 1200 1549 1270 nomine
1578 1201 1900 1288 Wychap,
1934 1199 2078 1268 sine
2114 1218 2491 1269 successore
2520 1201 2817 1286 legitimo
2848 1200 2956 1270 de·

695 1313 922 1397 functi,
975 1332 1101 1397 que
1131 1311 1377 1399 pariter
1425 1328 1573 1378 cum
1604 1309 1759 1396 aliis
1811 1318 2091 1394 quatuor
2121 1308 2299 1376 villis
2331 1309 2540 1396 ipsius
2591 1309 2681 1375 ad
2721 1329 2955 1377 manus

697 1427 956 1490 nostras
1006 1418 1360 1486 secundum
1417 1417 1854 1505 approbatam
1904 1416 2117 1502 Regni
2164 1416 2372 1484 nostri
2422 1414 2956 1485 consuetudinem

696 1528 914 1594 fuerat
945 1525 1276 1608 deuoluta,
1326 1522 1624 1612 predicto
1655 1521 1834 1590 fideli
1864 1529 2090 1590 nostro
2140 1522 2446 1591 duximus
2493 1522 2957 1591 conferendam

695 1643 831 1700 tam
864 1634 950 1699 ab
982 1634 1150 1720 ipso,
1204 1651 1399 1716 quam
1431 1650 1552 1718 per
1582 1630 1799 1717 ipsum
1852 1632 1937 1698 ab
1968 1629 2181 1718 ipsius
2220 1628 2571 1698 heredibus
2621 1631 2957 1698 heredum-

698 1758 822 1825 que
853 1738 1341 1807 successoribus
1371 1740 1513 1805 iure
1544 1746 1865 1824 perpetuo
1915 1736 2403 1823 possidendam,
2453 1745 2522 1805 et
2551 1757 2670 1825 per
2695 1738 2955 1806 fidelem

695 1854 987 1916 nostrum
1006 1846 1467 1932 Bogomerium
1487 1843 1808 1913 Comitem
1827 1843 2391 1912 Trinchiniensem
2422 1845 2701 1912 eundem
2719 1846 2786 1912 in
2807 1865 2956 1931 pos-

696 1936 1060 2023 sessionem
1108 1953 1321 2042 ipsius
1354 1959 1527 2018 terre
1575 1948 1980 2037 corporalem
2030 1949 2303 2018 fecimus
2352 1949 2698 2020 introduci.
2749 1952 2953 2021 Cuius

698 2068 874 2129 terre
927 2070 1097 2129 mete
1145 2067 1213 2127 et
1261 2057 1691 2128 commetanei
1711 2108 1731 2141 ,
1791 2058 1959 2126 sicut
2006 2076 2124 2144 per
2172 2057 2448 2125 eundem
2496 2059 2956 2144 Bogomerium

698 2169 1014 2235 Comitem
1065 2167 1410 2235 didicimus
1467 2165 1589 2232 boc
1640 2164 1870 2232 ordine
1921 2163 2381 2250 distinguntur.
2450 2166 2692 2253 Incipit
2737 2169 2955 2254 prima

695 2284 870 2342 meta
902 2275 987 2342 de
1035 2274 1231 2342 fluuio
1264 2274 1454 2362 Wag,
1489 2271 1676 2338 uadit
1709 2271 1796 2339 ad
1842 2282 2151 2357 stagnum
2183 2273 2525 2358 Puruska3
2580 2283 2646 2341 et
2674 2276 2827 2342 inde
2857 2297 2953 2343 re-

695 2384 994 2467 flectitur,
1030 2381 1215 2451 uadit
1237 2381 1325 2448 ad
1352 2380 1679 2464 quendam
1712 2385 2015 2463 montem,
2059 2387 2126 2447 et
2155 2378 2251 2444 ibi
2275 2387 2374 2446 est
2406 2388 2583 2447 meta
2612 2383 2735 2449 sub
2768 2383 2951 2469 piro;

696 2491 846 2559 hinc
878 2490 1221 2576 egrediens
1251 2488 1549 2576 procedit
1580 2508 1699 2573 per
1729 2489 1961 2556 collem
1996 2504 2202 2570 usque
2249 2487 2334 2553 ad
2366 2489 2710 2555 confinium
2742 2492 2955 2558 Mora-

696 2597 842 2683 uie;
895 2603 961 2666 et
990 2596 1144 2666 inde
1177 2594 1583 2664 descendens
1633 2612 1753 2681 per
1792 2612 2033 2678 aquam
2068 2594 2348 2681 Tuhyne
2378 2595 2563 2663 uadit
2610 2616 2814 2683 usque
2865 2597 2955 2665 ad

695 2704 922 2770 uillam
959 2704 1274 2788 'l'uhyna3
1324 2702 1478 2769 hinc
1527 2721 1685 2770 vero
1736 2700 2088 2768 reflectitur
2139 2703 2228 2767 ad
2276 2704 2580 2770 arbustae
2629 2704 2951 2788 quasdam

697 2808 1064 2896 procedens
1113 2828 1232 2895 per
1265 2828 1585 2894 campum,
1640 2806 1827 2874 uadit
1877 2809 1965 2875 ad
1996 2828 2306 2893 magnam
2352 2809 2551 2893 uiam,
2604 2816 2667 2875 et
2708 2810 2801 2878 ibi
2851 2821 2953 2880 est

699 2923 907 2999 meta;
963 2920 1028 2981 et
1056 2913 1211 2981 inde
1244 2915 1697 2983 denscendens
1748 2915 1834 2982 ad
1867 2915 2110 2982 dictum
2158 2915 2424 2982 fluuium
2457 2915 2631 3000 Wag
2662 2917 2835 2985 redit
2865 2919 2951 2985 ad

699 3030 939 3090 metam
988 3023 1292 3109 priorem.
1346 3021 1794 3090 Commetanei
1827 3030 2044 3089 autem
2096 3028 2245 3089 sunt
2275 3024 2443 3090 Puth
2476 3023 2558 3090 de
2590 3023 2751 3091 uilla
2782 3025 2952 3092 Puth

696 3150 777 3195 ex
827 3150 959 3197 una
991 3138 1199 3217 parte,
1252 3136 1319 3196 et
1367 3149 1450 3198 ex
1484 3129 1697 3196 altera
1727 3129 2116 3196 Leustacius
2148 3128 2344 3196 filius.
2393 3130 2481 3196 Vt
2509 3129 2712 3214 igitur
2757 3131 2950 3199 huius

691 3246 914 3305 nostre
967 3237 1348 3304 donacionis
1400 3237 1605 3304 series
1638 3237 1832 3304 salua
1861 3256 2120 3324 semper
2173 3242 2237 3303 et
2267 3237 2658 3304 inconcussa
2698 3257 2950 3324 perma-

691 3352 864 3425 neat,
898 3362 1019 3408 nec
1047 3342 1259 3428 possit
1290 3344 1377 3408 ab
1409 3343 1630 3426 aliquo
1664 3363 1972 3412 successu
2005 3351 2367 3431 temporum
2399 3346 2761 3431 retractarj,
2810 3368 2951 3433 pre·

689 3454 907 3517 sentes
956 3450 1396 3515 concessimus
1453 3449 1704 3517 litteras
1736 3450 2067 3537 dupplicis
2114 3451 2321 3538 sigilli
2353 3453 2562 3520 nostri
2594 3454 2947 3521 munimine

696 3559 1120 3643 perhenniter
1150 3561 1518 3629 roboratas.
1550 3561 1796 3627 Datum
1828 3580 1997 3630 anno
2031 3562 2252 3646 gracie
2285 3561 2630 3632 millesimo
2650 3563 2953 3632 ducente·

690 3665 855 3731 simo
888 3665 1392 3751 quadragesimo
1424 3668 1647 3752 tercio,
1702 3687 1871 3735 nono
1905 3666 2226 3736 kalendas
2259 3668 2438 3753 Maij,
2481 3670 2691 3753 Regni
2728 3680 2948 3738 autem

685 3773 893 3840 nostri
926 3793 1096 3841 anno
1131 3781 1384 3843 octavo.

679 3930 957 3997 (Eredetie
983 3931 1328 4003 bbrhdrtyan,
1365 3937 1594 4002 melyrdl
1618 3952 1652 3989 a
1677 3933 1859 4004 kIraly
1883 3937 2062 3989 kettds
2106 3934 2433 4004 pecsetenek
2462 3938 2719 3992 tbredeke
2756 3937 2943 4009 sarga-

787 4019 1090 4101 violaszlnfl
1118 4023 1572 4089 selyemzsiubron
1599 4026 1753 4094 filgg,
1780 4040 1815 4076 a
1842 4025 2008 4077 budai
2036 4025 2137 4075 kir.
2166 4025 2413 4077 kamarai
2439 4025 2820 4095 leveltairban.)
