3359 5250
1884 363 2017 427 110

821 555 967 623 nius
1001 577 1078 623 ac
1099 557 1376 624 Michael
1413 556 1495 623 de
1517 558 1704 624 Pook
1739 558 1803 623 in
1827 556 2108 640 quadam
2133 575 2336 621 causa
2368 554 2432 621 in
2454 554 2627 621 sacto
2650 554 2834 639 predi
2832 555 2862 638 j
2888 554 3072 621 Zaka

821 664 1037 731 vocati
1088 664 1154 731 in
1188 662 1516 732 Comitatu
1567 663 1995 750 Soproniensi
2030 663 2256 748 habiti,
2313 670 2603 749 tempore
2653 660 2869 727 adhuc
2919 662 3075 729 olim

821 771 1233 839 serenissimi
1266 770 1509 839 domini
1540 772 1945 857 Sigismundi
1976 771 2396 859 Imperatoris
2431 780 2626 853 mota,
2676 777 2906 837 contra
2940 790 3077 839 eos-

832 880 981 946 dem
1033 887 1287 949 actores
1340 879 1751 968 procedendo
1786 880 1851 947 in
1885 880 2135 947 octauis
2187 879 2334 946 festi
2378 878 2895 965 Epiphaniamm
2949 881 3078 947 Do-

825 986 983 1054 mini
1016 985 1274 1075 (1489.)
1310 1037 1527 1057 ......
1561 989 1857 1075 predium
1890 988 2258 1057 huiusmodi
2291 987 2484 1055 factis
2523 986 2729 1053 eciam
2762 992 3081 1053 metarum

827 1095 1276 1165 ereccionibus
1295 1118 1413 1184 pro
1448 1118 1520 1164 se
1541 1098 1743 1164 statui
1764 1097 1978 1165 facere
2001 1102 2482 1184 procurassent,
2525 1093 2858 1183 (melyben
2879 1094 3080 1161 mind·

820 1203 1065 1270 azaltal
1117 1204 1376 1290 Matyas
1432 1207 1649 1291 kiraly
1700 1205 2241 1293 megengedven),
2295 1213 2361 1272 vt
2411 1204 2539 1290 ipsi
2588 1223 2717 1271 uon
2772 1202 3075 1270 obstante

821 1308 1118 1396 predicta
1151 1313 1507 1395 sentencia,
1560 1331 1762 1380 causa
1792 1312 1858 1380 in
1891 1312 2263 1379 huiusmodi
2317 1333 2536 1380 coram
2581 1332 2705 1379 sua
2737 1309 3080 1377 Personali

821 1416 1166 1484 Presencia
1204 1440 1439 1486 nouum
1465 1418 1785 1504 Judicium
1819 1421 2126 1506 recipere,
2181 1441 2259 1487 ac
2292 1421 2588 1488 raciones
2627 1429 2694 1487 et
2726 1418 3080 1501 alleg-acio-

823 1546 938 1594 nes
993 1546 1147 1595 suas
1184 1527 1265 1594 de
1317 1549 1486 1595 nouo
1520 1534 1696 1596 etex
1747 1549 1916 1596 nouo
1951 1527 2168 1594 dicere
2210 1534 2273 1595 et
2306 1527 2544 1612 facere,
2596 1528 2980 1611 litterasque
3018 1533 3081 1590 et

823 1634 1170 1721 priuilegia
1203 1655 1326 1701 sua
1375 1635 1736 1722 producere
1771 1637 2064 1702 valerent
2096 1643 2292 1721 atque
2326 1637 2600 1722 possint.
2649 1634 2855 1724 (Ezen
2889 1633 3078 1699 alka-

823 1743 1087 1810 lammal
1142 1751 1311 1811 most
1342 1764 1417 1809 az
1470 1747 1754 1830 apatsag
1804 1743 2071 1811 1225-ki
2121 1742 2794 1830 adomanylevelenek
2842 1743 3080 1809 ellene-

836 1852 984 1935 ben,
1013 1851 1253 1936 melyet
1274 1855 1323 1920 Ι.
1356 1852 1695 1920 koteteink
1716 1855 1867 1920 270.
1890 1857 2111 1921 szama
2134 1854 2298 1921 alatt
2323 1853 2842 1939 felemlitettunk,
2865 1851 3079 1918 Pooki

826 1958 1028 2025 Antal
1059 1958 1284 2026 harom
1318 1959 1634 2045 okmanyt
1655 1959 2018 2046 eldmutat.)
2055 1959 2284 2027 Tercie
2314 1959 2669 2027 earundem
2688 1960 3073 2043 litterarum,

829 2065 1109 2134 condam
1133 2065 1392 2132 Andree
1423 2066 1540 2150 filij
1573 2065 1922 2153 Seraphini
1941 2065 1983 2133 J
1988 2066 2195 2134 udicis
2228 2065 2379 2133 aule
2410 2068 2613 2148 Regie
2645 2068 2709 2132 in
2741 2085 2915 2132 anno
2951 2066 3079 2132 Do·

828 2175 985 2241 mini
1024 2172 1371 2242 millesimo
1392 2173 1832 2242 ducentesimo
1866 2172 2367 2258 quadragesimo
2391 2173 2679 2240 confecte
2711 2192 2829 2260 per
2848 2191 3077 2240 cursus

829 2283 1100 2350 metales
1131 2289 1401 2349 eatenus
1427 2282 1888 2368 informabant,
1924 2280 2098 2365 quod
2118 2283 2332 2368 prima
2370 2285 2543 2348 meta
2574 2279 2646 2369 (t.
2668 2281 2712 2349 i.
2746 2279 2956 2368 predii
2975 2281 3079 2346 sui

749 2471 752 2475 ,
827 2388 1044 2475 Zaka)
1078 2388 1307 2476 incipit
1352 2388 1436 2458 de
1472 2390 1648 2458 valle
1679 2391 1749 2456 in
1780 2391 1892 2456 via
1938 2410 2197 2473 magna,
2246 2390 2314 2456 iu
2343 2409 2475 2475 qua
2506 2388 2593 2454 ad
2624 2387 2877 2474 Sopron
2908 2389 3076 2473 itur;

825 2496 1034 2567 tendit
1055 2516 1281 2564 versus
1302 2497 1699 2583 aquilonem,
1731 2504 1795 2564 et
1815 2497 2111 2583 peruenit
2142 2495 2229 2564 ad
2251 2495 2542 2583 predium
2565 2496 2863 2580 AbbatiS,
2903 2494 3077 2579 quod

830 2606 1048 2676 Boron
1080 2612 1368 2690 vocatur,
1422 2605 1482 2673 ei
1515 2605 1606 2672 ibi
1640 2610 1792 2671 sunt
1821 2610 1954 2672 tres
1988 2614 2178 2688 mete,
2224 2604 2474 2672 scilicet
2505 2625 2633 2671 vna
2663 2623 2888 2671 earum
2935 2623 3077 2670 con-

826 2722 954 2782 stat
986 2712 1068 2782 de
1102 2722 1275 2781 terra
1307 2713 1583 2800 Gyrolth
1618 2714 1686 2779 in
1719 2714 2108 2781 occidentali
2141 2720 2346 2800 parte,
2399 2714 2534 2780 alia
2568 2710 2651 2781 de
2690 2712 2919 2799 predio
2953 2712 3076 2778 Ab·

827 2821 999 2888 batis
1031 2822 1094 2887 in
1149 2828 1332 2907 parte
1365 2821 1712 2905 aquilonis,
1771 2822 1975 2888 tercia
2007 2841 2162 2889 vero
2212 2822 2279 2887 in
2315 2819 2724 2888 meridionali
2773 2827 2961 2906 parte
2995 2819 3077 2885 de

828 2939 1006 2997 terra
1035 2930 1264 3013 Zaka3
1318 2927 1555 2996 deinde
1584 2927 1795 2997 tendit
1832 2935 2059 2996 contra
2091 2930 2423 3017 orientem,
2478 2928 2948 2998 conterminata
2980 2934 3079 2993 est

825 3038 1059 3123 Boron,
1116 3045 1181 3104 et
1212 3036 1510 3124 peruenit
1562 3037 1652 3103 ad
1685 3036 1892 3103 Wkec
1942 3035 2239 3122 predium
2286 3038 2440 3104 dicti
2471 3034 2787 3120 Abbatis3
2840 3035 3077 3104 abhinc

755 3202 761 3207 ,
824 3155 1041 3213 autem
1091 3145 1250 3212 facit
1282 3146 1493 3229 girum
1544 3152 1774 3214 contra
1824 3144 2184 3228 meridiem,
2237 3150 2301 3211 et
2331 3165 2447 3231 per
2491 3145 2848 3229 virgultum
2896 3144 3079 3210 vadit

824 3255 1012 3319 iuxta
1043 3253 1354 3321 tcrmiuos
1373 3252 1598 3336 Wkec,
1635 3251 1932 3339 peruenit
1964 3250 2049 3319 ad
2083 3252 2378 3337 predium
2409 3273 2568 3338 sepe
2600 3252 2758 3319 dicti
2778 3251 3076 3333 Abbatis,

826 3358 1002 3445 quod
1032 3358 1220 3425 Zaka
1249 3358 1523 3445 dicitur;
1576 3359 1729 3426 inde
1768 3379 1965 3426 vxero
2010 3357 2358 3428 reflectitur
2390 3379 2621 3428 uersus
2656 3358 3078 3444 occidentem,

824 3464 1035 3534 tendit
1067 3466 1130 3533 iu
1164 3467 1275 3534 via
1307 3466 1609 3553 herbosa,
1646 3474 1711 3535 et
1741 3468 2067 3535 subintrat
2095 3473 2336 3536 terram
2370 3466 2738 3553 Laurencij,
2790 3484 2919 3551 que
2951 3466 3077 3534 sibi

825 3573 1067 3643 dotata
1096 3582 1196 3642 est
1247 3594 1391 3642 cum
1423 3593 1623 3643 vxore
1656 3595 1818 3662 sua3
1872 3574 2109 3643 deinde
2140 3576 2520 3663 protelatur,
2557 3582 2623 3643 et
2661 3576 2965 3661 peruenit
2996 3575 3079 3642 ad

822 3683 1033 3750 locum
1065 3683 1380 3771 priorem,
1415 3705 1455 3752 a
1486 3703 1615 3771 quo
1645 3684 1982 3772 inceperat
2011 3683 2135 3751 stb.
2418 3687 2427 3695 ’

1098 3882 1373 3951 (Eredetie
1399 3882 1730 3952 bssrhartyatn
1758 3900 1791 3936 a
1818 3882 1982 3939 budai
2008 3884 2109 3936 kir.
2139 3883 2383 3936 kamarai
2408 3880 2787 3951 lovslutrban.)

1689 4195 2216 4210 m-
