3359 5250
1878 308 2014 396 '556

819 525 1069 615 campis
1101 527 1169 593 in
1204 525 1423 594 aureis
1454 524 1793 593 canalibus
1828 525 2262 609 adaquantur.
2313 525 2522 604 Quem
2557 524 2708 591 Dux
2742 524 2913 590 alius
2946 524 3085 592 Gu-

818 653 1153 702 manorum
1187 634 1270 702 de
1301 635 1563 703 flumine
1591 634 1751 719 Bue,
1786 634 2045 703 nomine
2078 634 2323 718 Gureg,
2365 632 2774 719 expugnavit
2806 639 3085 720 propter

813 742 1097 827 divitias,
1131 748 1195 808 et
1224 741 1484 811 devicit.
1535 741 1665 821 Qui
1697 741 1990 809 devictus
2023 762 2170 808 cum
2201 739 2456 808 duobus
2508 738 2664 806 filiis
2695 746 2760 805 et
2803 740 3079 824 quibus·

812 850 966 918 dam
999 850 1245 937 paucis,
1303 852 1412 937 qui
1446 850 1531 917 de
1562 849 1717 919 belli
1770 849 2061 937 periculo
2095 854 2463 936 evaserant,
2516 847 2605 915 ad
2636 848 2771 916 iam
2820 848 3078 916 dictum

810 958 1164 1027 Soldanum
1214 956 1298 1026 de
1349 957 1609 1026 Ornach
1661 956 2172 1042 transfugerunt.
2233 955 2559 1025 Soldanus
2609 974 2768 1024 vero
2820 974 3079 1022 memor

809 1066 1064 1156 iniurie,
1098 1087 1296 1152 quam
1328 1066 1458 1136 sibi
1490 1065 1817 1152 qnondam
1851 1067 2021 1134 forte
2051 1064 2382 1151 intulerat,
2431 1065 2588 1150 quia
2616 1064 2873 1132 vicinus
2907 1065 3077 1131 exti-

809 1184 1016 1265 terat3
1068 1183 1398 1265 receptum
1449 1176 1514 1245 in
1566 1182 1758 1265 porta
1808 1176 2019 1264 ipsum
2076 1174 2435 1262 suspendit,
2488 1180 2553 1242 et
2584 1175 2899 1262 populum
2954 1192 3079 1240 sno

811 1284 1100 1353 dominio
1131 1285 1526 1370 subiugavit.
1577 1288 1726 1353 Duo
1760 1303 1915 1353 vero
1949 1283 2064 1351 filii
2094 1283 2235 1351 eius
2267 1282 2354 1350 ad
2386 1283 2629 1350 Enthet
2658 1281 2887 1366 fugam
2922 1301 3074 1367 pro-

812 1391 988 1461 tinus
1022 1393 1473 1480 arripuerunt;
1524 1398 1589 1459 et
1619 1390 1776 1478 qnia
1806 1389 2131 1477 refugium
2181 1390 2353 1457 alias
2393 1409 2521 1457 non
2574 1388 2928 1475 habebant,
2982 1389 3074 1455 ad

809 1500 1138 1588 prefatum
1168 1502 1426 1586 Euthet,
1475 1501 1586 1585 qui
1616 1508 1874 1590 patrem
1906 1520 2128 1569 eorum
2161 1506 2224 1567 et
2256 1498 2518 1567 eosdem
2550 1504 2704 1565 ante
2735 1498 3067 1585 spoliave-

810 1614 934 1694 rat,
972 1617 1125 1678 sunt
1155 1610 1417 1679 reversi.
1471 1609 1598 1690 Qui
1630 1609 1825 1678 ferali
1875 1608 2135 1676 attritus
2178 1607 2362 1675 rabie
2393 1627 2539 1674 cum
2577 1606 2763 1691 equis
2795 1606 3072 1693 cupiens

810 1718 1126 1788 maiorem
1156 1720 1516 1788 interficere
1549 1716 1760 1807 (igy);
1796 1720 2005 1787 minor
2043 1725 2262 1786 autem
2303 1716 2572 1804 cupiens
2603 1716 2855 1804 fugere,
2890 1717 3071 1784 venit

808 1825 897 1893 ad
931 1826 1295 1912 Gurgatam
1327 1828 1572 1895 Ducem
1603 1827 2072 1895 Thartarorum
2121 1826 2253 1893 iam
2288 1829 2443 1892 ante
2485 1824 2911 1909 nominatum,
2963 1846 3065 1891 ro-

807 1953 974 2020 gans
1005 1954 1153 2002 eum
1186 1935 1506 2022 obnixius,
1543 1941 1613 2001 ut
1642 1933 1726 2001 de
1747 1933 2005 2020 Euthet,
2042 1934 2152 2020 qui
2185 1939 2437 2021 patrem
2469 1930 2798 2019 spoliavit,
2832 1939 2902 1999 et
2931 1930 3065 1998 fra-

807 2048 970 2110 trem
1006 2042 1348 2130 interfecit,
1402 2042 1759 2111 vindictam
1812 2047 2165 2128 exerceret,
2205 2041 2447 2126 dicens,
2500 2040 2675 2124 qnod
2723 2040 2858 2107 ista
2908 2037 3060 2123 duo,

803 2148 1115 2220 videlicet
1162 2151 1337 2237 quod
1369 2153 1733 2238 Gurgatam
1781 2152 1989 2219 honor
2020 2157 2406 2235 remaneret,
2457 2156 2521 2217 et
2551 2149 2679 2217 sibi
2728 2169 2848 2236 pro
2900 2168 3061 2216 nece

806 2260 1056 2348 fratris,
1105 2266 1168 2329 et
1199 2261 1404 2347 patris
1436 2260 1669 2347 spolio,
1704 2259 2046 2327 retributio
2076 2260 2259 2328 fieret
2292 2265 2357 2326 et
2386 2258 2695 2327 vindicta.
2744 2256 2936 2335 Quod
2968 2259 3064 2325 ita

805 2368 1045 2436 factum
1080 2374 1200 2436 est.
1250 2367 1391 2435 Hac
1423 2368 1651 2435 habita
1685 2370 1965 2437 victoria
1994 2367 2256 2452 rogavit
2298 2368 2573 2434 alterum
2605 2369 2857 2436 Ducem
2894 2368 3054 2435 Gur-

803 2484 1030 2560 gatam
1081 2476 1335 2545 iuvenis
1366 2477 1683 2565 prefatus,
1735 2484 1804 2545 ut
1837 2477 1921 2544 de
1952 2477 2243 2546 Soldano
2292 2476 2378 2544 de
2409 2475 2666 2544 Ornaeh
2700 2474 3055 2543 vindictam

800 2584 1129 2673 acciperet
1160 2605 1276 2673 pro
1328 2584 1690 2655 miserabili
1722 2606 1884 2655 nece
1915 2585 2158 2673 patris;
2207 2585 2451 2671 dicens,
2486 2584 2663 2673 quod
2703 2583 2904 2655 etiam
2941 2604 3055 2672 po-

796 2695 993 2781 pulus
1023 2693 1290 2764 relictus
1324 2716 1367 2762 a
1398 2702 1609 2784 patre,
1646 2696 1758 2782 qui
1789 2694 1881 2762 ibi
1915 2694 2103 2780 quasi
2136 2694 2439 2781 captivus
2470 2695 2832 2780 tenebatur,
2876 2701 3054 2762 esset

797 2802 865 2870 in
894 2802 1184 2891 presidio
1235 2805 1338 2871 sui
1389 2804 1720 2874 exercitus
1750 2804 1819 2872 in
1852 2822 2225 2892 progressu.
2278 2803 2403 2871 Ille
2453 2803 2585 2871 iam
2635 2802 2720 2870 de
2770 2803 3053 2874 victoria

797 2909 1042 2998 duplici
1073 2913 1270 2982 corde
1300 2920 1364 2982 et
1394 2914 1612 2983 animo
1645 2914 2062 2999 debaccatus,
2117 2911 2347 2981 sedulo
2378 2912 2698 3000 concepit,
2748 2912 2926 2998 quod
2956 2912 3051 2979 iu-

796 3020 983 3089 venis
1014 3021 1394 3110 postulavit,
1428 3032 1493 3090 et
1524 3041 1833 3108 egressus
1883 3029 2110 3090 contra
2140 3021 2519 3106 Soldanum,
2566 3021 2908 3090 victoriam
2939 3023 3051 3090 ha-

802 3128 944 3195 buit
974 3128 1101 3196 sibi
1151 3129 1517 3217 glorificam
1549 3139 1615 3199 et
1644 3133 2012 3199 honestam.
2066 3130 2269 3216 Igitur
2301 3130 2489 3215 quasi
2529 3130 2817 3215 undique
2849 3131 3051 3200 victo·

797 3236 901 3304 ria
929 3237 1133 3306 fretus
1164 3239 1509 3326 laudabili,
1551 3242 1915 3328 Gurgatam
1939 3239 2353 3328 supradictus
2386 3241 2538 3309 Dux
2558 3240 3049 3326 Thartarorum,

799 3364 942 3412 cum
992 3351 1126 3415 toto
1177 3348 1424 3434 impetu
1477 3348 1632 3417 belli
1686 3367 2105 3435 progressum
2158 3348 2315 3417 fecit
2362 3355 2588 3417 contra
2622 3350 2883 3435 Persas,
2934 3372 3052 3437 pro

797 3453 1188 3539 quibusdam
1220 3455 1495 3542 guerris,
1547 3475 1714 3541 quas
1746 3456 2051 3544 primitus
2080 3455 2417 3524 habebant
2447 3454 2534 3522 ad
2567 3456 2884 3544 invicem;
2938 3460 3048 3525 ubi

795 3560 1139 3631 victoriam
1167 3564 1398 3632 habuit
1427 3565 1908 3654 perhonestam,
1944 3572 2010 3632 et
2027 3566 2323 3650 Regnum
2356 3565 2579 3633 Persie
2609 3566 2737 3633 sibi
2761 3566 3046 3635 totaliter

798 3670 1196 3758 subiugavit.
1230 3675 1331 3740 Ex
1361 3674 1488 3742 hiis
1513 3675 1828 3743 audacior
1860 3674 2151 3760 effectus,
2182 3681 2250 3741 et
2278 3676 2610 3744 fortiorem
2642 3695 2715 3744 se
2735 3683 3046 3764 reputans

798 3779 1100 3848 omnibus
1123 3802 1321 3869 super
1351 3789 1614 3868 terram,
1647 3783 1823 3870 cepit
1853 3782 2073 3849 facere
2105 3789 2330 3849 contra
2349 3785 2598 3872 Regna,
2629 3789 2833 3853 totum
2864 3805 3044 3852 mun-

797 3888 949 3956 dum
980 3891 1106 3958 sibi
1156 3891 1513 3977 subiugare
1540 3912 1932 3980 proponens.
1982 3891 2173 3960 Unde
2201 3893 2478 3979 primum
2512 3893 2597 3960 ad
2646 3901 2891 3963 terram
2923 3893 3045 3961 Ou-

799 4019 1134 4067 manorum
1191 3997 1512 4067 accedens
1530 4051 1549 4085 ,
1600 3999 1785 4087 ipsos
1838 3998 2164 4067 Cumanos
2215 4000 2566 4088 superavit,
2619 4009 2861 4070 terram
2919 4003 3045 4071 sibi

795 4109 1156 4195 subiugans
1206 4109 1599 4178 eorumdem.
1650 4109 1813 4176 Inde
1843 4110 2093 4179 reversi
2123 4110 2210 4177 ad
2243 4112 2553 4197 Magnam
2585 4114 2972 4200 Ungariam,
3005 4136 3047 4181 a

794 4217 1029 4301 quibus
1060 4219 1267 4286 nostri
1298 4218 1548 4303 Ungari
1580 4218 1897 4304 originem
1928 4218 2317 4305 habuerunt,
2357 4231 2901 4307 expugnaverunt
2931 4243 3044 4290 eos

795 4324 950 4392 XIV
985 4324 1197 4412 annis,
1234 4332 1298 4392 et
1327 4325 1394 4392 in
1429 4326 1576 4392 XV⁰
1607 4327 2026 4413 optinuerunt
2057 4346 2192 4412 eos,
2226 4327 2395 4394 sicut
2424 4328 2612 4395 nobis
2633 4330 2764 4417 ipsi
2797 4331 3044 4417 pagani

793 4432 1048 4519 Ungari
1069 4434 1428 4503 retulerunt
1459 4435 1613 4503 viva
1644 4455 1824 4502 voce.
1859 4434 2001 4502 Illis
2034 4434 2317 4521 optentis
2348 4437 2591 4506 reversi
2612 4458 2845 4507 versus
2877 4441 3043 4507 occi-

793 4540 1052 4609 dentem
1102 4543 1318 4629 spatio
1353 4542 1541 4610 unius
1591 4545 1747 4611 anni
1776 4544 1880 4611 vel
1922 4564 2152 4631 parum
2206 4546 2509 4634 amplius,
2560 4548 2774 4631 V-que
2814 4548 3044 4633 Regna

796 4650 1085 4716 maxima
1133 4669 1543 4738 paganorum
1575 4652 2009 4743 optinuerunt,
2062 4653 2354 4722 Sasciam
2386 4652 2583 4746 (igy),
2620 4654 3041 4746 Fulgariam3
