3359 5250
1419 304 1550 374 525

354 508 420 568 et
471 504 851 591 propinquis
904 503 1252 572 eorundem
1306 526 1347 570 a
1403 505 1841 590 jobagionatu
1893 502 2108 572 Oastri
2169 503 2606 590 Zaladiensis,

355 611 549 677 simul
584 633 728 679 cum
759 616 950 681 terris
984 615 1142 697 suis,
1199 635 1361 699 quas
1391 614 1533 680 sine
1566 614 1928 699 preiudicio
1952 615 2123 698 juris
2157 614 2357 682 alieni
2391 633 2605 699 posse-

357 718 624 806 dissent,
676 722 1038 805 eximendo,
1092 723 1159 787 in
1191 741 1530 788 numerum
1582 726 1648 787 et
1682 728 1891 789 cetum
1925 721 2258 790 Nobilium
2309 723 2603 789 Seruien-

356 827 524 894 cium
559 830 901 917 Regalium
954 830 1254 898 duxisset
1303 830 1828 914 t1·ansserendos;
1883 833 2313 915 committens,
2364 838 2433 898 vt
2475 838 2608 897 tam

357 932 511 1020 ipsi,
546 957 739 1021 quam
774 958 994 1005 eorum
1030 937 1307 1005 heredes
1341 946 1406 1005 et
1438 938 1749 1005 heredum
1793 959 2056 1007 suorum
2090 958 2497 1007 successores
2531 957 2612 1003 ea

355 1044 688 1128 gaudeant
722 1046 1043 1130 libertate,
1079 1067 1213 1131 qua
1244 1052 1307 1112 et
1340 1048 1536 1113 ceteri
1569 1048 1781 1132 Regni
1814 1047 1918 1114 sui
1938 1045 2212 1115 Nobiles
2233 1047 2605 1114 Seruientes

354 1154 638 1239 Regales
672 1152 1198 1222 dinosseerentur
1229 1156 1584 1241 gratulari3
1635 1161 1882 1222 terram
1914 1175 2139 1222 eorum
2182 1175 2303 1242 per
2336 1154 2607 1221 Gothar-

355 1260 510 1328 dum
543 1261 624 1329 de
645 1261 869 1349 Choby
902 1263 1230 1330 hominem
1263 1282 1445 1330 suum
1475 1262 1596 1329 sub
1627 1262 1996 1331 testimonio
2019 1262 2388 1329 Conuentus
2423 1262 2610 1329 Zala-

359 1372 614 1439 diensis
665 1372 751 1438 ab
783 1373 1061 1439 aliorum
1112 1374 1305 1440 terris
1357 1380 1675 1439 metarum
1729 1373 1798 1439 in
1833 1373 2061 1441 codem
2112 1373 2462 1460 priuilegio
2503 1393 2610 1439 ex-

356 1499 726 1563 pressarum
756 1480 1289 1548 distinceionibus
1309 1481 1682 1566 separando
1701 1481 1828 1547 stb.
1856 1518 1939 1528 --
1968 1520 2040 1528 —-
2068 1482 2311 1547 Datum
2332 1482 2611 1567 septimo

355 1588 462 1653 dio
498 1586 1051 1672 Congregaeionis
1083 1588 1375 1674 predicte
1407 1608 1577 1655 auno
1605 1590 1871 1655 Domini
1903 1588 2251 1656 millesimo
2291 1594 2607 1655 trecente-

354 1697 518 1764 simo
553 1697 1096 1780 quinquagesimo
1130 1704 1383 1781 quarto.

633 1896 911 1953 (Eredetie
936 1891 1285 1960 bb'rhartyan,
1313 1911 1346 1945 a
1373 1896 1536 1947 budai
1564 1897 1665 1947 kir.
1687 1895 1933 1947 kamarai
1962 1891 2336 1963 leveltarban.)

1227 2186 1328 2194 ι.---
1367 2185 1751 2196 -.--.-.-.-.-...-4-..-.-

1412 2636 1568 2705 375.

364 2817 477 2887 IV.
510 2821 769 2887 Sdndor
813 2827 993 2908 pdpa
1023 2843 1102 2884 sz.
1138 2819 1367 2885 Miletus
1385 2821 1620 2905 jadraz'
1651 2821 2213 2907 apdcza-zdrdcijdt
2242 2848 2313 2888 az
2345 2827 2611 2911 apostoli

354 2930 595 2995 sze'lcnek
624 2930 884 2996 Ιεὶἱίὄηόε
920 2928 1306 3015 pcto-gfoydsa
1339 2930 1448 2994 αἰά
1480 2935 1684 3008 veve'n,
1737 2931 2193 3015 egyszersmind
2245 2933 2509 2997 birtokcit
2550 2936 2612 2997 63

957 3039 1099 3123 joqi
1128 3037 1365 3102 άῑῐάεάΐ
1393 3041 1755 3123 meyerdsz'ti.
1806 3041 1996 3102 1260.

573 3234 950 3302 Alexander
969 3233 1338 3320 Episcopus
1372 3250 1600 3300 seruus
1634 3252 1973 3302 seruorum
1993 3234 2122 3300 Dei
2152 3233 2409 3299 dilectis
2448 3233 2610 3301 filia-

355 3344 478 3411 bus
517 3393 531 3409 .
570 3394 584 3408 .
622 3399 634 3411 .
673 3341 1025 3410 Abbatisse
1057 3339 1437 3407 Monasterii
1485 3340 1711 3408 Sancti
1741 3340 2000 3408 Nicolai
2034 3341 2075 3406 J
2081 3340 2399 3427 adrensis,
2446 3341 2611 3409 eius·

354 3471 480 3536 que
510 3450 841 3520 sororibus
872 3458 1007 3516 tam
1043 3449 1458 3534 presentibus
1505 3467 1703 3532 quam
1732 3449 1966 3517 futuris
2001 3452 2370 3534 regularem
2403 3449 2608 3515 vitam

355 3560 670 3647 professis
690 3560 757 3625 in
780 3565 1185 3645 perpetuum,
1210 3557 1489 3624 salutem
1514 3563 1581 3622 et
1599 3558 2046 3642 Apostolicam
2068 3557 2609 3626 benedictionem.

355 3669 757 3755 Religiosam
776 3667 981 3734 vitam
1002 3665 1399 3751 eligentibus
1417 3664 1868 3751 Apostolicum
1890 3667 2194 3734 conuenit
2213 3667 2447 3733 adesse
2466 3687 2605 3754 pre-

355 3778 611 3867 sidium,
643 3800 727 3845 ne
758 3777 927 3844 forte
961 3774 1307 3843 cuiuslibet
1340 3773 1729 3841 temeritatis
1761 3775 2061 3841 incursus
2095 3783 2209 3841 aut
2249 3793 2365 3841 eas
2396 3795 2438 3840 a
2468 3795 2609 3859 pro-

353 3888 569 3974 posito
601 3890 880 3968 revocet,
916 3889 1029 3949 aut
1061 3884 1275 3965 robur,
1312 3879 1486 3966 quod
1517 3880 1710 3965 absit,
1745 3901 1932 3949 sacre
1951 3880 2293 3967 religionis
2326 3889 2608 3949 enervet.

353 3998 738 4082 Eapropter‚
777 3991 1018 4059 dilecte
1038 3991 1105 4057 in
1128 3989 1386 4059 Christo
1404 3990 1557 4077 filie,
1583 3993 1822 4058 vestris
1842 3991 2030 4058 iustis
2058 3990 2607 4078 pustulationibus

356 4107 708 4172 elementer
727 4101 1094 4184 annuimus,
1130 4106 1195 4165 et
1215 4100 1684 4167 Monasterium
1711 4100 1934 4168 Sancti
1956 4100 2217 4169 Nicolai
2236 4100 2278 4167 J
2282 4101 2605 4186 adrensis,

353 4213 419 4279 in
470 4233 596 4297 quo
628 4210 868 4277 Diuiuo
923 4207 1084 4274 estis
1137 4207 1450 4292 obsequio
1490 4208 1881 4293 mancipate,
1936 4209 2057 4275 sub
2091 4209 2276 4275 Beati
2316 4210 2494 4275 Petri
2544 4218 2610 4277 et

351 4329 579 4391 nostra
611 4317 1012 4405 protectione
1063 4314 1477 4401 suscipimus,
1514 4322 1580 4381 et
1614 4317 1936 4401 presentis
1986 4317 2214 4404 scripti
2253 4317 2601 4403 privilegio

356 4428 840 4499 communimus.
894 4427 972 4491 In
1002 4423 1234 4512 primis
1285 4422 1605 4508 siquidem
1640 4431 2023 4510 statuentes,
2077 4433 2147 4492 ut
2179 4424 2341 4494 ordo
2393 4444 2609 4493 mona-

354 4539 576 4623 sticus,
609 4537 720 4622 qui
757 4533 1111 4603 seeundum
1136 4533 1346 4598 Deum
1378 4539 1444 4598 et
1473 4532 1663 4598 Beati
1687 4532 2024 4603 Benedicti
2057 4534 2374 4618 regulam,
2410 4539 2607 4617 atque

353 4648 827 4720 institutionem
862 4639 1239 4708 monialium
1288 4640 1686 4709 inclusarum
1719 4643 1941 4710 Sancti
1973 4643 2282 4710 Damiani
2316 4641 2605 4708 Asisiua-
