3359 5250
1391 375 1479 441 45
1582 467 1596 474 -

270 578 477 637 terra
508 571 810 657 Kazmer,
863 591 990 656 que
1038 576 1212 638 terre
1256 570 1466 637 Mihal
1517 570 1762 637 uicinio
1812 572 2073 639 adiacet
2122 573 2309 640 iuxta
2358 592 2453 659 se,
2506 580 2572 641 et

272 684 487 750 illam
519 679 823 749 similiter
844 677 1240 766 jobagiones
1275 677 1490 746 Castri
1520 679 1984 765 Supruniensis
2033 680 2359 764 inquirere
2390 683 2566 750 vole-

269 794 458 859 bant
489 790 576 856 ab
608 791 757 855 Isac
787 785 1057 871 Gemite,
1100 785 1167 851 S.
1202 788 1450 852 Paulus
1505 787 1680 854 filius
1710 789 1950 855 Pheter
1992 808 2139 855 oum
2188 790 2322 858 suis
2356 790 2570 857 fratri·

275 903 448 986 bus,
497 906 565 965 et
610 897 728 982 filij
766 894 1044 976 Ombud,
1096 894 1383 962 Jacobus
1433 901 1499 961 et
1529 893 1887 962 Ladizlaus
1911 946 1929 980 ‚
1984 903 2051 962 et
2099 896 2448 984 Adrianus,
2502 910 2568 965 et

272 1005 680 1073 Ambrosius
732 1009 1049 1070 connatus
1082 1001 1392 1087 ipsorum,
1448 1012 1511 1069 et
1544 1003 1803 1069 Endere
1835 1003 1918 1070 de
1951 1005 2091 1070 alia
2128 1006 2465 1091 progenie,
2498 1012 2565 1073 et

274 1117 491 1200 Euze,
530 1122 596 1180 et
626 1111 745 1195 filij
775 1111 1058 1194 Andree‚
1091 1110 1441 1178 Farcasius
1475 1118 1542 1178 et
1576 1111 2045 1197 Clementinns,
2101 1122 2166 1179 et
2197 1119 2335 1181 tota
2368 1133 2537 1198 gene

282 1223 480 1290 racio
510 1220 821 1308 ipsorum,
871 1225 941 1285 et
973 1218 1174 1285 simili
1206 1219 1398 1286 modo
1447 1240 1567 1306 pro
1602 1219 1750 1306 ipsa
1792 1227 1969 1287 terra
2016 1220 2334 1288 nominati
2375 1222 2565 1308 j0ba-

279 1331 528 1416 giones
560 1327 1036 1414 composicione
1084 1326 1262 1394 facta
1289 1333 1442 1394 ante
1471 1347 1591 1394 nos
1622 1328 1772 1394 Isac
1807 1327 2039 1395 Comes
2091 1331 2185 1396 eis
2213 1350 2332 1416 pro
2385 1338 2561 1397 terra

276 1441 597 1518 Kazmer,
652 1454 777 1521 que
810 1440 912 1500 est
941 1433 1028 1499 ad
1062 1440 1207 1501 octo
1260 1439 1500 1516 aratra,
1551 1433 1995 1518 quadraginta
2025 1456 2283 1502 mareas
2315 1439 2562 1524 persol-

277 1549 426 1631 uit;
459 1546 559 1611 ita
592 1551 831 1629 tamen,
864 1548 941 1607 ut
958 1542 1179 1607 nullus
1211 1541 1520 1627 ipsorum,
1560 1561 1679 1607 nec
1710 1548 2184 1628 postremorum
2204 1547 2558 1613 eorundem

286 1675 421 1720 nec
452 1654 697 1738 aliquis
729 1655 942 1742 ipsam
961 1662 1205 1719 terram
1239 1650 1324 1716 ab
1353 1652 1503 1721 Isac
1525 1649 1777 1718 Comite
1795 1658 2021 1738 posset
2060 1653 2404 1738 inquirere,
2437 1675 2559 1722 nec

286 1763 378 1828 de
412 1781 535 1828 sno
584 1765 933 1847 postremo.
982 1760 1067 1826 Et
1099 1759 1253 1842 quia
1282 1757 1664 1824 stabilitudo
1696 1759 2155 1825 memoriarum
2205 1759 2291 1826 ad
2326 1781 2555 1829 causa·

276 1891 433 1937 rum
461 1869 906 1937 fortitudinem
939 1867 1174 1935 uestris
1196 1867 1284 1934 ad
1316 1867 1665 1933 multorum
1699 1866 2228 1936 recordacionem
2270 1889 2560 1937 reserva-

272 1986 388 2044 tur
420 1977 696 2060 litteris;
731 1976 814 2042 ob
845 1974 969 2041 hoe
1003 1975 1308 2061 petimus,
1343 1982 1414 2040 ut
1453 1975 1729 2041 istarum
1762 1994 2107 2041 causarum
2150 1977 2552 2060 conposicio·

273 2107 438 2152 num
490 2085 729 2151 seriem
768 2083 1001 2150 uestris
1032 2082 1099 2147 in
1132 2090 1518 2169 perpetuum
1556 2081 1800 2148 litteris
1840 2083 2269 2167 confirmetis,
2322 2089 2393 2149 ut
2423 2104 2552 2152 non

273 2212 489 2258 eausa
521 2192 723 2259 semel
741 2191 1033 2277 perfecta
1053 2187 1141 2254 ad
1171 2196 1535 2274 postremos
1557 2189 1786 2255 relicta
1806 2208 1965 2274 sepe
1984 2189 2194 2276 possit
2225 2192 2547 2258 ventilari.

507 2299 720 2379 Quam
742 2299 952 2367 eciam
971 2295 1519 2383 conposicionem,
1558 2296 1727 2363 sicut
1756 2296 1824 2361 in
1844 2295 2153 2383 predictis
2182 2296 2418 2365 litteris
2452 2307 2553 2365 est

275 2416 644 2491 narratum,
686 2407 1082 2492 jobagiones
1115 2405 1327 2472 Castri
1383 2402 1745 2491 supradicti
1777 2423 1997 2471 coram
2034 2411 2264 2473 nostra
2290 2426 2554 2493 presen-

273 2518 382 2583 cia
416 2514 853 2602 personaliter
887 2512 1223 2582 constituti
1255 2514 1351 2580 sic
1385 2532 1533 2579 esse
1563 2513 1955 2599 ordinatam,
2003 2514 2159 2580 uiua
2189 2533 2353 2581 uoce
2385 2520 2550 2581 retu·

273 2623 519 2690 lerunt.
581 2621 719 2691 Nos
768 2620 973 2709 igitur
1022 2631 1155 2689 tam
1205 2621 1294 2688 ad
1344 2620 1696 2688 instantem
1747 2618 2137 2705 peticionem
2195 2620 2552 2708 supradicti

278 2732 466 2799 Chae
497 2728 795 2817 Comitis,
843 2750 1045 2815 quam
1095 2728 1303 2797 eciam
1345 2727 1780 2813 jobagionum
1832 2728 2431 2813 prenominatorum
2480 2731 2550 2797 in

276 2848 670 2927 perpetuam
692 2838 1125 2905 stabilitatem
1159 2856 1359 2904 cause
1392 2834 1767 2923 supradicte
1787 2842 2128 2921 presentes
2148 2836 2405 2904 litteras
2436 2857 2544 2907 no-

276 2956 456 3016 stras
490 2946 714 3031 sigillo
765 2953 987 3015 nostro
1037 2948 1104 3013 in
1146 2953 1530 3033 perpetuum
1579 2943 2056 3010 testimoniales
2105 2945 2541 3014 concessimus

280 3057 649 3123 roboratas.
712 3058 956 3122 Datum
1006 3077 1176 3123 anno
1227 3053 1452 3141 gracie
1501 3055 1593 3119 M⁰
1614 3054 1745 3120 00⁰
1765 3053 2167 3120 XXX⁶VII⁰.
2219 3055 2541 3121 Michaele

277 3166 650 3252 Preposito,
682 3166 965 3233 Martino
986 3163 1288 3252 cantore,
1319 3184 1526 3251 parvo
1560 3161 1843 3228 Mai-tino
1879 3159 2183 3245 Custode,
2216 3162 2535 3229 Silvestro

276 3274 553 3339 Deeano
599 3274 1050 3341 existentibus.

482 3473 582 3538 (ΑΖ
608 3472 810 3524 eredeti
835 3469 968 3522 utan
994 3472 1149 3539 Nagy
1177 3472 1336 3527 Imre.
1364 3472 1537 3523 Hazai
1564 3470 1903 3539 Okmaeinytar
1929 3473 2030 3522 111.
2056 3472 2168 3523 ket.
2195 3473 2246 3522 2.
2273 3471 2335 3541 1.)
