3359 5250
1816 382 1943 447 142

745 582 937 653 terris
967 581 1263 650 Ecclesie
1293 583 1629 668 Albensis,
1678 603 1880 668 quam
1909 583 2085 669 alijs,
2117 589 2186 649 et
2213 600 2336 650 nos
2367 582 2477 650 uel
2509 582 2751 667 aliquis
2783 582 2868 651 de
2900 605 3013 652 no·

744 691 848 758 bis
890 689 1003 775 ,ius
1035 688 1295 757 emendi
1325 695 1393 756 et
1433 690 1769 760 racionem
1819 690 2066 758 habere
2106 687 2413 756 debuerit
2459 689 2827 776 pociorem;
2876 712 3017 778 pre·

746 797 920 865 cium
951 798 1160 867 eciam
1211 798 1507 866 eiusdem
1538 805 1713 867 terre
1744 800 1889 886 ipse
1918 797 2199 884 Ipolitus
2230 794 2571 864 confessus
2609 804 2711 864 est
2740 816 2814 866 se
2847 805 3010 866 tota·

745 904 893 973 liter
922 906 1254 995 recepisse
1270 906 1343 973 in
1374 906 1568 975 rebus
1600 927 1720 994 per
1737 907 1916 975 uiros
1933 905 2209 973 idoneos
2229 905 2570 972 estimatis.
2614 904 3013 991 obligarunt

748 1014 1015 1101 insuper
1062 1034 1135 1082 se
1185 1012 1315 1083 duo
1364 1011 1665 1102 predicti,
1716 1013 1993 1102 Ipolitus
2044 1011 2352 1079 videlicet
2397 1018 2464 1079 et
2512 1011 2757 1081 Paulus
2807 1013 3015 1081 frater

748 1140 926 1205 suus,
964 1119 1142 1205 quod
1160 1118 1217 1187 si
1248 1138 1562 1207 processu
1582 1118 1896 1205 temporis
1927 1137 1971 1184 a
2000 1117 2321 1203 Magistro
2340 1116 2770 1186 Constantino
2800 1118 3016 1205 ipsam

748 1227 1253 1316 possessionem,
1285 1233 1400 1294 ant
1415 1231 1671 1312 partem
1704 1222 2020 1311 eiusdem,
2054 1223 2379 1311 quispiam
2399 1224 2778 1309 requireret,
2810 1225 3011 1293 ambo

748 1335 878 1423 ipsi
908 1353 1055 1403 eum
1085 1332 1299 1402 modis
1346 1333 1645 1402 omnibus
1696 1330 2054 1400 defendere
2084 1331 2502 1400 tenebuntur.
2552 1331 2788 1398 Actum
2838 1353 3012 1401 anno

755 1443 1097 1511 Dominice
1120 1442 1613 1511 Incarnacionis
1632 1442 1726 1509 Μο
1745 1438 1877 1508 CC⁰
1897 1442 2044 1509 XL⁰
2066 1439 2292 1508 tercio.
2324 1439 2642 1525 Magistro
2658 1440 3015 1510 Benedicto

750 1549 1046 1617 Ecclesie
1076 1550 1439 1637 Preposito,
1487 1549 1639 1617 aule
1671 1548 1877 1634 Regie
1915 1545 2363 1632 Cancellari03
2414 1546 2666 1615 Jacobo
2705 1546 2985 1614 Cantore
2996 1598 3015 1632 ,

754 1656 947 1726 Gallo
979 1656 1287 1741 Custode,
1319 1657 1537 1724 Marco
1570 1657 1843 1722 Decano
1875 1652 2324 1722 existentibus.

755 1870 871 1936 (1v.
896 1869 1032 1923 Bela
1078 1868 1372 1937 kiralynak
1419 1871 1642 1922 lus-ki
1667 1867 1994 1936 megerosito
2039 1865 2425 1935 okmanyabok
2469 1883 2504 1919 a
2526 1866 2729 1921 fomelt.
2774 1868 3010 1933 herezeg·

1200 1958 1498 2028 Batthyani
1524 1957 1824 2012 cealadnak
1848 1959 2129 2011 kormendi
2154 1955 2574 2026 leveltaraban.)

1644 2265 2141 2276 ———

1832 2742 1945 2808 95.

756 2938 819 3003 A
849 2938 1386 3028 stekesfehervdri
1432 2941 1872 3025 kdptalannak
1902 2939 2448 3027 bc‘zonysdqlevcle,
2494 2942 2654 3028 hoqy
2687 2939 2815 3006 Pdl
2854 2940 3018 3005 Tar-

756 3045 972 3111 hanah
1003 3046 1108 3132 fla
1157 3046 1379 3112 hdo-om
1425 3047 1739 3134 szolqdjdt
1782 3047 2165 3113 Konstantia
2207 3045 2548 3133 seber-edri
2592 3048 3019 3114 kanonolcnak

1647 3153 1875 3220 eladta.
1909 3156 2107 3219 1243.

917 3365 1314 3432 Universum
1345 3365 1649 3434 Albensis
1682 3366 1979 3434 Ecclesie
2010 3366 2382 3455 Capitulum
2414 3367 2713 3437 omnibus
2764 3368 3013 3435 Christi

758 3470 1063 3540 fidelibus
1125 3478 1465 3559 presentes
1513 3472 1769 3540 litteras
1820 3474 2211 3559 inspecturis
2260 3474 2537 3542 salutem
2588 3475 2657 3540 in
2706 3474 3015 3544 Domino.

755 3582 1050 3648 Noscant
1097 3587 1436 3668 presentes
1486 3586 1552 3647 et
1581 3581 1846 3667 posteri,
1901 3581 2080 3666 quod
2117 3581 2439 3650 accedens
2484 3583 2572 3649 ad
2620 3603 2740 3651 nos
2772 3584 3021 3650 Paulus

757 3687 928 3757 filius
959 3688 1207 3774 Tarka,
1260 3686 1429 3756 dixit
1463 3707 1534 3756 se
1566 3687 1945 3756 vendidisse
1996 3688 2126 3755 tria
2171 3689 2501 3776 mancipia
2551 3709 2692 3774 sua,
2744 3708 3021 3773 quorum

753 3796 1017 3863 nomina
1046 3796 1293 3882 Chvna,
1327 3795 1606 3864 Michael
1637 3801 1703 3863 et
1733 3795 2026 3882 Huswet,
2060 3818 2207 3865 cum
2239 3796 2492 3866 duobus
2528 3797 2686 3884 filijs
2725 3796 3020 3866 eiusdem

755 3900 997 3989 Chvne,
1049 3908 1269 3989 preter
1299 3922 1538 3971 uxores
1574 3923 1820 3988 eorum,
1878 3923 2005 3989 que
2034 3904 2242 3972 libere
2282 3913 2452 3987 sunt,
2499 3905 2820 3990 Magistro
2855 3903 3021 3971 Con-

755 4010 1047 4078 stantino
1079 4010 1535 4080 Concanonico
1587 4020 1814 4081 nostro
1843 4033 1964 4098 pro
1996 4031 2117 4078 sex
2153 4012 2393 4080 marcis
2425 4013 2720 4099 argenti5
2772 4019 2840 4080 et
2868 4032 3023 4081 con·

754 4118 968 4186 fessus
1001 4125 1122 4205 est,
1172 4119 1387 4206 ipsam
1419 4121 1766 4203 pecuniam
1818 4120 2108 4188 totaliter
2137 4123 2488 4207 recepisse.
2531 4119 2912 4204 obligando
2943 4139 3023 4187 se

755 4233 821 4294 et
852 4247 1006 4295 suos
1036 4246 1447 4296 successores
1480 4226 1771 4312 firmiter,
1811 4229 1988 4313 quod
2017 4228 2077 4296 si
2108 4228 2333 4314 aliqua
2363 4229 2627 4295 racione
2659 4247 2854 4314 super
2887 4246 3024 4295 ser-

683 4366 686 4369 >
755 4336 961 4403 uitute
1009 4336 1470 4425 predictorum,
1522 4336 1719 4404 vnius
1750 4336 2005 4405 scilicet
2052 4321 2163 4405 rel
2193 4337 2498 4424 plurium,
2559 4333 2667 4404 vel
2697 4335 2831 4406 alio
2864 4354 3023 4420 quo-

755 4460 1012 4528 cunque
1062 4443 1256 4513 modo
1302 4445 1619 4530 Magister
1668 4444 2001 4530 predictus
2047 4445 2505 4532 impeteretur;
2558 4445 2734 4512 idem
2771 4442 3024 4511 Paulus

753 4550 1060 4620 defendet
1088 4571 1236 4620 eum
1264 4552 1491 4621 labore
1524 4552 1792 4640 proprio
1826 4559 1893 4619 et
1922 4572 2234 4641 expensa.
2273 4553 2512 4621 Actum
2540 4573 2711 4621 anno
2749 4550 3025 4620 Domini

754 4658 1103 4728 millesimo
1136 4659 1269 4727 CC⁰
1288 4660 1435 4726 ΧΠ
1463 4660 1691 4728 tercio.
1725 4661 2042 4746 Magistro
2073 4662 2433 4730 Benedicto
2467 4659 2766 4728 Ecclesie
2781 4659 3025 4744 Prepo-
