3359 5250
1800 370 1932 451 468

723 575 895 671 juris
943 577 1243 669 Magistri
1270 582 1569 670 Mauricij
1618 585 1826 653 libere
1876 591 1943 652 et
1982 581 2259 671 pacifice
2308 577 2608 667 permisit
2653 572 2986 668 possiden·

732 692 904 781 dam,
941 702 1007 762 et
1025 715 1145 763 nos
1168 693 1395 762 eodem
1416 693 1609 764 modo
1631 694 2041 763 decreuimus
2061 689 2323 760 iusticia
2341 689 2565 758 debita
2590 688 2989 776 postulante,

732 803 905 888 quod
936 802 1085 889 ipsa
1122 802 1384 870 terrain
1416 804 1515 871 ius
1547 803 1850 889 Magistri
1879 800 2180 887 Mauricij
2218 798 2481 867 deuolui
2512 797 2752 866 debeat
2794 795 2989 884 pleno

731 911 906 997 iure3
938 912 1266 979 mittentes
1313 912 1674 999 predictum
1708 911 2118 1001 pristaldum,
2153 914 2224 976 ut
2250 906 2464 995 ipsam
2508 910 2752 974 terram
2784 905 2991 990 Magi·

734 1026 867 1087 stro
898 1021 1224 1088 Mauricio
1277 1021 1517 1089 debeat
1547 1022 1890 1107 assignare
1941 1020 2134 1089 certis
2185 1018 2375 1085 metis
2414 1014 2698 1100 vndique
2727 1014 2994 1083 circum-

737 1129 992 1217 positis.
1045 1128 1246 1199 Guius
1277 1136 1449 1199 terre
1480 1137 1672 1218 mete,
1726 1136 1918 1219 prout
1949 1149 2069 1218 per
2099 1127 2377 1196 eundem
2413 1124 2805 1214 pristaldum
2830 1119 2995 1189 didi·

739 1241 963 1323 cimus,
1025 1238 1149 1306 hoc
1198 1238 1424 1307 ordine
1472 1239 1913 1327 distinguntur
1942 1260 1960 1303 ε
2013 1238 2236 1305 Prima
2295 1243 2473 1304 meta
2515 1232 2749 1321 incipit
2805 1230 2994 1297 iuxta

741 1347 1069 1433 quandam
1118 1346 1296 1415 uiam
1343 1368 1541 1435 super
1570 1347 1830 1417 duabus
1879 1347 2222 1416 arboribus
2267 1344 2461 1433 ilicis,
2512 1362 2707 1431 super
2755 1339 2993 1426 quibus

735 1463 888 1523 sunt
934 1454 1125 1541 signa
1175 1457 1387 1524 crucis
1439 1458 1695 1545 posita3
1749 1465 1815 1525 et
1852 1455 2003 1524 inde
2051 1454 2348 1543 procedit
2394 1471 2627 1520 uersus
2677 1448 2991 1519 orientem

739 1566 925 1634 iuxta
955 1566 1231 1634 eandem
1261 1566 1458 1652 uiam,
1509 1573 1576 1634 et
1604 1569 1824 1636 ueniet
1853 1566 1940 1633 ad
1969 1586 2168 1634 unam
2198 1565 2498 1633 arborem
2532 1561 2738 1647 ilicis;
2787 1562 2854 1625 et
2883 1575 2993 1623 ex-

738 1675 889 1742 hinc
917 1673 1220 1742 similiter
1272 1673 1358 1740 ad
1392 1675 1693 1744 arborem
1721 1676 1896 1743 ilicis
1928 1675 2364 1759 antedictam3
2416 1678 2481 1741 et
2512 1671 2748 1739 abhinc
2778 1668 2990 1736 eciam

741 1783 830 1849 ad
859 1783 1127 1850 arbores
1155 1781 1349 1868 ilicis,
1381 1784 1492 1851 ubi
1524 1795 1627 1853 est
1655 1791 1914 1871 pratum
1943 1783 2274 1871 quoddam
2304 1801 2616 1871 paruum3
2648 1777 2806 1846 inde
2834 1796 2993 1844 uero

743 1889 830 1957 ad
859 1892 1129 1960 arbores
1147 1890 1319 1959 ilicis
1339 1911 1639 1979 magnas,
1672 1914 1799 1979 que
1816 1899 1965 1962 sunt
1995 1899 2169 1961 recte
2203 1895 2276 1960 in
2298 1911 2473 1978 aqua
2496 1885 2992 1971 Chemernioha,

741 2006 807 2066 et
837 2019 919 2066 ex
968 1999 1087 2067 illa
1118 2019 1295 2085 aqua
1342 2002 1692 2068 reuertitur
1740 2001 1827 2068 ad
1856 2001 2141 2089 priorem
2171 2003 2370 2087 uiam,
2425 1998 2538 2068 ubi
2584 2005 2762 2066 recte
2807 1996 2995 2064 iuxta

741 2107 919 2175 uiam
950 2113 1103 2175 sunt
1132 2108 1260 2177 due
1290 2110 1560 2177 arbores
1589 2109 1804 2197 ilicis;
1834 2110 1994 2179 inde
2022 2130 2180 2180 uero
2213 2111 2460 2179 directe
2490 2128 2687 2197 super
2715 2105 2995 2175 eandem

741 2219 919 2286 niam
946 2215 1160 2284 tendit
1183 2237 1416 2287 uersus
1445 2219 1807 2306 meridiem,
1841 2228 1907 2288 et
1936 2221 2120 2288 uenit
2150 2219 2237 2288 ad
2265 2226 2510 2287 metam
2538 2226 2838 2301 terream,
2878 2214 2998 2282 ubi

741 2326 927 2393 iuxta
956 2332 1245 2394 ueterem
1277 2334 1536 2416 metam,
1573 2348 1699 2413 que
1732 2334 1834 2397 est
1863 2331 1985 2398 sub
2013 2328 2266 2397 duabus
2297 2328 2641 2395 arboribus
2670 2324 2862 2410 ilicis,
2893 2330 2999 2392 est

741 2454 917 2501 noua
945 2441 1121 2502 meta
1147 2434 1332 2505 iuxta
1378 2437 1653 2505 eandem
1684 2439 1882 2524 uiam,
1931 2458 2059 2524 que
2089 2438 2175 2507 de
2202 2439 2443 2505 Sancto
2483 2434 2767 2520 Georgio
2813 2432 2999 2500 ducit

746 2541 833 2610 ad
863 2542 1208 2610 ecclesiam
1228 2542 1454 2613 Sancti
1468 2545 1751 2632 Andree,
1784 2554 1850 2613 et
1879 2544 1973 2613 ibi
1991 2545 2110 2613 illa
2140 2546 2255 2612 uia
2272 2545 2504 2612 relicta
2533 2541 2742 2610 tendit
2765 2560 2997 2609 uersus

744 2652 1165 2741 occidentem,
1215 2655 1282 2720 et
1327 2654 1510 2722 uenit
1540 2653 1628 2722 ad
1676 2656 2000 2743 arborem,
2052 2675 2179 2740 que
2207 2659 2324 2722 has
2351 2661 2646 2739 uocatur,
2694 2653 2817 2721 sub
2863 2671 2997 2737 qna

745 2770 847 2829 est
877 2767 1087 2847 meta;
1121 2769 1188 2830 et
1218 2761 1455 2830 exinde
1473 2782 1594 2851 per
1622 2763 1920 2831 arborem
1951 2763 2124 2832 ilicis
2153 2763 2336 2831 uenit
2360 2760 2596 2831 iterum
2635 2760 2723 2829 ad
2753 2780 2993 2846 aquam

746 2870 1233 2958 Chemernicha,
1283 2879 1349 2940 et
1383 2872 1620 2941 transit
1665 2873 1851 2941 illam
1901 2893 2161 2961 aquam,
2217 2880 2284 2940 et
2328 2872 2513 2941 uenit
2558 2872 2645 2940 ad
2692 2871 2994 2940 arborem

745 2979 936 3066 ilicis,
985 2980 1169 3047 iuxta
1197 2999 1391 3064 quam
1438 2988 1540 3049 est
1586 3000 1763 3050 nona
1794 2988 1969 3051 meta
1997 2982 2183 3050 iuxta
2230 2988 2516 3050 ueterem
2561 2985 2821 3069 metam,
2868 2998 2994 3066 que

748 3095 896 3158 sunt
922 3089 1109 3156 iuxta
1139 3090 1468 3174 quoddam
1501 3097 1827 3179 stagnum,
1861 3099 1929 3160 et
1959 3091 2143 3160 iuxta
2168 3089 2334 3158 illud
2363 3097 2671 3178 stagnum
2694 3088 2881 3158 uenit
2909 3086 2997 3157 ad

745 3200 1069 3283 arborem,
1104 3217 1231 3283 que
1259 3202 1375 3265 has
1393 3207 1698 3288 uocatur3
1732 3208 1799 3269 et
1829 3201 2068 3269 abhinc
2097 3201 2368 3269 ueniens
2386 3207 2538 3269 sunt
2568 3199 2762 3287 signa
2799 3200 2999 3267 inme·

751 3306 927 3374 diate
974 3326 1170 3394 super
1201 3307 1455 3396 arbore,
1505 3314 1572 3375 et
1599 3309 1781 3377 uenit
1827 3310 1915 3378 ad
1946 3318 2185 3379 metam
2214 3318 2517 3395 terream,
2569 3329 2696 3395 que
2730 3315 2832 3376 est
2877 3308 3000 3377 sub

753 3415 1000 3502 arbore,
1036 3434 1161 3501 que
1191 3418 1307 3490 has
1338 3423 1648 3504 uocatur;
1701 3425 1768 3485 et
1798 3417 1954 3485 inde
1983 3419 2072 3485 ad
2103 3437 2412 3505 magnam
2460 3417 2763 3486 arborem
2804 3416 3000 3500 ilicis,

751 3525 938 3592 iuxta
967 3544 1162 3610 quam
1195 3535 1296 3593 est
1344 3534 1521 3595 meta
1549 3531 1764 3594 terrea
1794 3527 1915 3595 sub
1947 3528 2198 3613 arbore,
2249 3547 2375 3614 que
2407 3521 2615 3595 eciafn
2662 3530 2780 3593 has
2814 3544 3004 3593 voca·

752 3640 858 3700 tur
884 3654 1092 3724 prope
1121 3636 1381 3705 domum
1400 3636 1604 3723 Moyk
1635 3635 1913 3724 predicti
1937 3664 1955 3725 ς
1989 3646 2055 3706 et
2074 3637 2311 3706 abhinc
2342 3638 2431 3704 ad
2460 3636 2758 3705 arborem
2788 3635 3002 3720 ilicis3

755 3750 821 3810 et
868 3741 1019 3811 inde
1051 3742 1138 3810 ad
1186 3745 1485 3813 arborem
1515 3743 1679 3832 piri3
1730 3745 1885 3813 inde
1916 3764 2070 3812 uero
2104 3745 2192 3814 ad
2243 3752 2485 3813 metam
2526 3753 2831 3830 terream,
2876 3763 3004 3828 que

755 3857 856 3920 est
881 3852 1070 3919 iuxta
1114 3859 1263 3921 sata
1292 3861 1358 3922 et
1386 3860 1597 3922 ortum
1626 3855 1909 3942 predicti
1941 3856 2181 3942 Moyk3
2235 3864 2302 3924 et
2328 3854 2569 3923 exhinc
2604 3871 2798 3942 super
2847 3871 3004 3939 qna-

755 3960 907 4027 dam
927 3961 1037 4027 uia
1054 3960 1233 4029 uenit
1251 3961 1338 4028 ad
1350 3963 1661 4031 arborem
1679 3961 1982 4049 pomiferi
2013 3959 2212 4052 (igy),
2240 3982 2367 4049 qne
2386 3969 2488 4031 est
2505 3962 2694 4030 iuxta
2722 3963 3005 4030 eandem

755 4069 971 4155 uiam3
1022 4073 1088 4133 et
1115 4069 1269 4137 inde
1295 4071 1615 4140 ueniendo
1664 4091 1896 4159 parum
1928 4072 2163 4140 transit
2191 4072 2375 4140 illam
2403 4072 2603 4156 uiam,
2654 4076 2721 4137 et
2751 4069 2838 4138 ad
2878 4089 3005 4137 me-

753 4187 891 4246 tam
916 4184 1196 4245 terream
1226 4178 1424 4265 uenit,
1469 4178 1537 4246 in
1568 4197 1701 4264 qua
1729 4181 1845 4247 uia
1870 4186 1973 4247 est
2001 4185 2353 4248 mactatum
2383 4180 2633 4265 lignum
2676 4178 2885 4264 ilicis3
2938 4187 3005 4245 et

755 4284 993 4353 exhinc
1036 4285 1126 4353 ad
1179 4293 1418 4354 metam
1469 4292 1752 4355 terream
1772 4339 1792 4374 ,
1847 4307 1975 4371 que
2024 4296 2125 4357 est
2170 4289 2239 4357 in
2287 4309 2474 4376 rure;
2525 4288 2680 4356 inde
2724 4306 2882 4357 uero
2922 4287 3009 4355 ad

756 4395 957 4464 aliam
988 4400 1225 4463 metam
1275 4402 1579 4481 terream,
1632 4415 1758 4481 que
1790 4404 1891 4465 est
1919 4397 2105 4466 iuxta
2135 4404 2283 4465 sata
2312 4404 2380 4466 et
2408 4397 2713 4467 arborem
2752 4396 3005 4483 cerasi3

759 4504 999 4573 abhinc
1046 4511 1267 4573 antem
1317 4527 1436 4592 per
1467 4506 1799 4592 quandam
1848 4507 2202 4594 planiciem
2234 4507 2414 4577 uenit
2457 4508 2547 4576 ad
2594 4516 2838 4578 metam
2885 4517 3008 4578 ter·

749 4633 963 4699 ream,
1015 4633 1139 4699 que
1172 4620 1273 4683 est
1319 4620 1497 4682 recte
1545 4614 1732 4683 iuxta
1760 4614 2029 4684 fluuium
2065 4616 2396 4704 Luchuna,
2448 4624 2517 4685 et
2541 4618 2637 4686 ibi
2684 4619 3013 4689 adunatur

745 4730 928 4790 terre
960 4722 1248 4790 eiusdem
1281 4724 1575 4809 Magistri
1607 4726 1948 4813 Mawricij,
2001 4733 2067 4794 et
2097 4729 2195 4796 sic
2225 4728 2628 4797 terminatur.
2677 4729 2761 4797 Vt
2792 4736 3010 4798 autem
