<?xml version="1.0" encoding="UTF-8"?>
<!DOCTYPE html PUBLIC "-//W3C//DTD XHTML 1.0 Transitional//EN"
    "http://www.w3.org/TR/xhtml1/DTD/xhtml1-transitional.dtd">
<html xmlns="http://www.w3.org/1999/xhtml" xml:lang="en" lang="en">
 <head>
  <title>
</title>
<meta http-equiv="Content-Type" content="text/html;charset=utf-8" />
  <meta name='ocr-system' content='tesseract 3.04.00' />
  <meta name='ocr-capabilities' content='ocr_page ocr_carea ocr_par ocr_line ocrx_word'/>
</head>
<body>
  <div class='ocr_page' id='page_1' title='image "./codexdiplomatic09unkngoog_0375.png"; bbox 0 0 3359 5250; ppageno 0'>
   <div class='ocr_carea' id='block_1_1' title="bbox 1466 345 1598 421">
    <p class='ocr_par' dir='ltr' id='par_1_1' title="bbox 1466 345 1598 421">
     <span class='ocr_line' id='line_1_1' title="bbox 1466 345 1598 421; baseline 0 0"><span class='ocrx_word' id='word_1_1' title='bbox 1466 345 1598 421; x_wconf 77' lang='lat'>335</span> 
     </span>
    </p>
   </div>
   <div class='ocr_carea' id='block_1_2' title="bbox 1378 444 1688 457">
    <p class='ocr_par' dir='ltr' id='par_1_2' title="bbox 1378 444 1688 457">
     <span class='ocr_line' id='line_1_2' title="bbox 1378 444 1688 457; baseline 0 4793"><span class='ocrx_word' id='word_1_2' title='bbox 1378 444 1688 457; x_wconf 95' lang='lat' dir='ltr'> </span> 
     </span>
    </p>
   </div>
   <div class='ocr_carea' id='block_1_3' title="bbox 408 551 2744 1946">
    <p class='ocr_par' dir='ltr' id='par_1_3' title="bbox 408 551 2744 1946">
     <span class='ocr_line' id='line_1_3' title="bbox 408 551 2669 643; baseline -0.003 -19"><span class='ocrx_word' id='word_1_3' title='bbox 408 574 565 643; x_wconf 85' lang='lat' dir='ltr'>pars</span> <span class='ocrx_word' id='word_1_4' title='bbox 612 553 879 624; x_wconf 86' lang='lat' dir='ltr'>inferior</span> <span class='ocrx_word' id='word_1_5' title='bbox 931 554 1215 643; x_wconf 73' lang='lat' dir='ltr'><strong>pertinet</strong></span> <span class='ocrx_word' id='word_1_6' title='bbox 1263 558 1351 625; x_wconf 87' lang='lat' dir='ltr'>ad</span> <span class='ocrx_word' id='word_1_7' title='bbox 1404 568 1645 629; x_wconf 86' lang='lat' dir='ltr'>terram</span> <span class='ocrx_word' id='word_1_8' title='bbox 1697 552 1976 643; x_wconf 80' lang='lat' dir='ltr'>predicti</span> <span class='ocrx_word' id='word_1_9' title='bbox 2022 555 2092 621; x_wconf 89' lang='lat' dir='ltr'>P.</span> <span class='ocrx_word' id='word_1_10' title='bbox 2131 551 2422 637; x_wconf 83' lang='lat' dir='ltr'>Comitis,</span> <span class='ocrx_word' id='word_1_11' title='bbox 2475 572 2669 637; x_wconf 82' lang='lat' dir='ltr'>quam</span> 
     </span>
     <span class='ocr_line' id='line_1_4' title="bbox 408 660 2744 755; baseline -0.004 -25"><span class='ocrx_word' id='word_1_12' title='bbox 408 663 564 730; x_wconf 88' lang='lat' dir='ltr'>emit</span> <span class='ocrx_word' id='word_1_13' title='bbox 594 683 637 730; x_wconf 90' lang='lat' dir='ltr'>a</span> <span class='ocrx_word' id='word_1_14' title='bbox 667 661 972 733; x_wconf 82' lang='lat' dir='ltr'>Johanne</span> <span class='ocrx_word' id='word_1_15' title='bbox 1000 662 1134 733; x_wconf 87' lang='lat' dir='ltr'>filio</span> <span class='ocrx_word' id='word_1_16' title='bbox 1165 662 1505 755; x_wconf 78' lang='lat' dir='ltr'>Gregorij5</span> <span class='ocrx_word' id='word_1_17' title='bbox 1542 670 1695 753; x_wconf 86' lang='lat' dir='ltr'>post</span> <span class='ocrx_word' id='word_1_18' title='bbox 1725 663 1965 732; x_wconf 87' lang='lat' dir='ltr'>multas</span> <span class='ocrx_word' id='word_1_19' title='bbox 1998 661 2260 730; x_wconf 88' lang='lat' dir='ltr'>taudem</span> <span class='ocrx_word' id='word_1_20' title='bbox 2295 660 2671 728; x_wconf 86' lang='lat' dir='ltr'>altercacio·</span> <span class='ocrx_word' id='word_1_21' title='bbox 2738 714 2744 721; x_wconf 80' lang='grc'><strong><em>,</em></strong></span> 
     </span>
     <span class='ocr_line' id='line_1_5' title="bbox 411 766 2672 861; baseline -0.001 -22"><span class='ocrx_word' id='word_1_22' title='bbox 411 791 527 840; x_wconf 89' lang='lat' dir='ltr'>nes</span> <span class='ocrx_word' id='word_1_23' title='bbox 576 771 727 839; x_wconf 89' lang='lat' dir='ltr'>hinc</span> <span class='ocrx_word' id='word_1_24' title='bbox 758 778 825 840; x_wconf 82' lang='lat' dir='ltr'>et</span> <span class='ocrx_word' id='word_1_25' title='bbox 873 770 1027 840; x_wconf 87' lang='lat' dir='ltr'>inde</span> <span class='ocrx_word' id='word_1_26' title='bbox 1052 772 1224 842; x_wconf 87' lang='lat' dir='ltr'>inter</span> <span class='ocrx_word' id='word_1_27' title='bbox 1254 794 1373 842; x_wconf 91' lang='lat' dir='ltr'>nos</span> <span class='ocrx_word' id='word_1_28' title='bbox 1403 773 1640 861; x_wconf 85' lang='lat' dir='ltr'>factas,</span> <span class='ocrx_word' id='word_1_29' title='bbox 1694 771 2101 858; x_wconf 76' lang='lat' dir='ltr'>questionem</span> <span class='ocrx_word' id='word_1_30' title='bbox 2154 766 2484 838; x_wconf 89' lang='lat' dir='ltr'>antedicte</span> <span class='ocrx_word' id='word_1_31' title='bbox 2534 768 2672 836; x_wconf 87' lang='lat' dir='ltr'>litis</span> 
     </span>
     <span class='ocr_line' id='line_1_6' title="bbox 412 876 2664 969; baseline -0.001 -21"><span class='ocrx_word' id='word_1_32' title='bbox 412 901 494 948; x_wconf 86' lang='lat' dir='ltr'>ex</span> <span class='ocrx_word' id='word_1_33' title='bbox 543 899 868 949; x_wconf 86' lang='lat' dir='ltr'>consensu</span> <span class='ocrx_word' id='word_1_34' title='bbox 916 889 1342 969; x_wconf 88' lang='lat' dir='ltr'>patronorum</span> <span class='ocrx_word' id='word_1_35' title='bbox 1374 883 1672 951; x_wconf 87' lang='lat' dir='ltr'>Ecclesie</span> <span class='ocrx_word' id='word_1_36' title='bbox 1723 888 1965 964; x_wconf 86' lang='lat' dir='ltr'>nostre,</span> <span class='ocrx_word' id='word_1_37' title='bbox 2018 883 2086 946; x_wconf 89' lang='lat' dir='ltr'>et</span> <span class='ocrx_word' id='word_1_38' title='bbox 2115 876 2392 946; x_wconf 88' lang='lat' dir='ltr'>aliorum</span> <span class='ocrx_word' id='word_1_39' title='bbox 2441 897 2664 963; x_wconf 86' lang='lat' dir='ltr'>quam-</span> 
     </span>
     <span class='ocr_line' id='line_1_7' title="bbox 410 983 2669 1076; baseline -0.001 -21"><span class='ocrx_word' id='word_1_40' title='bbox 410 988 693 1076; x_wconf 84' lang='lat' dir='ltr'>plurium</span> <span class='ocrx_word' id='word_1_41' title='bbox 724 989 1041 1059; x_wconf 84' lang='lat' dir='ltr'>nobilium</span> <span class='ocrx_word' id='word_1_42' title='bbox 1070 991 1449 1059; x_wconf 85' lang='lat' dir='ltr'>reduximus</span> <span class='ocrx_word' id='word_1_43' title='bbox 1483 990 1570 1058; x_wconf 88' lang='lat' dir='ltr'>ad</span> <span class='ocrx_word' id='word_1_44' title='bbox 1599 989 1841 1058; x_wconf 89' lang='lat' dir='ltr'>bonum</span> <span class='ocrx_word' id='word_1_45' title='bbox 1875 988 2060 1075; x_wconf 82' lang='lat' dir='ltr'>pacis</span> <span class='ocrx_word' id='word_1_46' title='bbox 2091 987 2213 1055; x_wconf 90' lang='lat' dir='ltr'>hoc</span> <span class='ocrx_word' id='word_1_47' title='bbox 2245 985 2459 1070; x_wconf 88' lang='lat' dir='ltr'>modo,</span> <span class='ocrx_word' id='word_1_48' title='bbox 2495 983 2669 1070; x_wconf 88' lang='lat' dir='ltr'>quod</span> 
     </span>
     <span class='ocr_line' id='line_1_8' title="bbox 413 1096 2669 1184; baseline -0.002 -20"><span class='ocrx_word' id='word_1_49' title='bbox 413 1096 653 1164; x_wconf 84' lang='lat' dir='ltr'>dictam</span> <span class='ocrx_word' id='word_1_50' title='bbox 704 1105 940 1165; x_wconf 85' lang='lat' dir='ltr'>terram</span> <span class='ocrx_word' id='word_1_51' title='bbox 974 1097 1414 1184; x_wconf 72' lang='lat' dir='ltr'>relinquentes</span> <span class='ocrx_word' id='word_1_52' title='bbox 1446 1097 1660 1167; x_wconf 90' lang='lat' dir='ltr'>eidem</span> <span class='ocrx_word' id='word_1_53' title='bbox 1700 1097 1771 1167; x_wconf 90' lang='lat' dir='ltr'>P.</span> <span class='ocrx_word' id='word_1_54' title='bbox 1815 1096 2052 1164; x_wconf 84' lang='lat' dir='ltr'>Comiti</span> <span class='ocrx_word' id='word_1_55' title='bbox 2098 1102 2409 1184; x_wconf 89' lang='lat' dir='ltr'>perpetuo</span> <span class='ocrx_word' id='word_1_56' title='bbox 2463 1096 2669 1181; x_wconf 88' lang='lat' dir='ltr'>possi-</span> 
     </span>
     <span class='ocr_line' id='line_1_9' title="bbox 412 1203 2671 1280; baseline -0.001 -8"><span class='ocrx_word' id='word_1_57' title='bbox 412 1204 697 1274; x_wconf 83' lang='lat' dir='ltr'>dendam</span> <span class='ocrx_word' id='word_1_58' title='bbox 743 1206 929 1274; x_wconf 85' lang='lat' dir='ltr'>iuxta</span> <span class='ocrx_word' id='word_1_59' title='bbox 978 1207 1467 1280; x_wconf 76' lang='lat' dir='ltr'>ordinacionem</span> <span class='ocrx_word' id='word_1_60' title='bbox 1511 1207 1877 1276; x_wconf 87' lang='lat' dir='ltr'>litterarum</span> <span class='ocrx_word' id='word_1_61' title='bbox 1929 1204 2121 1275; x_wconf 88' lang='lat' dir='ltr'>Pauli</span> <span class='ocrx_word' id='word_1_62' title='bbox 2168 1203 2439 1273; x_wconf 84' lang='lat' dir='ltr'>Comitis</span> <span class='ocrx_word' id='word_1_63' title='bbox 2485 1203 2671 1271; x_wconf 86' lang='lat' dir='ltr'>Zala-</span> 
     </span>
     <span class='ocr_line' id='line_1_10' title="bbox 411 1311 2675 1403; baseline -0.001 -23"><span class='ocrx_word' id='word_1_64' title='bbox 411 1313 660 1383; x_wconf 88' lang='lat' dir='ltr'>diensis</span> <span class='ocrx_word' id='word_1_65' title='bbox 709 1322 775 1384; x_wconf 92' lang='lat' dir='ltr'>et</span> <span class='ocrx_word' id='word_1_66' title='bbox 802 1315 1054 1384; x_wconf 86' lang='lat' dir='ltr'>Judicis</span> <span class='ocrx_word' id='word_1_67' title='bbox 1107 1317 1259 1385; x_wconf 86' lang='lat' dir='ltr'>aule</span> <span class='ocrx_word' id='word_1_68' title='bbox 1290 1316 1534 1403; x_wconf 79' lang='lat' dir='ltr'>Regie3</span> <span class='ocrx_word' id='word_1_69' title='bbox 1589 1316 1683 1382; x_wconf 89' lang='lat' dir='ltr'>ita</span> <span class='ocrx_word' id='word_1_70' title='bbox 1712 1322 1953 1399; x_wconf 91' lang='lat' dir='ltr'>tamen,</span> <span class='ocrx_word' id='word_1_71' title='bbox 2005 1320 2075 1381; x_wconf 88' lang='lat' dir='ltr'>ut</span> <span class='ocrx_word' id='word_1_72' title='bbox 2106 1313 2164 1381; x_wconf 90' lang='lat' dir='ltr'>si</span> <span class='ocrx_word' id='word_1_73' title='bbox 2219 1311 2545 1399; x_wconf 81' lang='lat' dir='ltr'>quispiam</span> <span class='ocrx_word' id='word_1_74' title='bbox 2593 1331 2675 1378; x_wconf 86' lang='lat' dir='ltr'>ex</span> 
     </span>
     <span class='ocr_line' id='line_1_11' title="bbox 411 1420 2675 1513; baseline -0.004 -20"><span class='ocrx_word' id='word_1_75' title='bbox 411 1426 602 1493; x_wconf 87' lang='lat' dir='ltr'>nobis</span> <span class='ocrx_word' id='word_1_76' title='bbox 649 1426 962 1513; x_wconf 88' lang='lat' dir='ltr'>temporis</span> <span class='ocrx_word' id='word_1_77' title='bbox 1014 1444 1320 1512; x_wconf 84' lang='lat' dir='ltr'>processu</span> <span class='ocrx_word' id='word_1_78' title='bbox 1370 1424 1551 1492; x_wconf 85' lang='lat' dir='ltr'>litem</span> <span class='ocrx_word' id='word_1_79' title='bbox 1617 1443 1879 1492; x_wconf 88' lang='lat' dir='ltr'>mouere</span> <span class='ocrx_word' id='word_1_80' title='bbox 1931 1427 2358 1509; x_wconf 87' lang='lat' dir='ltr'>proponeret,</span> <span class='ocrx_word' id='word_1_81' title='bbox 2422 1420 2503 1487; x_wconf 87' lang='lat' dir='ltr'>de</span> <span class='ocrx_word' id='word_1_82' title='bbox 2552 1422 2675 1487; x_wconf 87' lang='lat' dir='ltr'>hoc</span> 
     </span>
     <span class='ocr_line' id='line_1_12' title="bbox 410 1528 2673 1602; baseline -0.002 -3"><span class='ocrx_word' id='word_1_83' title='bbox 410 1532 585 1601; x_wconf 86' lang='lat' dir='ltr'>facto</span> <span class='ocrx_word' id='word_1_84' title='bbox 616 1534 876 1602; x_wconf 88' lang='lat' dir='ltr'>omnino</span> <span class='ocrx_word' id='word_1_85' title='bbox 927 1533 996 1599; x_wconf 93' lang='lat' dir='ltr'>in</span> <span class='ocrx_word' id='word_1_86' title='bbox 1027 1533 1330 1602; x_wconf 91' lang='lat' dir='ltr'>omnibus</span> <span class='ocrx_word' id='word_1_87' title='bbox 1382 1533 1717 1601; x_wconf 87' lang='lat' dir='ltr'>conuictus</span> <span class='ocrx_word' id='word_1_88' title='bbox 1749 1531 2115 1599; x_wconf 85' lang='lat' dir='ltr'>haberetur.</span> <span class='ocrx_word' id='word_1_89' title='bbox 2168 1530 2251 1595; x_wconf 82' lang='lat' dir='ltr'>Et</span> <span class='ocrx_word' id='word_1_90' title='bbox 2284 1536 2353 1597; x_wconf 87' lang='lat' dir='ltr'>ut</span> <span class='ocrx_word' id='word_1_91' title='bbox 2392 1530 2514 1595; x_wconf 88' lang='lat' dir='ltr'>hoc</span> <span class='ocrx_word' id='word_1_92' title='bbox 2546 1528 2673 1595; x_wconf 84' lang='lat' dir='ltr'>fac-</span> 
     </span>
     <span class='ocr_line' id='line_1_13' title="bbox 414 1636 2673 1728; baseline -0.002 -21"><span class='ocrx_word' id='word_1_93' title='bbox 414 1647 550 1708; x_wconf 87' lang='lat' dir='ltr'>tum</span> <span class='ocrx_word' id='word_1_94' title='bbox 583 1640 1036 1710; x_wconf 85' lang='lat' dir='ltr'>inconcussum</span> <span class='ocrx_word' id='word_1_95' title='bbox 1087 1648 1499 1728; x_wconf 76' lang='lat' dir='ltr'>permaneret</span> <span class='ocrx_word' id='word_1_96' title='bbox 1529 1641 1594 1707; x_wconf 89' lang='lat' dir='ltr'>in</span> <span class='ocrx_word' id='word_1_97' title='bbox 1629 1645 1981 1727; x_wconf 90' lang='lat' dir='ltr'>posterum,</span> <span class='ocrx_word' id='word_1_98' title='bbox 2032 1658 2151 1704; x_wconf 87' lang='lat' dir='ltr'>nec</span> <span class='ocrx_word' id='word_1_99' title='bbox 2192 1636 2426 1723; x_wconf 85' lang='lat' dir='ltr'>possit·</span> <span class='ocrx_word' id='word_1_100' title='bbox 2455 1638 2673 1704; x_wconf 87' lang='lat' dir='ltr'>uenire</span> 
     </span>
     <span class='ocr_line' id='line_1_14' title="bbox 415 1746 2673 1836; baseline -0.002 -22"><span class='ocrx_word' id='word_1_101' title='bbox 415 1749 483 1816; x_wconf 91' lang='lat' dir='ltr'>in</span> <span class='ocrx_word' id='word_1_102' title='bbox 516 1749 789 1836; x_wconf 84' lang='lat' dir='ltr'>irritum,</span> <span class='ocrx_word' id='word_1_103' title='bbox 824 1748 1079 1818; x_wconf 85' lang='lat' dir='ltr'>litteras</span> <span class='ocrx_word' id='word_1_104' title='bbox 1112 1749 1412 1819; x_wconf 77' lang='lat' dir='ltr'>dedimus</span> <span class='ocrx_word' id='word_1_105' title='bbox 1442 1749 1647 1836; x_wconf 82' lang='lat' dir='ltr'>sigilli</span> <span class='ocrx_word' id='word_1_106' title='bbox 1678 1747 1886 1817; x_wconf 77' lang='lat' dir='ltr'>nostri</span> <span class='ocrx_word' id='word_1_107' title='bbox 1918 1746 2271 1815; x_wconf 87' lang='lat' dir='ltr'>munimine</span> <span class='ocrx_word' id='word_1_108' title='bbox 2309 1747 2673 1814; x_wconf 79' lang='lat' dir='ltr'>roboratas.</span> 
     </span>
     <span class='ocr_line' id='line_1_15' title="bbox 417 1856 1494 1946; baseline 0.002 -23"><span class='ocrx_word' id='word_1_109' title='bbox 417 1858 603 1924; x_wconf 89' lang='lat' dir='ltr'>Anno</span> <span class='ocrx_word' id='word_1_110' title='bbox 633 1858 857 1944; x_wconf 80' lang='lat' dir='ltr'>gracie</span> <span class='ocrx_word' id='word_1_111' title='bbox 889 1859 980 1924; x_wconf 74' lang='grc' dir='ltr'>Μο</span> <span class='ocrx_word' id='word_1_112' title='bbox 1000 1856 1230 1926; x_wconf 82' lang='lat' dir='ltr'>oc⁰L⁰</span> <span class='ocrx_word' id='word_1_113' title='bbox 1262 1859 1494 1946; x_wconf 88' lang='lat' dir='ltr'>primo.</span> 
     </span>
    </p>
   </div>
   <div class='ocr_carea' id='block_1_4' title="bbox 419 2053 2677 2396">
    <p class='ocr_par' dir='ltr' id='par_1_4' title="bbox 420 2053 2673 2125">
     <span class='ocr_line' id='line_1_16' title="bbox 420 2053 2673 2125; baseline -0.001 -17"><span class='ocrx_word' id='word_1_114' title='bbox 420 2056 693 2123; x_wconf 81' lang='lat' dir='ltr'>(Eredetie</span> <span class='ocrx_word' id='word_1_115' title='bbox 717 2054 1069 2125; x_wconf 63' lang='lat' dir='ltr'>bssrhartyan,</span> <span class='ocrx_word' id='word_1_116' title='bbox 1114 2057 1340 2125; x_wconf 73' lang='lat' dir='ltr'>melyrssl</span> <span class='ocrx_word' id='word_1_117' title='bbox 1363 2054 1815 2125; x_wconf 70' lang='lat' dir='ltr'>har-tyazsinegen</span> <span class='ocrx_word' id='word_1_118' title='bbox 1842 2073 1876 2110; x_wconf 82' lang='lat' dir='ltr'>a</span> <span class='ocrx_word' id='word_1_119' title='bbox 1900 2053 2085 2123; x_wconf 77' lang='lat' dir='ltr'>pecset</span> <span class='ocrx_word' id='word_1_120' title='bbox 2113 2056 2264 2122; x_wconf 74' lang='lat' dir='ltr'>sugg,</span> <span class='ocrx_word' id='word_1_121' title='bbox 2293 2070 2326 2106; x_wconf 81' lang='lat' dir='ltr'>a</span> <span class='ocrx_word' id='word_1_122' title='bbox 2353 2053 2556 2107; x_wconf 68' lang='lat' dir='ltr'>fomelt.</span> <span class='ocrx_word' id='word_1_123' title='bbox 2583 2054 2673 2121; x_wconf 83' lang='lat' dir='ltr'>hg.</span> 
     </span>
    </p>

    <p class='ocr_par' dir='ltr' id='par_1_5' title="bbox 419 2142 2676 2215">
     <span class='ocr_line' id='line_1_17' title="bbox 419 2142 2676 2215; baseline -0 -17"><span class='ocrx_word' id='word_1_124' title='bbox 419 2144 716 2214; x_wconf 62' lang='lat' dir='ltr'>Batthyani</span> <span class='ocrx_word' id='word_1_125' title='bbox 742 2144 926 2199; x_wconf 68' lang='lat' dir='ltr'>csalffl</span> <span class='ocrx_word' id='word_1_126' title='bbox 950 2145 1339 2203; x_wconf 62' lang='lat' dir='ltr'>leveltaraban.</span> <span class='ocrx_word' id='word_1_127' title='bbox 1379 2150 1663 2215; x_wconf 78' lang='lat' dir='ltr'>Ugyanott</span> <span class='ocrx_word' id='word_1_128' title='bbox 1696 2145 1949 2200; x_wconf 69' lang='lat' dir='ltr'>Briztetik</span> <span class='ocrx_word' id='word_1_129' title='bbox 1974 2159 2300 2213; x_wconf 78' lang='lat' dir='ltr'>ugyanazon</span> <span class='ocrx_word' id='word_1_130' title='bbox 2326 2142 2676 2212; x_wconf 63' lang='lat' dir='ltr'>okmanynak</span> 
     </span>
    </p>

    <p class='ocr_par' dir='ltr' id='par_1_6' title="bbox 420 2232 2677 2396">
     <span class='ocr_line' id='line_1_18' title="bbox 420 2232 2677 2305; baseline 0 -19"><span class='ocrx_word' id='word_1_131' title='bbox 420 2232 620 2288; x_wconf 65' lang='lat' dir='ltr'>atirata</span> <span class='ocrx_word' id='word_1_132' title='bbox 647 2238 709 2297; x_wconf 74' lang='lat' dir='ltr'>is,</span> <span class='ocrx_word' id='word_1_133' title='bbox 736 2235 878 2303; x_wconf 77' lang='lat' dir='ltr'>mely</span> <span class='ocrx_word' id='word_1_134' title='bbox 902 2252 935 2288; x_wconf 82' lang='lat' dir='ltr'>a</span> <span class='ocrx_word' id='word_1_135' title='bbox 961 2238 1205 2290; x_wconf 79' lang='lat' dir='ltr'>chazmai</span> <span class='ocrx_word' id='word_1_136' title='bbox 1248 2235 1508 2305; x_wconf 68' lang='lat' dir='ltr'>kaptalan</span> <span class='ocrx_word' id='word_1_137' title='bbox 1539 2235 1670 2291; x_wconf 62' lang='lat' dir='ltr'>altal</span> <span class='ocrx_word' id='word_1_138' title='bbox 1698 2235 1911 2289; x_wconf 72' lang='lat' dir='ltr'>keszillt</span> <span class='ocrx_word' id='word_1_139' title='bbox 1940 2238 2094 2289; x_wconf 72' lang='lat'>1409.</span> <span class='ocrx_word' id='word_1_140' title='bbox 2121 2236 2257 2287; x_wconf 80' lang='lat' dir='ltr'>feria</span> <span class='ocrx_word' id='word_1_141' title='bbox 2283 2237 2519 2290; x_wconf 81' lang='lat' dir='ltr'>secunda</span> <span class='ocrx_word' id='word_1_142' title='bbox 2555 2253 2677 2302; x_wconf 88' lang='lat' dir='ltr'>pro-</span> 
     </span>
     <span class='ocr_line' id='line_1_19' title="bbox 851 2328 2249 2396; baseline -0.001 -19"><span class='ocrx_word' id='word_1_143' title='bbox 851 2331 996 2380; x_wconf 83' lang='lat' dir='ltr'>xima</span> <span class='ocrx_word' id='word_1_144' title='bbox 1018 2336 1143 2396; x_wconf 83' lang='lat' dir='ltr'>post</span> <span class='ocrx_word' id='word_1_145' title='bbox 1167 2331 1363 2381; x_wconf 81' lang='lat' dir='ltr'>festum</span> <span class='ocrx_word' id='word_1_146' title='bbox 1389 2328 1764 2383; x_wconf 83' lang='lat' dir='ltr'>Exaltacionis</span> <span class='ocrx_word' id='word_1_147' title='bbox 1791 2328 1990 2380; x_wconf 84' lang='lat' dir='ltr'>Sancte</span> <span class='ocrx_word' id='word_1_148' title='bbox 2016 2328 2249 2394; x_wconf 83' lang='lat' dir='ltr'>Crucis.)</span> 
     </span>
    </p>
   </div>
   <div class='ocr_carea' id='block_1_5' title="bbox 1289 2643 1812 2656">
    <p class='ocr_par' dir='ltr' id='par_1_7' title="bbox 1289 2643 1812 2656">
     <span class='ocr_line' id='line_1_20' title="bbox 1289 2643 1812 2656; baseline -0.002 -1"><span class='ocrx_word' id='word_1_149' title='bbox 1289 2643 1812 2656; x_wconf 68' lang='lat'>————-——-—-—-—-</span> 
     </span>
    </p>
   </div>
   <div class='ocr_carea' id='block_1_6' title="bbox 1482 3120 1639 3191">
    <p class='ocr_par' dir='ltr' id='par_1_8' title="bbox 1482 3120 1639 3191">
     <span class='ocr_line' id='line_1_21' title="bbox 1482 3120 1639 3191; baseline 0 -1"><span class='ocrx_word' id='word_1_150' title='bbox 1482 3120 1639 3191; x_wconf 74' lang='lat'>283.</span> 
     </span>
    </p>
   </div>
   <div class='ocr_carea' id='block_1_7' title="bbox 425 3302 2683 3476">
    <p class='ocr_par' dir='ltr' id='par_1_9' title="bbox 425 3302 2683 3476">
     <span class='ocr_line' id='line_1_22' title="bbox 425 3302 2683 3393; baseline 0.001 -25"><span class='ocrx_word' id='word_1_151' title='bbox 425 3302 611 3384; x_wconf 63' lang='lat' dir='ltr'>Data,</span> <span class='ocrx_word' id='word_1_152' title='bbox 644 3303 880 3370; x_wconf 72' lang='lat' dir='ltr'>Korne&#39;l</span> <span class='ocrx_word' id='word_1_153' title='bbox 911 3303 1219 3371; x_wconf 80' lang='lat' dir='ltr'>comesnek</span> <span class='ocrx_word' id='word_1_154' title='bbox 1247 3304 1351 3387; x_wconf 79' lang='lat' dir='ltr'>fla</span> <span class='ocrx_word' id='word_1_155' title='bbox 1383 3328 1423 3369; x_wconf 84' lang='lat' dir='ltr'>a</span> <span class='ocrx_word' id='word_1_156' title='bbox 1452 3304 1810 3393; x_wconf 71' lang='lat' dir='ltr'>hakonybe‘li</span> <span class='ocrx_word' id='word_1_157' title='bbox 1857 3304 2241 3392; x_wconf 71' lang='lat' dir='ltr'>apdtsdqndl</span> <span class='ocrx_word' id='word_1_158' title='bbox 2290 3305 2683 3393; x_wconf 74' lang='lat' dir='ltr'>alapievdnyt</span> 
     </span>
     <span class='ocr_line' id='line_1_23' title="bbox 1370 3409 1730 3476; baseline 0 0"><span class='ocrx_word' id='word_1_159' title='bbox 1370 3424 1503 3476; x_wconf 65' lang='lat' dir='ltr'>tesz.</span> <span class='ocrx_word' id='word_1_160' title='bbox 1538 3409 1730 3476; x_wconf 83' lang='lat'><em>1251.</em></span> 
     </span>
    </p>
   </div>
   <div class='ocr_carea' id='block_1_8' title="bbox 425 3607 2687 4786">
    <p class='ocr_par' dir='ltr' id='par_1_10' title="bbox 425 3607 2687 4786">
     <span class='ocr_line' id='line_1_24' title="bbox 641 3607 2681 3698; baseline 0.001 -21"><span class='ocrx_word' id='word_1_161' title='bbox 641 3612 785 3695; x_wconf 85' lang='lat' dir='ltr'>Ego</span> <span class='ocrx_word' id='word_1_162' title='bbox 836 3611 1010 3678; x_wconf 86' lang='lat' dir='ltr'>Deta</span> <span class='ocrx_word' id='word_1_163' title='bbox 1038 3609 1212 3678; x_wconf 82' lang='lat' dir='ltr'>filius</span> <span class='ocrx_word' id='word_1_164' title='bbox 1246 3607 1503 3678; x_wconf 85' lang='lat' dir='ltr'>Corneli</span> <span class='ocrx_word' id='word_1_165' title='bbox 1536 3607 1815 3678; x_wconf 82' lang='lat' dir='ltr'>Comitis</span> <span class='ocrx_word' id='word_1_166' title='bbox 1848 3611 2147 3681; x_wconf 89' lang='lat' dir='ltr'>omnibus</span> <span class='ocrx_word' id='word_1_167' title='bbox 2178 3611 2540 3681; x_wconf 70' lang='lat' dir='ltr'>inChristo</span> <span class='ocrx_word' id='word_1_168' title='bbox 2573 3611 2681 3698; x_wconf 90' lang='lat' dir='ltr'>pie</span> 
     </span>
     <span class='ocr_line' id='line_1_25' title="bbox 425 3716 2677 3807; baseline 0.001 -23"><span class='ocrx_word' id='word_1_169' title='bbox 425 3717 800 3785; x_wconf 88' lang='lat' dir='ltr'>uiuentibus</span> <span class='ocrx_word' id='word_1_170' title='bbox 849 3737 1121 3807; x_wconf 89' lang='lat' dir='ltr'>presens</span> <span class='ocrx_word' id='word_1_171' title='bbox 1153 3716 1466 3806; x_wconf 87' lang='lat' dir='ltr'>scriptum</span> <span class='ocrx_word' id='word_1_172' title='bbox 1497 3718 1889 3806; x_wconf 85' lang='lat' dir='ltr'>inspecturis</span> <span class='ocrx_word' id='word_1_173' title='bbox 1936 3720 2216 3790; x_wconf 87' lang='lat' dir='ltr'>salutem</span> <span class='ocrx_word' id='word_1_174' title='bbox 2246 3720 2313 3788; x_wconf 90' lang='lat' dir='ltr'>in</span> <span class='ocrx_word' id='word_1_175' title='bbox 2349 3741 2503 3789; x_wconf 88' lang='lat' dir='ltr'>uero</span> <span class='ocrx_word' id='word_1_176' title='bbox 2536 3718 2677 3787; x_wconf 87' lang='lat' dir='ltr'>Sal·</span> 
     </span>
     <span class='ocr_line' id='line_1_26' title="bbox 427 3826 2680 3916; baseline 0.001 -24"><span class='ocrx_word' id='word_1_177' title='bbox 427 3831 674 3894; x_wconf 86' lang='lat' dir='ltr'>uatore.</span> <span class='ocrx_word' id='word_1_178' title='bbox 718 3826 1043 3906; x_wconf 80' lang='lat' dir='ltr'>Quoniam</span> <span class='ocrx_word' id='word_1_179' title='bbox 1072 3828 1295 3897; x_wconf 88' lang='lat' dir='ltr'>causis</span> <span class='ocrx_word' id='word_1_180' title='bbox 1326 3827 1679 3895; x_wconf 89' lang='lat' dir='ltr'>secundum</span> <span class='ocrx_word' id='word_1_181' title='bbox 1712 3828 2040 3898; x_wconf 88' lang='lat' dir='ltr'>iusticiam</span> <span class='ocrx_word' id='word_1_182' title='bbox 2075 3828 2416 3916; x_wconf 80' lang='lat' dir='ltr'>dispositis</span> <span class='ocrx_word' id='word_1_183' title='bbox 2447 3826 2680 3895; x_wconf 83' lang='lat' dir='ltr'>infruc-</span> 
     </span>
     <span class='ocr_line' id='line_1_27' title="bbox 425 3934 2679 4023; baseline 0 -23"><span class='ocrx_word' id='word_1_184' title='bbox 425 3943 618 4001; x_wconf 87' lang='lat' dir='ltr'>tuosa</span> <span class='ocrx_word' id='word_1_185' title='bbox 651 3934 896 4006; x_wconf 90' lang='lat' dir='ltr'>obliuio</span> <span class='ocrx_word' id='word_1_186' title='bbox 927 3954 1085 4023; x_wconf 90' lang='lat' dir='ltr'>sepe</span> <span class='ocrx_word' id='word_1_187' title='bbox 1117 3936 1284 4005; x_wconf 90' lang='lat' dir='ltr'>solet</span> <span class='ocrx_word' id='word_1_188' title='bbox 1312 3935 1677 4021; x_wconf 86' lang='lat' dir='ltr'>nouercari,</span> <span class='ocrx_word' id='word_1_189' title='bbox 1724 3935 1968 4004; x_wconf 89' lang='lat' dir='ltr'>idcirco</span> <span class='ocrx_word' id='word_1_190' title='bbox 1997 3937 2171 4022; x_wconf 88' lang='lat' dir='ltr'>quod</span> <span class='ocrx_word' id='word_1_191' title='bbox 2202 3938 2271 4004; x_wconf 92' lang='lat' dir='ltr'>in</span> <span class='ocrx_word' id='word_1_192' title='bbox 2304 3935 2679 4023; x_wconf 85' lang='lat' dir='ltr'>presencia-</span> 
     </span>
     <span class='ocr_line' id='line_1_28' title="bbox 425 4044 2683 4135; baseline 0 -25"><span class='ocrx_word' id='word_1_193' title='bbox 425 4063 568 4110; x_wconf 88' lang='lat' dir='ltr'>rum</span> <span class='ocrx_word' id='word_1_194' title='bbox 601 4044 849 4129; x_wconf 85' lang='lat' dir='ltr'>geritur</span> <span class='ocrx_word' id='word_1_195' title='bbox 879 4064 1164 4131; x_wconf 90' lang='lat' dir='ltr'>congruo</span> <span class='ocrx_word' id='word_1_196' title='bbox 1187 4046 1506 4132; x_wconf 83' lang='lat' dir='ltr'>scripture</span> <span class='ocrx_word' id='word_1_197' title='bbox 1544 4044 1920 4115; x_wconf 83' lang='lat' dir='ltr'>testimonio</span> <span class='ocrx_word' id='word_1_198' title='bbox 1960 4046 2118 4114; x_wconf 79' lang='lat' dir='ltr'>duxi</span> <span class='ocrx_word' id='word_1_199' title='bbox 2141 4044 2683 4135; x_wconf 85' lang='lat' dir='ltr'>perpetuandum.</span> 
     </span>
     <span class='ocr_line' id='line_1_29' title="bbox 427 4151 2685 4242; baseline 0.001 -24"><span class='ocrx_word' id='word_1_200' title='bbox 427 4151 850 4221; x_wconf 80' lang='lat' dir='ltr'>Vniuersitati</span> <span class='ocrx_word' id='word_1_201' title='bbox 883 4154 1085 4242; x_wconf 85' lang='lat' dir='ltr'>igitur</span> <span class='ocrx_word' id='word_1_202' title='bbox 1131 4152 1419 4220; x_wconf 90' lang='lat' dir='ltr'>omnium</span> <span class='ocrx_word' id='word_1_203' title='bbox 1449 4153 1821 4222; x_wconf 80' lang='lat' dir='ltr'>innotescat</span> <span class='ocrx_word' id='word_1_204' title='bbox 1850 4154 2021 4222; x_wconf 90' lang='lat' dir='ltr'>scire</span> <span class='ocrx_word' id='word_1_205' title='bbox 2070 4152 2459 4240; x_wconf 83' lang='lat' dir='ltr'>uolencium,</span> <span class='ocrx_word' id='word_1_206' title='bbox 2511 4152 2685 4239; x_wconf 88' lang='lat' dir='ltr'>quod</span> 
     </span>
     <span class='ocr_line' id='line_1_30' title="bbox 426 4259 2685 4348; baseline -0.001 -20"><span class='ocrx_word' id='word_1_207' title='bbox 426 4281 544 4348; x_wconf 85' lang='lat' dir='ltr'>pro</span> <span class='ocrx_word' id='word_1_208' title='bbox 594 4261 886 4331; x_wconf 87' lang='lat' dir='ltr'>remedio</span> <span class='ocrx_word' id='word_1_209' title='bbox 931 4262 1150 4329; x_wconf 90' lang='lat' dir='ltr'>anime</span> <span class='ocrx_word' id='word_1_210' title='bbox 1198 4260 1420 4329; x_wconf 89' lang='lat' dir='ltr'>fratris</span> <span class='ocrx_word' id='word_1_211' title='bbox 1472 4259 1601 4329; x_wconf 90' lang='lat' dir='ltr'>mei</span> <span class='ocrx_word' id='word_1_212' title='bbox 1633 4260 1983 4348; x_wconf 88' lang='lat' dir='ltr'>Dominici‚</span> <span class='ocrx_word' id='word_1_213' title='bbox 2035 4261 2149 4346; x_wconf 89' lang='lat' dir='ltr'>qui</span> <span class='ocrx_word' id='word_1_214' title='bbox 2179 4261 2305 4330; x_wconf 90' lang='lat' dir='ltr'>sibi</span> <span class='ocrx_word' id='word_1_215' title='bbox 2353 4259 2556 4347; x_wconf 88' lang='lat' dir='ltr'>elegit</span> <span class='ocrx_word' id='word_1_216' title='bbox 2585 4280 2685 4327; x_wconf 87' lang='lat' dir='ltr'>se-</span> 
     </span>
     <span class='ocr_line' id='line_1_31' title="bbox 427 4368 2686 4458; baseline -0.002 -19"><span class='ocrx_word' id='word_1_217' title='bbox 427 4370 758 4458; x_wconf 88' lang='lat' dir='ltr'>pulturam</span> <span class='ocrx_word' id='word_1_218' title='bbox 792 4369 856 4438; x_wconf 91' lang='lat' dir='ltr'>in</span> <span class='ocrx_word' id='word_1_219' title='bbox 906 4371 1197 4439; x_wconf 88' lang='lat' dir='ltr'>claustro</span> <span class='ocrx_word' id='word_1_220' title='bbox 1228 4370 1450 4439; x_wconf 83' lang='lat' dir='ltr'>Sancti</span> <span class='ocrx_word' id='word_1_221' title='bbox 1480 4370 1780 4438; x_wconf 72' lang='lat' dir='ltr'>Mauricii</span> <span class='ocrx_word' id='word_1_222' title='bbox 1812 4370 1896 4437; x_wconf 90' lang='lat' dir='ltr'>de</span> <span class='ocrx_word' id='word_1_223' title='bbox 1939 4370 2080 4456; x_wconf 90' lang='lat' dir='ltr'>Bel,</span> <span class='ocrx_word' id='word_1_224' title='bbox 2133 4368 2439 4439; x_wconf 88' lang='lat' dir='ltr'>constitui</span> <span class='ocrx_word' id='word_1_225' title='bbox 2487 4388 2686 4436; x_wconf 88' lang='lat' dir='ltr'>unum</span> 
     </span>
     <span class='ocr_line' id='line_1_32' title="bbox 427 4477 2687 4563; baseline -0.001 -16"><span class='ocrx_word' id='word_1_226' title='bbox 427 4499 691 4548; x_wconf 88' lang='lat' dir='ltr'>seruum</span> <span class='ocrx_word' id='word_1_227' title='bbox 725 4499 937 4549; x_wconf 88' lang='lat' dir='ltr'>meum</span> <span class='ocrx_word' id='word_1_228' title='bbox 987 4479 1246 4549; x_wconf 90' lang='lat' dir='ltr'>nomine</span> <span class='ocrx_word' id='word_1_229' title='bbox 1278 4478 1574 4549; x_wconf 78' lang='lat' dir='ltr'>Chekam</span> <span class='ocrx_word' id='word_1_230' title='bbox 1624 4501 1770 4548; x_wconf 90' lang='lat' dir='ltr'>cum</span> <span class='ocrx_word' id='word_1_231' title='bbox 1802 4480 1936 4550; x_wconf 89' lang='lat' dir='ltr'>filio</span> <span class='ocrx_word' id='word_1_232' title='bbox 1968 4500 2087 4547; x_wconf 91' lang='lat' dir='ltr'>suo</span> <span class='ocrx_word' id='word_1_233' title='bbox 2136 4480 2396 4549; x_wconf 88' lang='lat' dir='ltr'>nomine</span> <span class='ocrx_word' id='word_1_234' title='bbox 2427 4477 2687 4563; x_wconf 86' lang='lat' dir='ltr'>Ohulgu</span> 
     </span>
     <span class='ocr_line' id='line_1_33' title="bbox 427 4586 2685 4659; baseline -0.002 -3"><span class='ocrx_word' id='word_1_235' title='bbox 427 4596 494 4656; x_wconf 87' lang='lat' dir='ltr'>et</span> <span class='ocrx_word' id='word_1_236' title='bbox 523 4608 670 4657; x_wconf 90' lang='lat' dir='ltr'>cum</span> <span class='ocrx_word' id='word_1_237' title='bbox 702 4590 1006 4658; x_wconf 87' lang='lat' dir='ltr'>omnibus</span> <span class='ocrx_word' id='word_1_238' title='bbox 1058 4588 1409 4658; x_wconf 87' lang='lat' dir='ltr'>heredibus</span> <span class='ocrx_word' id='word_1_239' title='bbox 1440 4589 1509 4656; x_wconf 92' lang='lat' dir='ltr'>in</span> <span class='ocrx_word' id='word_1_240' title='bbox 1541 4588 1826 4659; x_wconf 83' lang='lat' dir='ltr'>futurum</span> <span class='ocrx_word' id='word_1_241' title='bbox 1858 4588 1987 4656; x_wconf 90' lang='lat' dir='ltr'>sibi</span> <span class='ocrx_word' id='word_1_242' title='bbox 2037 4586 2535 4656; x_wconf 89' lang='lat' dir='ltr'>succedentibus</span> <span class='ocrx_word' id='word_1_243' title='bbox 2565 4587 2685 4654; x_wconf 88' lang='lat' dir='ltr'>tali</span> 
     </span>
     <span class='ocr_line' id='line_1_34' title="bbox 429 4695 2687 4786; baseline 0 -25"><span class='ocrx_word' id='word_1_244' title='bbox 429 4697 831 4786; x_wconf 76' lang='lat' dir='ltr'>condicione,</span> <span class='ocrx_word' id='word_1_245' title='bbox 893 4709 961 4766; x_wconf 87' lang='lat' dir='ltr'>ut</span> <span class='ocrx_word' id='word_1_246' title='bbox 998 4699 1065 4765; x_wconf 91' lang='lat' dir='ltr'>iu</span> <span class='ocrx_word' id='word_1_247' title='bbox 1117 4700 1368 4767; x_wconf 86' lang='lat' dir='ltr'>octauis</span> <span class='ocrx_word' id='word_1_248' title='bbox 1419 4698 1642 4765; x_wconf 87' lang='lat' dir='ltr'>Sancti</span> <span class='ocrx_word' id='word_1_249' title='bbox 1673 4697 1956 4784; x_wconf 80' lang='lat' dir='ltr'>Nycolai</span> <span class='ocrx_word' id='word_1_250' title='bbox 2007 4697 2343 4764; x_wconf 82' lang='lat' dir='ltr'>annuatim</span> <span class='ocrx_word' id='word_1_251' title='bbox 2396 4695 2687 4763; x_wconf 83' lang='lat' dir='ltr'>conferat</span> 
     </span>
    </p>
   </div>
  </div>
 </body>
</html>
