3359 5250
1418 332 1549 400 399

569 527 756 597 Vnde
786 548 905 596 nos
935 529 1130 616 plene
1162 529 1447 616 perlecto
1480 537 1702 599 tenore
1732 530 1998 599 illarum
2039 536 2104 598 et
2134 530 2394 618 plenius
2431 530 2613 598 intel-

349 639 544 721 lecto,
575 630 836 704 'terram
866 638 1098 705 Monar
1129 638 1424 726 superius
1473 640 1876 709 nominatam
1926 638 2082 708 filiis
2119 639 2502 709 Manehonis
2547 644 2614 707 et

351 746 507 834 filijs
539 744 723 832 Hyze
768 747 1114 815 statuimus
1161 749 1355 835 pleno
1404 747 1543 816 iure
1574 748 1849 836 pacifice
1899 746 2383 837 possidendam,
2438 746 2607 815 sicut

352 857 470 926 1³0¹·
501 851 750 923 iudices
802 852 925 922 fuit
968 856 1266 925 restituta
1317 864 1749 944 memoratos;
1803 855 2212 926 decreuimus
2262 856 2490 940 eciam,
2541 861 2610 922 ut

350 947 519 1047 iPSa,
575 983 659 1031 ne
689 963 838 1050 ipsa
885 984 989 1032 res
1041 965 1289 1034 tociens
1340 966 1917 1037 coramiudicihus
1967 967 2287 1035 uentilata
2339 985 2457 1053 per
2502 985 2605 1032 ea-

349 1069 679 1159 lumpnias
712 1092 1152 1143 successorum
1174 1076 1384 1162 possit
1414 1078 1799 1165 perturbari,
1834 1077 1891 1144 si
1932 1076 2042 1163 qui
2065 1096 2179 1163 per
2209 1074 2604 1162 jobagiones

351 1180 565 1248 Oastri
616 1183 956 1251 memorati
984 1204 1149 1252 ausu
1201 1185 1544 1253 temerario
1578 1185 2088 1274 presumpserint
2137 1184 2220 1251 de
2252 1190 2468 1251 cetero
2511 1190 2604 1251 at-

347 1295 688 1378 temptare,
754 1293 1020 1380 dignam
1071 1296 1395 1382 recipiant
1444 1296 1811 1364 mereedem
1862 1293 2469 1382 calumpniatorum.
2523 1294 2608 1359 Et

350 1398 439 1466 ad
471 1399 764 1470 eiusdem
814 1404 910 1470 rei
941 1404 1504 1474 confirmacionem
1555 1404 1810 1472 litteras
1854 1406 2191 1491 presentes
2212 1448 2215 1455 ·
2240 1400 2604 1487 sigillorum
2710 1396 2731 1405 ‘

347 1515 716 1578 nostrorum
747 1513 1107 1600 patrocinio
1148 1515 1575 1581 communitas
1608 1514 1915 1621 duximus
1953 1509 2425 1582 concedendas.
2477 1512 2603 1577 Da·

349 1623 487 1684 tum
520 1617 784 1687 Posonii
833 1620 899 1687 in
949 1619 1116 1689 festo
1167 1620 1392 1689 Sancti
1424 1620 1683 1690 Nicolai
1738 1641 1906 1689 anno
1946 1620 2208 1688 Domini
2262 1621 2352 1687 M⁰
2372 1617 2504 1686 00⁰
2524 1618 2602 1684 L·

346 1727 595 1810 quinto.

341 1909 619 1974 (Eredetie
647 1906 996 1980 bothnin-tylia,
1041 1911 1263 1979 melyrtil
1289 1928 1323 1963 a
1348 1910 1441 1963 ket
1466 1912 1744 1965 kikflldott
1767 1910 1884 1964 bin-6
1931 1911 2189 1979 pecsetjei
2216 1911 2335 1961 znld
2363 1910 2591 1975 selyem-

666 2000 916 2053 zsindron
944 2002 1204 2069 fflggnek.
1233 2020 1266 2055 a
1291 2004 1452 2056 budai
1481 2004 1582 2056 kir.
1611 2005 1859 2058 kamarai
1891 2001 2276 2068 levi-ltarban.)

1221 2341 1720 2351 Ἣ

1383 2834 1536 2902 284.

341 3034 584 3099 Omode'
601 3039 787 3122 yyb'm‘
807 3033 1049 3121 piinpb'lc
1079 3035 1432 3120 bizonye'q'a,
1482 3035 1640 3121 hoyy
1670 3036 1829 3097 mint
1857 3034 2155 3098 kik-iildo'u
2191 3034 2427 3120 kim-Alpi
2455 3035 2589 3099 biro'

335 3142 459 3207 IV.
491 3143 650 3208 Be'la
692 3143 1021 3250 kbrdlyr'tak
1058 3149 1454 3229 parancsd-ra
1496 3141 1835 3228 quiiryyo't,
1875 3141 2175 3228 Olpernek
2204 3143 2335 3225 fia't
2394 3141 2580 3229 Uqlin

330 3252 631 3317 rdbakb'zi
665 3264 922 3338 esperest
953 3253 1112 3318 catal
1157 3252 1425 3318 Oblanch
1444 3250 1711 3336 fiilclnelc
1748 3250 2062 3316 birtokdha
2105 3250 2335 3315 ils-tacta.
2388 3251 2579 3316 1255.

583 3464 915 3534 Omodeus
968 3467 1118 3534 Dei>
1145 3467 1373 3550 gracia
1422 3466 1790 3554 Episcopus
1838 3465 2197 3535 Jeuriensis
2260 3464 2583 3533 vniuersis

334 3572 577 3643 Christi
610 3572 910 3643 fidelibus
958 3583 1292 3663 presentes
1325 3575 1575 3644 litteras
1626 3575 2014 3662 inspecturis
2066 3574 2347 3641 salutem
2380 3574 2444 3640 in
2478 3594 2580 3641 sa·

331 3682 488 3749 lutis
541 3682 872 3769 largitore.
923 3684 1159 3752 Vestra
1208 3684 1462 3752 nouerit
1510 3683 1920 3768 vniuersitas‚
1975 3683 2144 3769 quod
2197 3702 2339 3748 cum
2378 3702 2421 3748 a
2469 3683 2580 3749 do-

331 3791 506 3860 mino
558 3798 777 3861 nostro
829 3792 991 3860 Bela
1038 3792 1162 3859 Dei
1201 3795 1430 3879 gracia
1477 3794 1723 3862 Illustri
1771 3796 1950 3878 Rege
2000 3790 2333 3877 Hungarie
2383 3811 2578 3877 super

329 3902 719 3970 reuocandis
752 3910 816 3970 et
846 3901 1262 3971 restituendis
1293 3904 1506 3989 terris,
1559 3925 1601 3971 a
1633 3903 1867 3972 castris
1899 3902 2203 3970 videlieet
2246 3901 2572 3984 alienatis,

325 4030 446 4097 per
473 4017 679 4079 totam
731 4020 1021 4081 nostram
1053 4014 1429 4099 Dyocesym
1455 4012 1660 4098 judex
1717 4013 1860 4080 siue
1894 4012 2236 4096 inquisitor
2288 4029 2579 4077 essemus

328 4119 740 4200 constitutus,
780 4120 945 4187 inter
976 4127 1196 4189 cetera
1228 4119 1540 4188 mandata
1589 4123 1877 4189 eiusdem
1909 4119 2157 4189 domini
2190 4118 2348 4185 Rele
2379 4118 2577 4204 Regis

327 4228 486 4297 uiua
515 4248 679 4296 uoce
708 4229 1032 4315 primitus,
1086 4238 1151 4297 et
1181 4229 1591 4315 postmodum
1641 4230 1711 4296 in
1754 4229 1984 4297 litteris
2034 4228 2170 4295 suis
2217 4226 2577 4314 recepimus

321 4339 636 4428 speciale,
689 4346 759 4407 ut
787 4347 1032 4407 terram
1061 4337 1381 4425 Stephani
1428 4347 1493 4407 et
1529 4339 1705 4407 Petri
1756 4338 2277 4405 tubicinariorum
2331 4335 2565 4421 ipsius,

321 4450 624 4518 Oblaneh
670 4449 951 4534 nomine,
1003 4448 1198 4516 sitam
1230 4447 1297 4515 in
1330 4448 1663 4517 Comitatu
1715 4449 1930 4516 Castri
1982 4445 2225 4532 Ferrei,
2274 4446 2571 4532 inspecta

322 4559 690 4656 quantitate
750 4567 817 4627 et
868 4557 1188 4642 qualitate
1255 4558 1546 4627 eiusdem
1608 4567 2043 4627 statueremus
2105 4554 2389 4643 Georgio
2435 4553 2569 4622 filio

323 4678 548 4764 OIper,
599 4691 678 4741 ac
711 4674 859 4756 post
911 4686 1056 4735 eum
1088 4665 1225 4734 suis
1256 4668 1619 4756 heredibus,
1676 4690 1759 4737 ex
1792 4669 2147 4739 donacione
2189 4665 2399 4748 Regia
2427 4682 2570 4750 per-
