<?xml version="1.0" encoding="UTF-8"?>
<!DOCTYPE html PUBLIC "-//W3C//DTD XHTML 1.0 Transitional//EN"
    "http://www.w3.org/TR/xhtml1/DTD/xhtml1-transitional.dtd">
<html xmlns="http://www.w3.org/1999/xhtml" xml:lang="en" lang="en">
 <head>
  <title>
</title>
<meta http-equiv="Content-Type" content="text/html;charset=utf-8" />
  <meta name='ocr-system' content='tesseract 3.04.00' />
  <meta name='ocr-capabilities' content='ocr_page ocr_carea ocr_par ocr_line ocrx_word'/>
</head>
<body>
  <div class='ocr_page' id='page_1' title='image "./codexdiplomatic09unkngoog_0526.png"; bbox 0 0 3359 5250; ppageno 0'>
   <div class='ocr_carea' id='block_1_1' title="bbox 1866 439 1999 507">
    <p class='ocr_par' dir='ltr' id='par_1_1' title="bbox 1866 439 1999 507">
     <span class='ocr_line' id='line_1_1' title="bbox 1866 439 1999 507; baseline -0.03 0"><span class='ocrx_word' id='word_1_1' title='bbox 1866 439 1999 507; x_wconf 81' lang='lat'><strong>486</strong></span> 
     </span>
    </p>
   </div>
   <div class='ocr_carea' id='block_1_2' title="bbox 1784 531 2088 545">
    <p class='ocr_par' dir='ltr' id='par_1_2' title="bbox 1784 531 2088 545">
     <span class='ocr_line' id='line_1_2' title="bbox 1784 531 2088 545; baseline 0 4705"><span class='ocrx_word' id='word_1_2' title='bbox 1784 531 2088 545; x_wconf 95' lang='lat' dir='ltr'><strong> </strong></span> 
     </span>
    </p>
   </div>
   <div class='ocr_carea' id='block_1_3' title="bbox 1863 981 2022 1049">
    <p class='ocr_par' dir='ltr' id='par_1_3' title="bbox 1863 981 2022 1049">
     <span class='ocr_line' id='line_1_3' title="bbox 1863 981 2022 1049; baseline -0.006 0"><span class='ocrx_word' id='word_1_3' title='bbox 1863 981 2022 1049; x_wconf 78' lang='lat'>342.</span> 
     </span>
    </p>
   </div>
   <div class='ocr_carea' id='block_1_4' title="bbox 809 1162 3067 1361">
    <p class='ocr_par' dir='ltr' id='par_1_4' title="bbox 809 1162 3067 1361">
     <span class='ocr_line' id='line_1_4' title="bbox 814 1162 3067 1252; baseline -0 -20"><span class='ocrx_word' id='word_1_4' title='bbox 814 1163 864 1232; x_wconf 93' lang='lat' dir='ltr'><em>I</em></span> <span class='ocrx_word' id='word_1_5' title='bbox 866 1163 936 1232; x_wconf 81' lang='lat' dir='ltr'><strong>V.</strong></span> <span class='ocrx_word' id='word_1_6' title='bbox 976 1165 1136 1232; x_wconf 79' lang='lat' dir='ltr'><strong>Be&#39;la</strong></span> <span class='ocrx_word' id='word_1_7' title='bbox 1181 1167 1387 1252; x_wconf 74' lang='lat' dir='ltr'><strong>kirdly</strong></span> <span class='ocrx_word' id='word_1_8' title='bbox 1440 1162 1616 1232; x_wconf 63' lang='lat' dir='ltr'><strong>Chalc</strong></span> <span class='ocrx_word' id='word_1_9' title='bbox 1645 1164 2285 1250; x_wconf 62' lang='lat' dir='ltr'><strong>ffltdrnokmestmek</strong></span> <span class='ocrx_word' id='word_1_10' title='bbox 2332 1165 2614 1230; x_wconf 77' lang='lat' dir='ltr'><strong>Bencdek</strong></span> <span class='ocrx_word' id='word_1_11' title='bbox 2660 1179 2876 1230; x_wconf 69' lang='lat' dir='ltr'><strong>mater</strong></span> <span class='ocrx_word' id='word_1_12' title='bbox 2926 1178 3067 1231; x_wconf 66' lang='lat' dir='ltr'><strong>test-</strong></span> 
     </span>
     <span class='ocr_line' id='line_1_5' title="bbox 809 1268 3067 1361; baseline -0.001 -23"><span class='ocrx_word' id='word_1_13' title='bbox 809 1274 973 1339; x_wconf 76' lang='lat' dir='ltr'><strong>ve&#39;rei</strong></span> <span class='ocrx_word' id='word_1_14' title='bbox 997 1274 1290 1339; x_wconf 73' lang='lat' dir='ltr'><strong>szdmdra</strong></span> <span class='ocrx_word' id='word_1_15' title='bbox 1305 1273 1342 1338; x_wconf 90' lang='lat'><em>1</em></span> <span class='ocrx_word' id='word_1_16' title='bbox 1348 1271 1438 1339; x_wconf 85' lang='lat'><strong>25</strong></span> <span class='ocrx_word' id='word_1_17' title='bbox 1444 1268 1502 1337; x_wconf 90' lang='lat'><strong>7.</strong></span> <span class='ocrx_word' id='word_1_18' title='bbox 1531 1284 1634 1337; x_wconf 73' lang='lat' dir='ltr'><strong>tete</strong></span> <span class='ocrx_word' id='word_1_19' title='bbox 1649 1272 2094 1360; x_wconf 61' lang='lat' dir='ltr'><strong>to‘rve&#39;nykezehi</strong></span> <span class='ocrx_word' id='word_1_20' title='bbox 2109 1274 2445 1339; x_wconf 61' lang='lat' dir='ltr'><strong>clinte‘zebdt</strong></span> <span class='ocrx_word' id='word_1_21' title='bbox 2462 1274 2823 1361; x_wconf 61' lang='lat' dir='ltr'><strong>meycfflsiti.</strong></span> <span class='ocrx_word' id='word_1_22' title='bbox 2862 1273 3067 1339; x_wconf 82' lang='lat'><em>1258.</em></span> 
     </span>
    </p>
   </div>
   <div class='ocr_carea' id='block_1_5' title="bbox 804 1467 3071 4479">
    <p class='ocr_par' dir='ltr' id='par_1_5' title="bbox 807 1467 3071 2859">
     <span class='ocr_line' id='line_1_6' title="bbox 1026 1467 3069 1557; baseline 0.001 -21"><span class='ocrx_word' id='word_1_23' title='bbox 1026 1469 1192 1536; x_wconf 89' lang='lat' dir='ltr'><strong>Bela</strong></span> <span class='ocrx_word' id='word_1_24' title='bbox 1240 1469 1366 1538; x_wconf 90' lang='lat' dir='ltr'><strong>Dei</strong></span> <span class='ocrx_word' id='word_1_25' title='bbox 1416 1469 1647 1555; x_wconf 86' lang='lat' dir='ltr'><strong>gracia</strong></span> <span class='ocrx_word' id='word_1_26' title='bbox 1695 1467 2058 1557; x_wconf 88' lang='lat' dir='ltr'><strong>Hungarie,</strong></span> <span class='ocrx_word' id='word_1_27' title='bbox 2108 1469 2472 1555; x_wconf 89' lang='lat' dir='ltr'><strong>Dalmacie,</strong></span> <span class='ocrx_word' id='word_1_28' title='bbox 2512 1469 2807 1553; x_wconf 83' lang='lat' dir='ltr'><strong>Croacie,</strong></span> <span class='ocrx_word' id='word_1_29' title='bbox 2839 1472 3069 1554; x_wconf 82' lang='lat' dir='ltr'><strong>Ramc,</strong></span> 
     </span>
     <span class='ocr_line' id='line_1_7' title="bbox 807 1576 3064 1666; baseline 0 -19"><span class='ocrx_word' id='word_1_30' title='bbox 807 1576 1054 1662; x_wconf 88' lang='lat' dir='ltr'><strong>Seruie,</strong></span> <span class='ocrx_word' id='word_1_31' title='bbox 1076 1578 1376 1666; x_wconf 77' lang='lat' dir='ltr'><strong>Gallicis,</strong></span> <span class='ocrx_word' id='word_1_32' title='bbox 1410 1578 1812 1664; x_wconf 84' lang='lat' dir='ltr'><strong>Lodomerie,</strong></span> <span class='ocrx_word' id='word_1_33' title='bbox 1855 1579 2298 1666; x_wconf 84' lang='lat' dir='ltr'><strong>Cumanieque</strong></span> <span class='ocrx_word' id='word_1_34' title='bbox 2315 1581 2455 1647; x_wconf 85' lang='lat' dir='ltr'><strong>Rex</strong></span> <span class='ocrx_word' id='word_1_35' title='bbox 2492 1579 2791 1648; x_wconf 87' lang='lat' dir='ltr'><strong>omnibus</strong></span> <span class='ocrx_word' id='word_1_36' title='bbox 2822 1577 3064 1647; x_wconf 81' lang='lat' dir='ltr'><strong>Christi</strong></span> 
     </span>
     <span class='ocr_line' id='line_1_8' title="bbox 810 1685 3067 1776; baseline 0 -22"><span class='ocrx_word' id='word_1_37' title='bbox 810 1685 1111 1754; x_wconf 81' lang='lat' dir='ltr'><strong>fidelibus</strong></span> <span class='ocrx_word' id='word_1_38' title='bbox 1159 1693 1294 1754; x_wconf 87' lang='lat' dir='ltr'><strong>tam</strong></span> <span class='ocrx_word' id='word_1_39' title='bbox 1332 1688 1749 1775; x_wconf 77' lang='lat' dir='ltr'><strong>presentibus</strong></span> <span class='ocrx_word' id='word_1_40' title='bbox 1783 1707 1978 1775; x_wconf 88' lang='lat' dir='ltr'><strong>quam</strong></span> <span class='ocrx_word' id='word_1_41' title='bbox 2026 1689 2264 1756; x_wconf 87' lang='lat' dir='ltr'><strong>futuris</strong></span> <span class='ocrx_word' id='word_1_42' title='bbox 2295 1694 2633 1776; x_wconf 75' lang='lat' dir='ltr'><strong>presentes</strong></span> <span class='ocrx_word' id='word_1_43' title='bbox 2682 1688 2932 1755; x_wconf 87' lang='lat' dir='ltr'><strong>litteras</strong></span> <span class='ocrx_word' id='word_1_44' title='bbox 2965 1687 3067 1754; x_wconf 89' lang='lat' dir='ltr'><strong>in-</strong></span> 
     </span>
     <span class='ocr_line' id='line_1_9' title="bbox 812 1796 3068 1884; baseline 0 -20"><span class='ocrx_word' id='word_1_45' title='bbox 812 1796 1131 1884; x_wconf 88' lang='lat' dir='ltr'><strong>specturis</strong></span> <span class='ocrx_word' id='word_1_46' title='bbox 1161 1798 1437 1866; x_wconf 91' lang='lat' dir='ltr'><strong>salutem</strong></span> <span class='ocrx_word' id='word_1_47' title='bbox 1467 1799 1535 1867; x_wconf 90' lang='lat' dir='ltr'><strong>in</strong></span> <span class='ocrx_word' id='word_1_48' title='bbox 1566 1800 1853 1868; x_wconf 89' lang='lat' dir='ltr'><strong>omnium</strong></span> <span class='ocrx_word' id='word_1_49' title='bbox 1888 1799 2239 1868; x_wconf 87' lang='lat' dir='ltr'><strong>saluatore.</strong></span> <span class='ocrx_word' id='word_1_50' title='bbox 2273 1799 2454 1868; x_wconf 89' lang='lat' dir='ltr'><strong>Solet</strong></span> <span class='ocrx_word' id='word_1_51' title='bbox 2483 1798 2695 1883; x_wconf 86' lang='lat' dir='ltr'><strong>Regia</strong></span> <span class='ocrx_word' id='word_1_52' title='bbox 2725 1797 3068 1865; x_wconf 76' lang='lat' dir='ltr'><strong>celsitudo</strong></span> 
     </span>
     <span class='ocr_line' id='line_1_10' title="bbox 813 1905 3071 1994; baseline -0.001 -21"><span class='ocrx_word' id='word_1_53' title='bbox 813 1911 1056 1973; x_wconf 87' lang='lat' dir='ltr'><strong>statum</strong></span> <span class='ocrx_word' id='word_1_54' title='bbox 1103 1907 1364 1975; x_wconf 90' lang='lat' dir='ltr'><strong>illorum</strong></span> <span class='ocrx_word' id='word_1_55' title='bbox 1394 1907 1463 1974; x_wconf 90' lang='lat' dir='ltr'><strong>in</strong></span> <span class='ocrx_word' id='word_1_56' title='bbox 1494 1908 1727 1976; x_wconf 90' lang='lat' dir='ltr'><strong>melius</strong></span> <span class='ocrx_word' id='word_1_57' title='bbox 1759 1908 2137 1994; x_wconf 88' lang='lat' dir='ltr'><strong>reformare,</strong></span> <span class='ocrx_word' id='word_1_58' title='bbox 2189 1909 2300 1992; x_wconf 89' lang='lat' dir='ltr'><strong>qui</strong></span> <span class='ocrx_word' id='word_1_59' title='bbox 2331 1905 2710 1974; x_wconf 75' lang='lat' dir='ltr'><strong>calamitate</strong></span> <span class='ocrx_word' id='word_1_60' title='bbox 2757 1905 3071 1993; x_wconf 86' lang='lat' dir='ltr'><strong>temporis</strong></span> 
     </span>
     <span class='ocr_line' id='line_1_11' title="bbox 812 2013 3070 2103; baseline -0.001 -21"><span class='ocrx_word' id='word_1_61' title='bbox 812 2014 1076 2101; x_wconf 77' lang='lat' dir='ltr'><strong>oppresi</strong></span> <span class='ocrx_word' id='word_1_62' title='bbox 1105 2013 1367 2083; x_wconf 81' lang='lat' dir='ltr'><strong>fuerunt</strong></span> <span class='ocrx_word' id='word_1_63' title='bbox 1385 2034 1502 2084; x_wconf 89' lang='lat' dir='ltr'><strong>seu</strong></span> <span class='ocrx_word' id='word_1_64' title='bbox 1532 2017 1816 2103; x_wconf 88' lang='lat' dir='ltr'><strong>grauati.</strong></span> <span class='ocrx_word' id='word_1_65' title='bbox 1851 2016 2135 2085; x_wconf 85' lang='lat' dir='ltr'><strong>Proinde</strong></span> <span class='ocrx_word' id='word_1_66' title='bbox 2164 2016 2251 2083; x_wconf 87' lang='lat' dir='ltr'><strong>ad</strong></span> <span class='ocrx_word' id='word_1_67' title='bbox 2272 2017 2725 2084; x_wconf 87' lang='lat' dir='ltr'><strong>vniuersorum</strong></span> <span class='ocrx_word' id='word_1_68' title='bbox 2756 2013 3070 2082; x_wconf 87' lang='lat' dir='ltr'><strong>noticiam</strong></span> 
     </span>
     <span class='ocr_line' id='line_1_12' title="bbox 811 2121 3071 2211; baseline 0 -23"><span class='ocrx_word' id='word_1_69' title='bbox 811 2127 1047 2190; x_wconf 89' lang='lat' dir='ltr'><strong>tenore-</strong></span> <span class='ocrx_word' id='word_1_70' title='bbox 1081 2123 1492 2210; x_wconf 87' lang='lat' dir='ltr'><strong>presencium</strong></span> <span class='ocrx_word' id='word_1_71' title='bbox 1544 2126 1846 2193; x_wconf 84' lang='lat' dir='ltr'><strong>volumus</strong></span> <span class='ocrx_word' id='word_1_72' title='bbox 1896 2123 2267 2211; x_wconf 86' lang='lat' dir='ltr'><strong>peruenire,</strong></span> <span class='ocrx_word' id='word_1_73' title='bbox 2318 2124 2494 2208; x_wconf 90' lang='lat' dir='ltr'><strong>quod</strong></span> <span class='ocrx_word' id='word_1_74' title='bbox 2542 2124 2928 2192; x_wconf 87' lang='lat' dir='ltr'><strong>accedentes</strong></span> <span class='ocrx_word' id='word_1_75' title='bbox 2980 2121 3071 2188; x_wconf 86' lang='lat' dir='ltr'><strong>ad</strong></span> 
     </span>
     <span class='ocr_line' id='line_1_13' title="bbox 810 2231 3070 2320; baseline 0 -25"><span class='ocrx_word' id='word_1_76' title='bbox 810 2234 1107 2297; x_wconf 85' lang='lat' dir='ltr'><strong>nostram</strong></span> <span class='ocrx_word' id='word_1_77' title='bbox 1154 2232 1557 2317; x_wconf 78' lang='lat' dir='ltr'><strong>presenciam</strong></span> <span class='ocrx_word' id='word_1_78' title='bbox 1589 2231 1885 2320; x_wconf 84' lang='lat' dir='ltr'><strong>Cuppan‚</strong></span> <span class='ocrx_word' id='word_1_79' title='bbox 1935 2232 2135 2299; x_wconf 86' lang='lat' dir='ltr'><strong>Hada</strong></span> <span class='ocrx_word' id='word_1_80' title='bbox 2166 2239 2231 2301; x_wconf 89' lang='lat' dir='ltr'><strong>et</strong></span> <span class='ocrx_word' id='word_1_81' title='bbox 2260 2232 2611 2300; x_wconf 80' lang='lat' dir='ltr'><strong>Ladizlaus</strong></span> <span class='ocrx_word' id='word_1_82' title='bbox 2658 2231 2896 2299; x_wconf 84' lang='lat' dir='ltr'><strong>fratres</strong></span> <span class='ocrx_word' id='word_1_83' title='bbox 2927 2231 3070 2296; x_wconf 86' lang='lat' dir='ltr'><strong>Ma-</strong></span> 
     </span>
     <span class='ocr_line' id='line_1_14' title="bbox 813 2333 3070 2426; baseline 0.002 -26"><span class='ocrx_word' id='word_1_84' title='bbox 813 2333 1003 2419; x_wconf 89' lang='lat' dir='ltr'><strong>gistri</strong></span> <span class='ocrx_word' id='word_1_85' title='bbox 1051 2335 1407 2422; x_wconf 76' lang='lat' dir='ltr'><strong>Benedicti,</strong></span> <span class='ocrx_word' id='word_1_86' title='bbox 1457 2338 1717 2425; x_wconf 81' lang='lat' dir='ltr'><strong>Notarij</strong></span> <span class='ocrx_word' id='word_1_87' title='bbox 1751 2342 1902 2407; x_wconf 89' lang='lat' dir='ltr'><strong>aule</strong></span> <span class='ocrx_word' id='word_1_88' title='bbox 1934 2339 2263 2407; x_wconf 80' lang='lat' dir='ltr'><strong>karissimi</strong></span> <span class='ocrx_word' id='word_1_89' title='bbox 2311 2339 2429 2426; x_wconf 87' lang='lat' dir='ltr'><strong>filij</strong></span> <span class='ocrx_word' id='word_1_90' title='bbox 2462 2340 2667 2406; x_wconf 82' lang='lat' dir='ltr'><strong>nostri</strong></span> <span class='ocrx_word' id='word_1_91' title='bbox 2696 2337 2896 2423; x_wconf 83' lang='lat' dir='ltr'><strong>Regis</strong></span> <span class='ocrx_word' id='word_1_92' title='bbox 2928 2336 3070 2405; x_wconf 89' lang='lat' dir='ltr'><strong>Ste-</strong></span> 
     </span>
     <span class='ocr_line' id='line_1_15' title="bbox 814 2442 3071 2534; baseline 0.003 -25"><span class='ocrx_word' id='word_1_93' title='bbox 814 2442 1031 2529; x_wconf 85' lang='lat' dir='ltr'><strong>phani,</strong></span> <span class='ocrx_word' id='word_1_94' title='bbox 1083 2447 1455 2532; x_wconf 83' lang='lat' dir='ltr'><strong>optulerunt</strong></span> <span class='ocrx_word' id='word_1_95' title='bbox 1504 2450 1694 2517; x_wconf 90' lang='lat' dir='ltr'><strong>nobis</strong></span> <span class='ocrx_word' id='word_1_96' title='bbox 1727 2449 1981 2517; x_wconf 87' lang='lat' dir='ltr'><strong>litteras</strong></span> <span class='ocrx_word' id='word_1_97' title='bbox 2027 2449 2243 2518; x_wconf 89' lang='lat' dir='ltr'><strong>fidelis</strong></span> <span class='ocrx_word' id='word_1_98' title='bbox 2291 2450 2496 2518; x_wconf 87' lang='lat' dir='ltr'><strong>nostri</strong></span> <span class='ocrx_word' id='word_1_99' title='bbox 2526 2449 2716 2518; x_wconf 83' lang='lat' dir='ltr'><strong>Chak</strong></span> <span class='ocrx_word' id='word_1_100' title='bbox 2764 2448 3071 2534; x_wconf 78' lang='lat' dir='ltr'><strong>Magistri</strong></span> 
     </span>
     <span class='ocr_line' id='line_1_16' title="bbox 812 2552 3071 2647; baseline 0.004 -29"><span class='ocrx_word' id='word_1_101' title='bbox 812 2552 1326 2623; x_wconf 84' lang='lat' dir='ltr'><strong>Tauarnieorum</strong></span> <span class='ocrx_word' id='word_1_102' title='bbox 1345 2563 1714 2627; x_wconf 88' lang='lat' dir='ltr'><strong>nostrornm</strong></span> <span class='ocrx_word' id='word_1_103' title='bbox 1748 2566 1813 2627; x_wconf 93' lang='lat' dir='ltr'><strong>et</strong></span> <span class='ocrx_word' id='word_1_104' title='bbox 1834 2557 2108 2628; x_wconf 83' lang='lat' dir='ltr'><strong>Comitis</strong></span> <span class='ocrx_word' id='word_1_105' title='bbox 2138 2558 2575 2646; x_wconf 88' lang='lat' dir='ltr'><strong>Zaladiensis,</strong></span> <span class='ocrx_word' id='word_1_106' title='bbox 2612 2557 3071 2647; x_wconf 85' lang='lat' dir='ltr'><strong>supplicantes</strong></span> 
     </span>
     <span class='ocr_line' id='line_1_17' title="bbox 813 2661 3066 2757; baseline 0.004 -30"><span class='ocrx_word' id='word_1_107' title='bbox 813 2661 1299 2749; x_wconf 81' lang='lat' dir='ltr'><strong>instantissime,</strong></span> <span class='ocrx_word' id='word_1_108' title='bbox 1348 2667 1421 2734; x_wconf 90' lang='lat' dir='ltr'><strong>ut</strong></span> <span class='ocrx_word' id='word_1_109' title='bbox 1449 2667 1716 2735; x_wconf 88' lang='lat' dir='ltr'><strong>easdem</strong></span> <span class='ocrx_word' id='word_1_110' title='bbox 1746 2675 1968 2736; x_wconf 86' lang='lat' dir='ltr'><strong>nostro</strong></span> <span class='ocrx_word' id='word_1_111' title='bbox 2000 2665 2418 2753; x_wconf 85' lang='lat' dir='ltr'><strong>dignaremur</strong></span> <span class='ocrx_word' id='word_1_112' title='bbox 2448 2668 2800 2757; x_wconf 83' lang='lat' dir='ltr'><strong>priuilegio</strong></span> <span class='ocrx_word' id='word_1_113' title='bbox 2830 2667 3066 2737; x_wconf 83' lang='lat' dir='ltr'><strong>confir-</strong></span> 
     </span>
     <span class='ocr_line' id='line_1_18' title="bbox 812 2770 2215 2859; baseline 0.004 -23"><span class='ocrx_word' id='word_1_114' title='bbox 812 2789 1012 2838; x_wconf 89' lang='lat' dir='ltr'><strong>mare.</strong></span> <span class='ocrx_word' id='word_1_115' title='bbox 1045 2770 1338 2851; x_wconf 84' lang='lat' dir='ltr'><strong>Quarum</strong></span> <span class='ocrx_word' id='word_1_116' title='bbox 1369 2773 1632 2859; x_wconf 91' lang='lat' dir='ltr'><strong>quidem</strong></span> <span class='ocrx_word' id='word_1_117' title='bbox 1663 2782 1849 2844; x_wconf 92' lang='lat' dir='ltr'><strong>tenor</strong></span> <span class='ocrx_word' id='word_1_118' title='bbox 1880 2776 2037 2844; x_wconf 88' lang='lat' dir='ltr'><strong>talis</strong></span> <span class='ocrx_word' id='word_1_119' title='bbox 2067 2785 2215 2845; x_wconf 84' lang='lat' dir='ltr'><strong>est:</strong></span> 
     </span>
    </p>

    <p class='ocr_par' dir='ltr' id='par_1_6' title="bbox 812 2878 3065 3080">
     <span class='ocr_line' id='line_1_19' title="bbox 1026 2878 3065 2971; baseline 0.001 -24"><span class='ocrx_word' id='word_1_120' title='bbox 1026 2878 1216 2948; x_wconf 78' lang='lat' dir='ltr'><strong>chak</strong></span> <span class='ocrx_word' id='word_1_121' title='bbox 1234 2882 1547 2968; x_wconf 74' lang='lat' dir='ltr'><strong>Magister</strong></span> <span class='ocrx_word' id='word_1_122' title='bbox 1564 2883 2075 2953; x_wconf 85' lang='lat' dir='ltr'><strong>Tauernieornm</strong></span> <span class='ocrx_word' id='word_1_123' title='bbox 2106 2886 2231 2953; x_wconf 90' lang='lat' dir='ltr'><strong>stb.</strong></span> <span class='ocrx_word' id='word_1_124' title='bbox 2265 2884 2688 2971; x_wconf 71' lang='lat' dir='ltr'><strong>(ktivetkesik</strong></span> <span class='ocrx_word' id='word_1_125' title='bbox 2711 2884 2903 2955; x_wconf 77' lang='lat' dir='ltr'><strong>Ghak</strong></span> <span class='ocrx_word' id='word_1_126' title='bbox 2935 2882 3065 2951; x_wconf 83' lang='lat' dir='ltr'><strong>kir.</strong></span> 
     </span>
     <span class='ocr_line' id='line_1_20' title="bbox 812 2987 2940 3080; baseline 0.003 -26"><span class='ocrx_word' id='word_1_127' title='bbox 812 2987 1358 3060; x_wconf 69' lang='lat' dir='ltr'><strong>fotamokmester</strong></span> <span class='ocrx_word' id='word_1_128' title='bbox 1383 2993 1652 3061; x_wconf 74' lang='grc' dir='ltr'><strong>1257·Κί</strong></span> <span class='ocrx_word' id='word_1_129' title='bbox 1685 2993 2041 3079; x_wconf 64' lang='lat' dir='ltr'><strong>okmanya„</strong></span> <span class='ocrx_word' id='word_1_130' title='bbox 2075 2994 2238 3061; x_wconf 90' lang='lat' dir='ltr'><strong>mint</strong></span> <span class='ocrx_word' id='word_1_131' title='bbox 2266 2993 2530 3061; x_wconf 82' lang='lat' dir='ltr'><strong>fentebb</strong></span> <span class='ocrx_word' id='word_1_132' title='bbox 2551 2993 2701 3064; x_wconf 80' lang='lat'><strong>327.</strong></span> <span class='ocrx_word' id='word_1_133' title='bbox 2731 3013 2823 3060; x_wconf 84' lang='lat' dir='ltr'><strong>sz.</strong></span> <span class='ocrx_word' id='word_1_134' title='bbox 2844 2993 2940 3080; x_wconf 90' lang='lat' dir='ltr'><strong>a.)</strong></span> 
     </span>
    </p>

    <p class='ocr_par' dir='ltr' id='par_1_7' title="bbox 804 3098 3066 4479">
     <span class='ocr_line' id='line_1_21' title="bbox 1023 3098 3062 3190; baseline 0.002 -25"><span class='ocrx_word' id='word_1_135' title='bbox 1023 3098 1164 3167; x_wconf 82' lang='lat' dir='ltr'><strong>Nos</strong></span> <span class='ocrx_word' id='word_1_136' title='bbox 1194 3100 1394 3185; x_wconf 87' lang='lat' dir='ltr'><strong>igitur</strong></span> <span class='ocrx_word' id='word_1_137' title='bbox 1424 3102 1778 3170; x_wconf 89' lang='lat' dir='ltr'><strong>eorundem</strong></span> <span class='ocrx_word' id='word_1_138' title='bbox 1809 3102 2410 3190; x_wconf 89' lang='lat' dir='ltr'><strong>supplicacionibus</strong></span> <span class='ocrx_word' id='word_1_139' title='bbox 2452 3101 2769 3186; x_wconf 83' lang='lat' dir='ltr'><strong>inclinati,</strong></span> <span class='ocrx_word' id='word_1_140' title='bbox 2821 3108 2887 3169; x_wconf 90' lang='lat' dir='ltr'><strong>et</strong></span> <span class='ocrx_word' id='word_1_141' title='bbox 2917 3120 3062 3189; x_wconf 87' lang='lat' dir='ltr'><strong>spe·</strong></span> 
     </span>
     <span class='ocr_line' id='line_1_22' title="bbox 810 3206 3066 3300; baseline 0.003 -28"><span class='ocrx_word' id='word_1_142' title='bbox 810 3206 1066 3274; x_wconf 84' lang='lat' dir='ltr'><strong>cialiter</strong></span> <span class='ocrx_word' id='word_1_143' title='bbox 1114 3209 1346 3277; x_wconf 87' lang='lat' dir='ltr'><strong>merita</strong></span> <span class='ocrx_word' id='word_1_144' title='bbox 1392 3212 1817 3281; x_wconf 89' lang='lat' dir='ltr'><strong>seruiciorum</strong></span> <span class='ocrx_word' id='word_1_145' title='bbox 1866 3213 2145 3299; x_wconf 83' lang='lat' dir='ltr'><strong>predicti</strong></span> <span class='ocrx_word' id='word_1_146' title='bbox 2193 3210 2492 3300; x_wconf 79' lang='lat' dir='ltr'><strong>Magistri</strong></span> <span class='ocrx_word' id='word_1_147' title='bbox 2524 3208 2884 3297; x_wconf 88' lang='lat' dir='ltr'><strong>Benedicti,</strong></span> <span class='ocrx_word' id='word_1_148' title='bbox 2934 3230 3066 3296; x_wconf 84' lang='lat' dir='ltr'><strong>qne</strong></span> 
     </span>
     <span class='ocr_line' id='line_1_23' title="bbox 812 3314 3066 3408; baseline 0.004 -28"><span class='ocrx_word' id='word_1_149' title='bbox 812 3314 1159 3383; x_wconf 81' lang='lat' dir='ltr'><strong>karissimo</strong></span> <span class='ocrx_word' id='word_1_150' title='bbox 1206 3315 1341 3386; x_wconf 85' lang='lat' dir='ltr'><strong>filio</strong></span> <span class='ocrx_word' id='word_1_151' title='bbox 1372 3324 1595 3388; x_wconf 90' lang='lat' dir='ltr'><strong>nostro</strong></span> <span class='ocrx_word' id='word_1_152' title='bbox 1644 3320 1813 3405; x_wconf 84' lang='lat' dir='ltr'><strong>Regi</strong></span> <span class='ocrx_word' id='word_1_153' title='bbox 1843 3320 2177 3407; x_wconf 86' lang='lat' dir='ltr'><strong>Stephano</strong></span> <span class='ocrx_word' id='word_1_154' title='bbox 2205 3341 2250 3387; x_wconf 88' lang='lat' dir='ltr'><strong>a</strong></span> <span class='ocrx_word' id='word_1_155' title='bbox 2278 3326 2571 3408; x_wconf 88' lang='lat' dir='ltr'><strong>tempore</strong></span> <span class='ocrx_word' id='word_1_156' title='bbox 2604 3317 2894 3406; x_wconf 87' lang='lat' dir='ltr'><strong>puericie</strong></span> <span class='ocrx_word' id='word_1_157' title='bbox 2945 3338 3066 3388; x_wconf 82' lang='lat' dir='ltr'><strong>sue</strong></span> 
     </span>
     <span class='ocr_line' id='line_1_24' title="bbox 812 3421 3062 3516; baseline 0.003 -26"><span class='ocrx_word' id='word_1_158' title='bbox 812 3421 1122 3491; x_wconf 84' lang='lat' dir='ltr'><strong>exhibere</strong></span> <span class='ocrx_word' id='word_1_159' title='bbox 1153 3423 1403 3493; x_wconf 90' lang='lat' dir='ltr'><strong>studuit</strong></span> <span class='ocrx_word' id='word_1_160' title='bbox 1431 3426 1780 3516; x_wconf 84' lang='lat' dir='ltr'><strong>indefesse,</strong></span> <span class='ocrx_word' id='word_1_161' title='bbox 1821 3433 2176 3515; x_wconf 87' lang='lat' dir='ltr'><strong>pensantes</strong></span> <span class='ocrx_word' id='word_1_162' title='bbox 2206 3449 2289 3497; x_wconf 86' lang='lat' dir='ltr'><strong>ex</strong></span> <span class='ocrx_word' id='word_1_163' title='bbox 2322 3429 2562 3514; x_wconf 89' lang='lat' dir='ltr'><strong>animo,</strong></span> <span class='ocrx_word' id='word_1_164' title='bbox 2609 3426 2933 3515; x_wconf 84' lang='lat' dir='ltr'><strong>premissa</strong></span> <span class='ocrx_word' id='word_1_165' title='bbox 2977 3448 3062 3496; x_wconf 87' lang='lat' dir='ltr'><strong>ex</strong></span> 
     </span>
     <span class='ocr_line' id='line_1_25' title="bbox 808 3533 3060 3626; baseline 0.003 -27"><span class='ocrx_word' id='word_1_166' title='bbox 808 3538 1035 3600; x_wconf 88' lang='lat' dir='ltr'><strong>nostra</strong></span> <span class='ocrx_word' id='word_1_167' title='bbox 1083 3533 1535 3603; x_wconf 91' lang='lat' dir='ltr'><strong>commissione</strong></span> <span class='ocrx_word' id='word_1_168' title='bbox 1583 3544 1649 3604; x_wconf 86' lang='lat' dir='ltr'><strong>et</strong></span> <span class='ocrx_word' id='word_1_169' title='bbox 1679 3536 1990 3605; x_wconf 85' lang='lat' dir='ltr'><strong>mandato</strong></span> <span class='ocrx_word' id='word_1_170' title='bbox 2022 3536 2295 3624; x_wconf 89' lang='lat' dir='ltr'><strong>speciali</strong></span> <span class='ocrx_word' id='word_1_171' title='bbox 2323 3556 2442 3626; x_wconf 89' lang='lat' dir='ltr'><strong>per</strong></span> <span class='ocrx_word' id='word_1_172' title='bbox 2471 3535 2606 3604; x_wconf 88' lang='lat' dir='ltr'><strong>iam</strong></span> <span class='ocrx_word' id='word_1_173' title='bbox 2646 3536 2891 3604; x_wconf 90' lang='lat' dir='ltr'><strong>dictum</strong></span> <span class='ocrx_word' id='word_1_174' title='bbox 2921 3538 3060 3605; x_wconf 88' lang='lat' dir='ltr'><strong>Ma-</strong></span> 
     </span>
     <span class='ocr_line' id='line_1_26' title="bbox 810 3641 3061 3731; baseline 0.001 -21"><span class='ocrx_word' id='word_1_175' title='bbox 810 3642 1084 3729; x_wconf 78' lang='lat' dir='ltr'><strong>gistrum</strong></span> <span class='ocrx_word' id='word_1_176' title='bbox 1116 3641 1306 3709; x_wconf 85' lang='lat' dir='ltr'><strong>Chak</strong></span> <span class='ocrx_word' id='word_1_177' title='bbox 1356 3643 1630 3729; x_wconf 90' lang='lat' dir='ltr'><strong>prouide</strong></span> <span class='ocrx_word' id='word_1_178' title='bbox 1661 3643 1843 3711; x_wconf 89' lang='lat' dir='ltr'><strong>facta</strong></span> <span class='ocrx_word' id='word_1_179' title='bbox 1892 3644 2135 3731; x_wconf 86' lang='lat' dir='ltr'><strong>pariter</strong></span> <span class='ocrx_word' id='word_1_180' title='bbox 2181 3650 2246 3711; x_wconf 88' lang='lat' dir='ltr'><strong>et</strong></span> <span class='ocrx_word' id='word_1_181' title='bbox 2293 3643 2615 3730; x_wconf 89' lang='lat' dir='ltr'><strong>discussa,</strong></span> <span class='ocrx_word' id='word_1_182' title='bbox 2668 3643 3061 3713; x_wconf 88' lang='lat' dir='ltr'><strong>auctoritate</strong></span> 
     </span>
     <span class='ocr_line' id='line_1_27' title="bbox 809 3750 3063 3840; baseline 0.001 -21"><span class='ocrx_word' id='word_1_183' title='bbox 809 3750 1216 3840; x_wconf 87' lang='lat' dir='ltr'><strong>presencium</strong></span> <span class='ocrx_word' id='word_1_184' title='bbox 1266 3751 1571 3819; x_wconf 85' lang='lat' dir='ltr'><strong>duximus</strong></span> <span class='ocrx_word' id='word_1_185' title='bbox 1618 3753 2080 3820; x_wconf 88' lang='lat' dir='ltr'><strong>confirmanda.</strong></span> <span class='ocrx_word' id='word_1_186' title='bbox 2134 3753 2207 3819; x_wconf 90' lang='lat' dir='ltr'><strong>In</strong></span> <span class='ocrx_word' id='word_1_187' title='bbox 2238 3753 2423 3822; x_wconf 86' lang='lat' dir='ltr'><strong>cuins</strong></span> <span class='ocrx_word' id='word_1_188' title='bbox 2452 3752 2549 3821; x_wconf 92' lang='lat' dir='ltr'><strong>rei</strong></span> <span class='ocrx_word' id='word_1_189' title='bbox 2583 3752 2963 3821; x_wconf 87' lang='lat' dir='ltr'><strong>memoriam</strong></span> <span class='ocrx_word' id='word_1_190' title='bbox 2994 3760 3063 3821; x_wconf 89' lang='lat' dir='ltr'><strong>et</strong></span> 
     </span>
     <span class='ocr_line' id='line_1_28' title="bbox 806 3860 3059 3950; baseline 0 -20"><span class='ocrx_word' id='word_1_191' title='bbox 806 3867 1185 3949; x_wconf 87' lang='lat' dir='ltr'><strong>perpetuam</strong></span> <span class='ocrx_word' id='word_1_192' title='bbox 1244 3861 1614 3930; x_wconf 87' lang='lat' dir='ltr'><strong>firmitatem</strong></span> <span class='ocrx_word' id='word_1_193' title='bbox 1665 3868 2005 3948; x_wconf 90' lang='lat' dir='ltr'><strong>presentes</strong></span> <span class='ocrx_word' id='word_1_194' title='bbox 2061 3861 2361 3929; x_wconf 89' lang='lat' dir='ltr'><strong>dedimus</strong></span> <span class='ocrx_word' id='word_1_195' title='bbox 2411 3860 2665 3930; x_wconf 86' lang='lat' dir='ltr'><strong>litteras</strong></span> <span class='ocrx_word' id='word_1_196' title='bbox 2727 3862 3059 3950; x_wconf 90' lang='lat' dir='ltr'><strong>dupplicis</strong></span> 
     </span>
     <span class='ocr_line' id='line_1_29' title="bbox 809 3970 3056 4060; baseline 0 -19"><span class='ocrx_word' id='word_1_197' title='bbox 809 3972 1011 4058; x_wconf 90' lang='lat' dir='ltr'><strong>sigilli</strong></span> <span class='ocrx_word' id='word_1_198' title='bbox 1041 3971 1247 4039; x_wconf 90' lang='lat' dir='ltr'><strong>nostri</strong></span> <span class='ocrx_word' id='word_1_199' title='bbox 1279 3970 1632 4039; x_wconf 91' lang='lat' dir='ltr'><strong>munimine</strong></span> <span class='ocrx_word' id='word_1_200' title='bbox 1663 3974 2026 4039; x_wconf 90' lang='lat' dir='ltr'><strong>roboratas.</strong></span> <span class='ocrx_word' id='word_1_201' title='bbox 2076 3972 2317 4038; x_wconf 87' lang='lat' dir='ltr'><strong>Datum</strong></span> <span class='ocrx_word' id='word_1_202' title='bbox 2348 3992 2466 4060; x_wconf 88' lang='lat' dir='ltr'><strong>per</strong></span> <span class='ocrx_word' id='word_1_203' title='bbox 2498 3991 2727 4040; x_wconf 87' lang='lat' dir='ltr'><strong>manus</strong></span> <span class='ocrx_word' id='word_1_204' title='bbox 2757 3973 3056 4060; x_wconf 88' lang='lat' dir='ltr'><strong>Magistri</strong></span> 
     </span>
     <span class='ocr_line' id='line_1_30' title="bbox 807 4078 3055 4168; baseline 0 -18"><span class='ocrx_word' id='word_1_205' title='bbox 807 4078 1155 4167; x_wconf 87' lang='lat' dir='ltr'><strong>Smaragdi</strong></span> <span class='ocrx_word' id='word_1_206' title='bbox 1176 4080 1385 4148; x_wconf 87' lang='lat' dir='ltr'><strong>Electi</strong></span> <span class='ocrx_word' id='word_1_207' title='bbox 1405 4079 1780 4150; x_wconf 85' lang='lat' dir='ltr'><strong>Oolocensis</strong></span> <span class='ocrx_word' id='word_1_208' title='bbox 1809 4081 1959 4148; x_wconf 89' lang='lat' dir='ltr'><strong>aule</strong></span> <span class='ocrx_word' id='word_1_209' title='bbox 1994 4086 2218 4147; x_wconf 91' lang='lat' dir='ltr'><strong>nostre</strong></span> <span class='ocrx_word' id='word_1_210' title='bbox 2235 4078 2811 4168; x_wconf 79' lang='lat' dir='ltr'><strong>vice-canccuarij</strong></span> <span class='ocrx_word' id='word_1_211' title='bbox 2837 4080 3055 4150; x_wconf 85' lang='lat' dir='ltr'><strong>dilecti</strong></span> 
     </span>
     <span class='ocr_line' id='line_1_31' title="bbox 807 4189 3053 4277; baseline 0.001 -18"><span class='ocrx_word' id='word_1_212' title='bbox 807 4199 874 4259; x_wconf 88' lang='lat' dir='ltr'><strong>et</strong></span> <span class='ocrx_word' id='word_1_213' title='bbox 903 4190 1118 4259; x_wconf 87' lang='lat' dir='ltr'><strong>fidelis</strong></span> <span class='ocrx_word' id='word_1_214' title='bbox 1146 4189 1370 4277; x_wconf 89' lang='lat' dir='ltr'><strong>nostri,</strong></span> <span class='ocrx_word' id='word_1_215' title='bbox 1403 4210 1577 4260; x_wconf 90' lang='lat' dir='ltr'><strong>anno</strong></span> <span class='ocrx_word' id='word_1_216' title='bbox 1598 4190 1861 4258; x_wconf 93' lang='lat' dir='ltr'><strong>Domini</strong></span> <span class='ocrx_word' id='word_1_217' title='bbox 1892 4189 2240 4258; x_wconf 90' lang='lat' dir='ltr'><strong>millesimo</strong></span> <span class='ocrx_word' id='word_1_218' title='bbox 2272 4190 2716 4259; x_wconf 91' lang='lat' dir='ltr'><strong>ducentesimo</strong></span> <span class='ocrx_word' id='word_1_219' title='bbox 2736 4191 3053 4277; x_wconf 83' lang='lat' dir='ltr'><strong>quinqua·</strong></span> 
     </span>
     <span class='ocr_line' id='line_1_32' title="bbox 807 4299 3053 4388; baseline 0.001 -19"><span class='ocrx_word' id='word_1_220' title='bbox 807 4300 1057 4386; x_wconf 85' lang='lat' dir='ltr'><strong>gesimo</strong></span> <span class='ocrx_word' id='word_1_221' title='bbox 1105 4306 1339 4370; x_wconf 84' lang='lat' dir='ltr'><strong>octauo</strong></span> <span class='ocrx_word' id='word_1_222' title='bbox 1390 4300 1640 4368; x_wconf 90' lang='lat' dir='ltr'><strong>decimo</strong></span> <span class='ocrx_word' id='word_1_223' title='bbox 1674 4301 1791 4367; x_wconf 78' lang='lat' dir='ltr'><strong>v1⁰</strong></span> <span class='ocrx_word' id='word_1_224' title='bbox 1841 4299 2163 4368; x_wconf 87' lang='lat' dir='ltr'><strong>kalendas</strong></span> <span class='ocrx_word' id='word_1_225' title='bbox 2209 4301 2529 4388; x_wconf 78' lang='lat' dir='ltr'><strong>Augusty,</strong></span> <span class='ocrx_word' id='word_1_226' title='bbox 2582 4302 2791 4387; x_wconf 88' lang='lat' dir='ltr'><strong>Regni</strong></span> <span class='ocrx_word' id='word_1_227' title='bbox 2838 4308 3053 4371; x_wconf 88' lang='lat' dir='ltr'><strong>autem</strong></span> 
     </span>
     <span class='ocr_line' id='line_1_33' title="bbox 804 4408 1807 4479; baseline -0.003 0"><span class='ocrx_word' id='word_1_228' title='bbox 804 4411 1010 4479; x_wconf 90' lang='lat' dir='ltr'><strong>nostri</strong></span> <span class='ocrx_word' id='word_1_229' title='bbox 1043 4428 1217 4478; x_wconf 88' lang='lat' dir='ltr'><strong>anno</strong></span> <span class='ocrx_word' id='word_1_230' title='bbox 1246 4408 1556 4477; x_wconf 87' lang='lat' dir='ltr'><strong>vicesimo</strong></span> <span class='ocrx_word' id='word_1_231' title='bbox 1587 4411 1807 4479; x_wconf 88' lang='lat' dir='ltr'><strong>tercio.</strong></span> 
     </span>
    </p>
   </div>
   <div class='ocr_carea' id='block_1_6' title="bbox 808 4588 3046 4752">
    <p class='ocr_par' dir='ltr' id='par_1_8' title="bbox 808 4588 3046 4752">
     <span class='ocr_line' id='line_1_34' title="bbox 808 4588 3046 4663; baseline 0 -16"><span class='ocrx_word' id='word_1_232' title='bbox 808 4592 1083 4661; x_wconf 80' lang='lat' dir='ltr'><strong>(Eredetie</strong></span> <span class='ocrx_word' id='word_1_233' title='bbox 1103 4589 1446 4660; x_wconf 64' lang='lat' dir='ltr'><strong>bssrhartyam</strong></span> <span class='ocrx_word' id='word_1_234' title='bbox 1474 4593 1699 4658; x_wconf 73' lang='lat' dir='ltr'><strong>melyrffl</strong></span> <span class='ocrx_word' id='word_1_235' title='bbox 1726 4588 2076 4658; x_wconf 67' lang='lat' dir='ltr'><strong>sarga-vor&#39;os</strong></span> <span class='ocrx_word' id='word_1_236' title='bbox 2101 4591 2554 4660; x_wconf 75' lang='lat' dir='ltr'><strong>selyemzsinoron</strong></span> <span class='ocrx_word' id='word_1_237' title='bbox 2579 4609 2615 4645; x_wconf 76' lang='lat' dir='ltr'><strong>a</strong></span> <span class='ocrx_word' id='word_1_238' title='bbox 2638 4591 2815 4663; x_wconf 56' lang='lat' dir='ltr'><strong>kirtly</strong></span> <span class='ocrx_word' id='word_1_239' title='bbox 2841 4596 3046 4662; x_wconf 71' lang='lat' dir='ltr'><strong>peeset·</strong></span> 
     </span>
     <span class='ocr_line' id='line_1_35' title="bbox 1085 4681 2761 4752; baseline 0.002 -17"><span class='ocrx_word' id='word_1_240' title='bbox 1085 4681 1252 4748; x_wconf 69' lang='lat' dir='ltr'><strong>jenek</strong></span> <span class='ocrx_word' id='word_1_241' title='bbox 1278 4681 1534 4736; x_wconf 69' lang='lat' dir='ltr'><strong>wredeke</strong></span> <span class='ocrx_word' id='word_1_242' title='bbox 1560 4685 1715 4750; x_wconf 69' lang='lat' dir='ltr'><strong>sugg,</strong></span> <span class='ocrx_word' id='word_1_243' title='bbox 1741 4698 1777 4734; x_wconf 74' lang='lat' dir='ltr'><strong>a.</strong></span> <span class='ocrx_word' id='word_1_244' title='bbox 1800 4682 1964 4735; x_wconf 77' lang='lat' dir='ltr'><strong>budai</strong></span> <span class='ocrx_word' id='word_1_245' title='bbox 1988 4683 2089 4736; x_wconf 81' lang='lat' dir='ltr'><strong>kir.</strong></span> <span class='ocrx_word' id='word_1_246' title='bbox 2117 4685 2359 4737; x_wconf 78' lang='lat' dir='ltr'><strong>kamarai</strong></span> <span class='ocrx_word' id='word_1_247' title='bbox 2384 4682 2761 4752; x_wconf 57' lang='lat' dir='ltr'><strong>leveltssrban.)</strong></span> 
     </span>
    </p>
   </div>
   <div class='ocr_carea' id='block_1_7' title="bbox 1828 4847 2067 4859">
    <p class='ocr_par' dir='ltr' id='par_1_9' title="bbox 1828 4847 2067 4859">
     <span class='ocr_line' id='line_1_36' title="bbox 1828 4847 2067 4859; baseline 0 391"><span class='ocrx_word' id='word_1_248' title='bbox 1828 4847 2067 4859; x_wconf 95' lang='lat' dir='ltr'><strong> </strong></span> 
     </span>
    </p>
   </div>
  </div>
 </body>
</html>
