3359 5250
1762 480 1815 485 -,
1857 378 2069 485 ὃὲἑ,

1847 943 2004 1012 224.

801 1130 845 1195 I
855 1129 919 1197 V.
955 1129 1111 1194 Bela
1141 1126 1350 1213 hircily
1382 1150 1458 1191 az
1487 1126 1680 1191 abach·
1708 1126 1958 1189 revvdm
1990 1124 2353 1209 jo‘vedelmei
2380 1125 2552 1189 irdnt
2593 1125 3059 1210 meydllapr'tott

1461 1235 1743 1320 azabcilgyt
1770 1235 2130 1320 meyerdsae'ti.
2170 1232 2364 1297 1251.

1015 1433 1151 1503 Nos
1199 1432 1514 1501 Nicolaus
1563 1430 1647 1498 de
1698 1432 1882 1500 Gara
1930 1430 2140 1516 Regni
2194 1428 2531 1515 Hungarie
2590 1428 2936 1496 Palatinus
2996 1436 3063 1495 et

801 1543 1014 1613 Judex
1033 1543 1467 1611 Cumanorum
1488 1540 1719 1609 damus
1751 1559 1870 1627 pro
1890 1540 2221 1624 memoria,
2259 1535 2432 1623 quod
2451 1557 2596 1605 cum
2619 1538 3055 1605 Sebastianus

804 1652 975 1720 filius
1006 1647 1294 1717 Lorandi
1324 1649 1407 1715 de
1440 1646 1649 1734 Abad,
1685 1644 2069 1715 Ladizlaum
2089 1644 2501 1732 Wayuodam
2522 1644 3059 1712 Transiluanien-

801 1780 961 1845 sem,
1016 1756 1426 1844 Dyonisium,
1476 1755 1822 1824 Nicolaum
1871 1760 1938 1822 et
1983 1754 2371 1822 Michaelem
2424 1753 2594 1822 filios
2641 1756 2884 1822 Desew
2905 1808 2923 1841 ‚
2983 1774 3065 1821 ae

804 1865 1160 1952 Georgium
1192 1866 1398 1934 filium
1429 1863 1766 1951 Stephani,
1817 1864 2069 1932 nobiles
2102 1863 2185 1932 de
2218 1862 2513 1931 Losonch
2553 1869 2787 1931 contra
2817 1882 2891 1930 se
2922 1882 3067 1949 pre·

805 1981 985 2044 textu
1017 1974 1539 2063 possessionarie
1570 1971 1918 2041 diuisionis
1968 1973 2036 2039 in
2068 1972 2479 2060 presenciam
2509 1972 2760 2042 domini
2803 1972 3067 2040 Nicolai

803 2081 888 2151 de
921 2083 1098 2151 dicta
1132 2085 1311 2152 Gara
1361 2083 1575 2169 patris
1604 2082 1812 2151 nostri
1857 2081 2219 2169 predileeti,
2271 2083 2339 2148 in
2370 2081 2547 2148 bona
2591 2081 2906 2149 memoria
2956 2080 3068 2149 de·

804 2190 1033 2276 functi,
1067 2191 1134 2257 in
1154 2197 1398 2259 certum
1429 2189 1775 2258 terminum
1807 2189 2122 2259 traxisset
2149 2190 2218 2258 in
2249 2208 2541 2275 causam,
2575 2196 2642 2257 et
2672 2190 2824 2277 ipsa
2852 2209 3067 2258 eausa

805 2299 975 2366 inter
1006 2306 1227 2385 partes
1274 2298 1528 2367 diucius
1558 2299 1904 2368 ventillata
1935 2299 2022 2366 ad
2053 2307 2325 2368 octauas
2374 2298 2526 2367 festi
2557 2299 2749 2367 Beati
2789 2297 3063 2383 Georgij

808 2405 1110 2492 martyris
1141 2405 1207 2475 in
1239 2427 1411 2476 anno
1444 2407 1706 2476 Domini
1738 2406 2082 2476 millesimo
2111 2408 2567 2477 trecentesimo
2608 2409 3064 2494 octuagesimo

807 2514 1149 2601 preteritas
1197 2522 1548 2603 prorogata
1597 2516 1924 2586 extitisset
1975 2518 2099 2586 stb.
2150 2517 2253 2605 (es
2302 2517 2503 2604 uJabb
2564 2515 3060 2586 elhalasztasok

808 2622 1241 2715 kozbojoven)
1280 2663 1354 2673 -
1399 2663 1472 2673 —
1509 2626 1765 2693 interim
1798 2626 1990 2694 dictis
2023 2626 2318 2714 partibus
2351 2626 2819 2695 decedentibus
2858 2663 2934 2674 —
2980 2663 3059 2674 ——

809 2732 896 2799 ad
926 2738 1198 2801 octauas
1228 2732 1379 2803 festi
1410 2733 1594 2801 Beati
1619 2735 1956 2804 Michaelis
1987 2736 2382 2822 Archangeli
2416 2756 2591 2805 anno
2622 2735 2887 2804 Domini
2920 2736 3068 2803 mil—

807 2838 1036 2908 lesimo
1056 2840 1504 2910 trecentesimo
1536 2842 1960 2928 nonagesimo
1983 2864 2155 2912 nono
2188 2845 2456 2929 elapsas
2484 2841 2767 2912 deducta
2784 2843 3068 2929 fuisset;

807 2944 1089 3031 denique
1120 2947 1283 3035 ipsis
1314 2950 1566 3018 octauis
1615 2948 2015 3018 instantibus
2048 2950 2371 3036 Georgius
2404 2949 2604 3036 (filius
2645 2950 3061 3038 Sebastiani)

810 3060 991 3124 actor
1034 3058 1465 3144 personaliter
1511 3060 1577 3125 in
1625 3060 1870 3126 Detrici
1923 3058 2036 3149 (de
2086 3057 2342 3146 Bubek)
2400 3059 2684 3126 Palatini
2736 3060 3064 3127 veniendo

807 3166 1250 3252 presenciam,
1304 3167 1621 3252 quasdam
1672 3177 1817 3236 octo
1866 3168 2121 3236 litteras
2172 3167 2384 3235 eidem
2437 3168 2699 3236 Detrico
2751 3168 3064 3235 Palatino

807 3272 1296 3341 demonstrauit.
1344 3274 1631 3354 Quarum
1661 3275 1876 3363 prima
1906 3276 2179 3344 condam
2227 3274 2469 3345 domini
2506 3276 2662 3344 Bele
2693 3275 2899 3343 incliti
2936 3277 3065 3342 Re·

808 3381 911 3465 gis
941 3381 1273 3469 Hungarie
1304 3383 1513 3452 felicis
1545 3384 2025 3453 recordacionis
2064 3384 2170 3451 hie
2201 3384 2384 3454 Bude
2422 3406 2592 3453 anuo
2625 3384 2888 3452 Domini
2923 3385 3065 3450 mil·

808 3491 1038 3559 lesimo
1072 3490 1515 3560 ducentesimo
1568 3492 2107 3577 quinquagesimo
2139 3493 2367 3579 primo,
2418 3492 2623 3560 tercio
2662 3513 2872 3560 nonas
2903 3492 3066 3578 Sep-

810 3600 1077 3668 tembris
1128 3608 1425 3687 patenter
1473 3600 1745 3670 suborta
1796 3600 2281 3688 specificasset3
2334 3600 2515 3685 quod
2545 3603 2611 3668 in
2662 3621 2883 3686 eausa,
2936 3623 3068 3687 que

809 3709 977 3776 inter
1009 3709 1395 3794 Johannem,
1427 3709 1794 3778 Priuartum
1826 3717 1891 3778 et
1922 3711 2265 3777 Hectorem
2298 3708 2466 3778 filios
2499 3710 2781 3777 Priuarti
2815 3731 2895 3778 ex
2928 3731 3065 3778 vna

809 3823 1016 3904 parte,
1068 3823 1133 3885 et
1164 3817 1549 3904 Dyonisium
1597 3836 1676 3885 ac
1706 3816 1964 3904 Tybam
2016 3818 2185 3886 filios
2219 3817 2404 3885 Chak
2446 3838 2526 3886 ex
2578 3819 2810 3902 altera,
2862 3840 3066 3906 super

807 3933 995 4014 portu
1018 3925 1226 4014 Abad,
1254 3928 1422 3993 sicut
1451 3925 1662 3994 eidem
1694 3924 1958 3994 domino
1978 3927 2135 3995 Bele
2164 3927 2333 4013 Regi
2365 3948 2481 4012 per
2514 3928 2769 3996 litteras
2789 3928 3065 4014 Agrien-

807 4032 903 4103 sis
935 4032 1221 4120 Capituli
1254 4035 1660 4121 innotuisset,
1697 4035 2134 4103 mediantibus
2169 4036 2392 4123 probis
2424 4036 2583 4104 viris
2614 4037 2771 4105 talis
2804 4057 3069 4124 compo·

808 4142 970 4210 sicio
1003 4141 1475 4230 interuenisset,
1525 4143 1701 4227 quod
1740 4150 1940 4211 totum
1992 4142 2307 4211 tributum
2337 4143 2494 4212 dicti
2531 4151 2755 4232 portus
2804 4167 2847 4213 a
2891 4144 3069 4214 festo

809 4249 1033 4317 Sancti
1082 4249 1317 4319 Jaeobi
1386 4248 1701 4337 predictis
1751 4249 2078 4336 Dyonisio
2127 4257 2193 4316 et
2240 4251 2438 4336 Tyba
2488 4250 2640 4337 filijs
2692 4251 2881 4320 chak
2902 4304 2921 4338 ‚
2983 4273 3069 4321 ae

807 4358 977 4426 Imre
1007 4366 1073 4426 et
1103 4358 1351 4426 Samud
1381 4358 1533 4447 filijs
1564 4358 1869 4446 Dyonisij
1909 4358 2185 4426 condam
2220 4359 2507 4427 Palatini
2530 4360 2761 4428 cedere
2793 4361 3073 4432 deberet

808 4486 926 4553 pro
958 4485 1054 4553 eo,
1109 4466 1286 4553 quod
1335 4466 1608 4555 predicti
1642 4466 1981 4536 ‚Iohannes
2032 4474 2098 4533 et
2139 4468 2378 4538 fratres
2418 4469 2520 4539 sni
2568 4471 2877 4539 tributum
2908 4471 3071 4541 dieti

811 4580 1034 4660 portus
1065 4595 1108 4641 a
1136 4581 1428 4661 tempore
1458 4576 1886 4642 Tartarorum
1935 4595 2140 4660 vsque
2182 4584 2338 4644 tunc
2385 4579 2678 4647 totaliter
2732 4581 3067 4668 percepis-

811 4687 991 4766 sent;
1041 4683 1246 4752 tercio
1296 4693 1512 4752 autem
1542 4683 1768 4752 Sancti
1799 4684 2032 4753 Jacobi
2063 4684 2231 4754 festo
2277 4687 2595 4773 reuoluto,
2648 4688 2921 4775 predicti
2956 4690 3071 4758 Jo—
