3359 5250
1413 473 1454 478 --
1503 378 1624 478 331
1673 471 1722 478 „

427 581 566 648 nuli
605 599 724 666 per
757 580 998 646 uallem
1032 579 1213 646 uadit
1250 578 1337 645 ad
1369 579 1846 647 occidentalem
1881 589 2134 667 partem
2167 577 2254 645 ad
2287 580 2451 646 duas
2492 586 2695 647 metas

434 709 555 778 per
585 707 892 775 magnam
914 688 1089 761 uiam
1109 689 1178 756 in
1196 689 1339 774 piro
1356 688 1611 776 positas
1631 714 1648 776 ;
1684 689 1838 756 item
1858 688 2013 757 inde
2034 688 2237 757 currit
2254 708 2371 777 per
2389 707 2695 775 magnam

434 800 614 868 uiam
654 804 721 865 et
752 796 1050 866 ascendit
1101 817 1218 887 per
1249 796 1555 885 semitam
1585 798 1857 884 Lengen
1903 817 2102 886 super
2132 798 2300 866 (luas
2350 788 2577 884 metas,
2627 801 2694 866 in

438 907 681 993 quibus
728 913 879 975 sunt
906 907 1158 993 cerasi3
1208 907 1364 975 inde
1393 906 1670 975 tendens
1704 907 1792 975 ad
1840 907 2239 977 occidentem
2289 907 2472 975 iuxta
2518 913 2689 976 uete-

433 1035 574 1086 rem
607 1015 784 1083 uiam
817 1014 1004 1084 uadit
1032 1035 1231 1102 super
1247 1014 1417 1083 duas
1448 1021 1659 1084 metas
1690 1015 1757 1082 in
1794 1016 2031 1083 arbore
2061 1016 2242 1105 pirus
2263 1023 2327 1084 et
2343 1017 2697 1105 qemelclzyn

430 1127 728 1216 positas3
779 1122 936 1191 inde
965 1142 1164 1211 super
1209 1123 1379 1191 duas
1428 1129 1657 1210 metas,
1711 1125 1781 1191 iu
1813 1125 2048 1210 quibus
2102 1133 2252 1193 sunt
2299 1126 2583 1212 populus
2629 1131 2696 1194 et

432 1252 701 1303 cerasus
758 1232 830 1301 in
858 1231 1227 1319 Telukfyn3
1279 1231 1434 1299 inde
1483 1251 1600 1320 per
1649 1231 1949 1300 semitam
1980 1233 2320 1320 Hygteluk
2372 1218 2557 1301 uadit
2606 1235 2692 1302 ad

435 1345 752 1431 angulum
772 1341 1056 1411 nemoris
1083 1341 1172 1411 ad
1191 1342 1462 1411 arbores
1487 1344 1666 1430 pomi
1699 1349 1766 1411 et
1795 1342 1953 1431 piri3
1993 1342 2148 1410 inde
2177 1343 2361 1411 uadit
2380 1342 2469 1410 ad
2500 1343 2690 1410 finem

433 1454 745 1542 nemoris,
799 1459 865 1520 et
892 1452 987 1522 ibi
1026 1459 1176 1522 sunt
1205 1453 1335 1521 due
1367 1458 1539 1522 mete
1566 1452 1635 1521 in
1666 1453 1950 1541 ylicibus
1995 1452 2248 1541 posite;
2303 1459 2366 1520 et
2395 1472 2515 1541 per
2545 1472 2692 1521 ean-

435 1561 585 1629 dem
620 1560 922 1630 semitam
955 1561 1144 1628 uadit
1173 1560 1260 1629 ad
1283 1560 1696 1648 aquilonem3
1739 1567 1805 1629 et
1834 1560 1989 1629 inde
2019 1580 2251 1649 parum
2287 1559 2574 1628 declinat
2604 1559 2691 1628 ad

433 1668 771 1737 meridiem
821 1688 1020 1757 super
1049 1670 1215 1738 duas
1265 1677 1476 1738 metas
1524 1670 1591 1736 in
1627 1668 1971 1738 arboribus
2020 1673 2152 1757 scyl
2188 1669 2479 1758 positas;
2533 1668 2689 1737 inde

432 1795 553 1866 per
582 1796 893 1863 magnam
914 1778 1236 1867 spinetam
1268 1797 1473 1867 penes
1506 1776 1684 1846 uiam
1706 1776 2061 1866 Gopurnuk
2094 1778 2278 1846 uadit
2308 1797 2507 1866 super
2525 1778 2692 1845 duas

433 1892 644 1955 metas
700 1885 865 1954 sitas
896 1886 964 1954 in
1013 1886 1358 1955 arboribus
1406 1889 1752 1976 qando-hen
1769 1913 1796 1966 ‚·
1845 1886 2002 1955 inde
2042 1884 2229 1977 uadit
2277 1905 2476 1974 super
2524 1886 2691 1955 duas
2732 1966 2755 1989 ἢ

439 2002 650 2063 metas
681 2002 968 2081 terreas3
1000 1995 1154 2063 inde
1173 1995 1361 2062 uadit
1378 2014 1575 2082 super
1604 1994 1775 2063 duas
1808 2000 2016 2062 metas
2046 2014 2166 2083 per
2201 2001 2489 2063 ueterem
2515 1995 2690 2064 uiam

440 2103 528 2171 ad
560 2103 964 2171 occidentem
996 2122 1193 2190 super
1223 2121 1462 2187 aquam
1494 2102 1740 2188 Hunta,
1792 2110 1858 2170 et
1888 2103 2163 2171 eandem
2194 2123 2433 2189 aquam
2470 2103 2693 2172 Hunta

440 2212 768 2281 transiens
800 2230 920 2299 per
950 2209 1237 2278 medinm
1258 2209 1556 2280 ascendit
1587 2231 1784 2300 super
1815 2217 2031 2280 monte
2048 2213 2241 2298 Vtga,
2275 2216 2341 2279 et
2371 2213 2457 2281 ad
2494 2231 2690 2280 unum

431 2321 644 2408 pirum
675 2339 824 2389 cum
875 2325 1052 2388 meta
1083 2318 1557 2406 circumdatur3
1610 2319 1765 2388 inde
1802 2319 1869 2387 in
1923 2318 2203 2388 culmine
2249 2321 2487 2390 montis
2515 2321 2692 2407 Vtga

433 2428 618 2497 uadit
670 2448 865 2516 super
916 2428 1216 2497 arborem
1262 2427 1491 2514 nucis;
1542 2426 1698 2496 inde
1734 2428 1820 2496 ad
1870 2428 2243 2514 aquilonem
2280 2447 2475 2515 super
2524 2427 2690 2495 duas

436 2543 688 2623 metas;
739 2535 891 2604 inde
939 2535 1215 2604 tendens
1265 2535 1353 2603 ad
1392 2534 1797 2604 occidentem
1848 2534 2134 2604 declinat
2181 2536 2269 2604 ad
2318 2537 2689 2625 aquilonem

435 2667 635 2734 super
665 2645 976 2716 Canisam
1027 2646 1117 2714 ad
1149 2650 1361 2713 metas
1410 2645 1683 2734 priores,
1735 2648 1929 2716 etsie
1959 2655 2131 2716 mete
2178 2648 2469 2716 eiusdem
2520 2654 2689 2716 terre

433 2753 888 2822 terminantur.
939 2754 1084 2822 Hoc
1115 2753 1323 2821 eciam
1374 2753 1866 2841 interponimus,
1919 2755 2093 2841 quod
2121 2754 2339 2823 feneta
2374 2755 2513 2843 illa,
2563 2775 2689 2842 que

434 2862 664 2929 uillam
715 2861 800 2931 de
853 2862 1081 2930 Pacha
1133 2859 1642 2930 aieculatoribus
1697 2864 1842 2949 (igy
1885 2863 2363 2949 jaculatoribus
2413 2864 2686 2952 helyett)

430 2968 636 3055 Regis
669 2969 959 3038 cambire
1007 2988 1140 3036 non
1172 2969 1523 3056 potuerint,
1573 2969 1822 3038 eisdem
1871 2971 2216 3041 statuimus
2262 2971 2685 3059 possidenda,

433 3077 603 3147 sicut
654 3078 722 3145 iu
753 3075 984 3165 primis
1032 3075 1480 3165 possidebant,
1530 3084 1596 3147 ct
1638 3078 1823 3165 ligna
1870 3078 2157 3165 uirgulti,
2211 3098 2338 3163 que
2386 3088 2487 3148 est
2531 3089 2688 3149 aute

430 3186 684 3273 Kolgar
703 3238 721 3273 ,
774 3184 1019 3253 eisdem
1073 3185 1507 3254 communiter
1556 3186 1923 3255 incidenda.
1988 3189 2076 3254 Vt
2124 3186 2325 3274 igitur
2376 3206 2683 3276 processu

431 3294 747 3381 temporis
780 3294 985 3362 series
1015 3292 1190 3361 facte
1223 3298 1289 3361 et
1320 3292 1617 3361 ordinate
1648 3295 1745 3361 rei
1776 3314 1897 3383 per
1928 3295 2207 3364 alieuius
2246 3295 2683 3383 calumpniam

436 3403 544 3472 uel
575 3402 758 3471 litem
788 3402 1243 3471 detrimentum
1274 3400 1382 3468 uel
1413 3400 1974 3470 contradicciones
2006 3423 2134 3473 nou
2166 3404 2482 3492 paciatur,
2517 3402 2686 3473 sicut

435 3531 556 3599 per
586 3509 842 3578 litteras
892 3508 1185 3578 eiusdem
1216 3509 1507 3577 Peturke
1541 3509 1812 3578 Comitis
1844 3511 2133 3580 constitit
2182 3511 2390 3598 nobis,
2426 3530 2683 3599 presen-

430 3626 531 3689 tes
569 3617 824 3687 litteras
873 3616 1226 3707 sepedietis
1259 3615 1727 3686 iaculatoribus
1757 3618 1958 3703 Regis
2009 3617 2308 3688 dedimus
2342 3620 2542 3706 sigilli
2574 3640 2686 3687 uo·

430 3727 561 3795 stri
613 3725 966 3794 munimine
1015 3725 1379 3793 roboratas.
1431 3724 1673 3793 Datum
1724 3744 1896 3796 anuo
1927 3726 2014 3793 ab
2059 3729 2530 3798 Incarnacione
2560 3730 2686 3798 Do·

430 3835 594 3903 mini
624 3836 721 3902 Μο
740 3832 873 3902 (30⁰
891 3834 973 3900 L⁰
1001 3832 1230 3920 primo.
1265 3832 1404 3901 Nec
1436 3833 1560 3901 hoc
1589 3832 1863 3903 silencio
1895 3835 2303 3925 preterimus,
2340 3838 2513 3923 quod
2544 3859 2686 3928 pre—

430 3942 650 4011 taxati
684 3940 1114 4011 commetanei
1144 3941 1528 4027 premissam
1560 3939 2046 4011 ordinacionem
2078 3948 2144 4011 et
2173 3948 2491 4013 metarum
2522 3945 2686 4014 assi-

437 4052 851 4138 gnacionem,
904 4069 1051 4117 cum
1103 4049 1402 4135 requisiti
1434 4069 1477 4117 a
1506 4049 1698 4120 nobis
1746 4053 2239 4139 presencialiter
2280 4054 2573 4144 fuissent,
2611 4058 2685 4124 in

437 4161 618 4228 nullo
671 4156 1227 4242 contradixerunt,
1277 4163 1345 4225 et
1374 4157 1496 4224 hec
1527 4159 1748 4227 omnia
1797 4159 2091 4246 legitime
2137 4161 2315 4232 facta
2345 4171 2494 4233 sunt
2539 4184 2684 4253 pro-

421 4270 668 4339 testati.

500 4447 626 4519 (lv.
652 4447 789 4502 Bela
816 4445 1109 4516 kirflynak
1131 4449 1358 4501 1265-ki
1382 4449 1711 4517 megerdsitd
1730 4449 2222 4521 privilegiumabol,
2248 4456 2386 4506 mint
2408 4451 2612 4524 alabb.)
