3359 5250
1751 278 2070 391 ,ἐθέ-

792 485 917 557 lem
934 490 1109 574 girat
1146 488 1230 554 ad
1254 508 1448 555 unam
1472 473 1792 568 semitam,
1828 491 1893 551 et
1923 483 2223 552 ascendit
2254 483 2340 548 ad
2368 489 2671 567 montem,
2710 482 2819 566 qui
2848 471 3050 548 berek

792 597 1195 681 appellatur;
1229 594 1380 661 inde
1402 593 1760 678 procedens
1794 593 2002 658 tendit
2022 591 2108 656 ad
2128 590 2521 676 particulam
2544 589 2835 656 eiusdem
2856 597 3047 672 terre,

791 704 971 768 cuius
1002 722 1161 787 pars
1188 700 1454 766 sinistra
1477 699 1756 784 pertinet
1781 698 1865 763 ad
1886 698 2284 781 Zagrabinm
2310 695 2422 783 (P),
2461 717 2614 781 pars
2636 716 2790 762 uero
2816 696 3048 762 dextra

792 810 878 876 ad
909 808 1121 875 Boluk
1175 827 1291 892 per
1326 807 1521 888 Regis
1575 806 2040 884 donacionem
2096 806 2248 869 inde
2296 803 2692 870 transeundo
2747 824 2864 891 per
2895 825 3046 873 eun-

787 917 935 983 dem
984 921 1270 983 montem
1322 915 1618 999 peruenit
1649 913 1737 978 ad
1771 922 2054 982 montem
2105 931 2303 977 unum
2345 929 2572 980 uersus
2623 912 3046 996 occidentem,

786 1024 896 1108 qni
935 1024 1109 1109 wlgo
1160 1021 1397 1087 dicitur
1429 1021 1816 1103 Agotnicha‚
1874 1021 1978 1086 ubi
2032 1029 2184 1086 sunt
2219 1020 2340 1085 due
2397 1028 2588 1102 mete,
2641 1026 2704 1086 et
2752 1020 2842 1086 ibi
2891 1042 3047 1107 pars

787 1131 1020 1199 dextra
1051 1138 1220 1196 terre
1255 1129 1463 1196 Bolok
1496 1150 1538 1194 a
1571 1131 1752 1214 Rege
1787 1128 2051 1212 collata,
2106 1129 2371 1194 sinistra
2407 1148 2559 1195 uero
2592 1137 2764 1196 terra
2797 1131 3044 1196 heredi·

787 1240 963 1306 taria
996 1237 1323 1320 eiusdem3
1378 1242 1441 1303 et
1472 1238 1538 1304 in
1571 1238 1986 1322 sumpmitate
2018 1236 2251 1304 montis
2283 1236 2690 1321 Augalnicza
2720 1238 2902 1305 vadit
2954 1238 3043 1305 ad

789 1347 954 1413 duas
986 1351 1195 1412 metas
1228 1344 1314 1409 ad
1348 1344 1768 1431 occidentem,
1825 1345 2008 1410 cuius
2041 1364 2195 1429 pars
2231 1343 2439 1411 maior
2473 1344 2641 1411 dicte
2695 1351 2862 1412 terre
2899 1365 3043 1432 per-

785 1454 948 1520 tinet
978 1452 1063 1518 ad
1097 1451 1307 1518 Boluk
1342 1450 1480 1516 iure
1511 1451 1928 1535 hereditario,
1981 1471 2137 1536 pars
2172 1471 2324 1517 vero
2378 1452 2585 1521 minor
2633 1454 2896 1520 racione
2932 1455 3040 1521 do-

784 1560 1119 1643 nacionis;
1173 1559 1326 1625 inde
1376 1559 1671 1645 procedit
1723 1580 1842 1644 per
1892 1559 2057 1626 duas
2110 1565 2320 1626 metas
2375 1560 2461 1625 ad
2514 1571 2766 1645 pratum
2817 1583 3036 1647 vnum,

782 1668 961 1735 cuius
995 1687 1151 1754 pars
1203 1666 1469 1733 sinistra
1504 1676 1678 1734 terra
1713 1667 1918 1735 Bolok
1952 1665 2374 1751 hereditaria,
2426 1667 2659 1735 dextra
2690 1690 2845 1736 vero
2882 1692 3037 1756 pars

780 1799 822 1844 a
855 1780 1034 1861 Rege
1069 1776 1343 1860 collata;
1403 1785 1468 1842 et
1498 1777 1708 1844 tendit
1739 1776 1810 1842 in
1843 1797 1973 1843 vna
2005 1776 2116 1843 via
2147 1797 2277 1846 non
2313 1775 2563 1844 modice
2614 1778 2698 1844 ad
2740 1781 3037 1848 occiden-

778 1892 907 1952 tem
941 1904 1058 1971 ρει·
1090 1885 1255 1953 dnas
1289 1894 1518 1967 metas,
1573 1884 1744 1950 vnde
1777 1885 1957 1951 vadit
1989 1885 2072 1950 ad
2109 1885 2275 1951 duas
2308 1905 2583 1970 magnas
2626 1892 2858 1970 metaS,
2910 1909 3035 1971 que

779 2001 930 2061 sunt
959 1994 1025 2059 in
1059 1994 1273 2079 capite
1296 1993 1481 2077 Sam,
1526 1993 1605 2058 de
1639 2014 1770 2076 qua
1792 1994 2123 2076 egreditur
2154 1993 2389 2060 fluuius
2410 1994 2708 2080 Nednek,
2744 2002 2806 2060 et
2839 1998 3035 2063 currit

777 2101 862 2168 ad
894 2099 1158 2167 fluuium
1191 2102 1429 2184 S0y0v‚
1464 2107 1528 2167 et
1558 2103 1856 2186 peruenit
1891 2100 2188 2189 superius
2226 2101 2308 2167 ad
2345 2102 2622 2186 priorem
2658 2107 2916 2185 metam,
2970 2113 3033 2170 et

777 2207 868 2273 ibi
900 2207 1301 2274 terminatur.
1357 2208 1441 2272 Vt
1473 2216 1689 2273 antem
1723 2208 1844 2274 hec
1877 2215 2099 2274 nostra
2130 2207 2406 2277 donacio
2459 2209 2646 2274 salua
2679 2229 2937 2295 semper
2969 2218 3032 2276 et

776 2316 1162 2382 inconcussa
1196 2324 1594 2402 permaneat,
1644 2325 1983 2404 presentes
2017 2319 2458 2384 concessimus
2492 2318 2743 2384 litteras
2778 2319 3029 2405 duppli-

775 2425 871 2489 cis
893 2421 1093 2507 sigilli
1118 2423 1324 2490 nostri
1347 2423 1697 2491 munimine
1718 2427 2091 2511 perenniter
2115 2427 2474 2494 roboratas,
2501 2429 2739 2493 Datum
2757 2429 3027 2512 Sergew

774 2551 945 2597 anno
977 2531 1195 2615 gracie
1231 2531 1572 2598 millesimo
1605 2531 2046 2599 ducentesimo
2089 2534 2593 2617 quadragesimo
2625 2535 2872 2619 quinto,
2907 2537 3026 2603 XI.

769 2638 1091 2707 kalendas
1124 2639 1401 2722 Augusti
1436 2640 1647 2725 Regni
1682 2647 1896 2707 autem
1932 2641 2132 2709 nostri
2166 2663 2338 2709 anno
2379 2644 2652 2709 decimo.

771 2839 956 2900 (Gar-ai
995 2839 1193 2888 Miklbs
1232 2836 1510 2890 nzidornak
1551 2840 1751 2893 (ἱὸῐιιδτ
1789 2840 1846 2891 es
1887 2843 2068 2892 Torua
2107 2840 2337 2907 megyek
2383 2844 2536 2894 1423.
2575 2845 2748 2904 „feria
2784 2846 3026 2897 secunda

765 2929 1007 2991 proxima
1045 2936 1167 2993 post
1195 2930 1391 2980 festum
1431 2931 1682 2997 Corporis
1723 2932 1962 2983 Christi“
2002 2939 2194 2984 tartott
2233 2931 2565 3000 gylilescbcn
2606 2934 2819 2986 kiadott
2857 2934 3024 2987 atii-a-

1803 3019 1989 3087 ω’ὼόι.)

1637 3306 1984 3316 —————u
2015 3307 2144 3314 ...μ--ὲ
