<?xml version="1.0" encoding="UTF-8"?>
<!DOCTYPE html PUBLIC "-//W3C//DTD XHTML 1.0 Transitional//EN"
    "http://www.w3.org/TR/xhtml1/DTD/xhtml1-transitional.dtd">
<html xmlns="http://www.w3.org/1999/xhtml" xml:lang="en" lang="en">
 <head>
  <title>
</title>
<meta http-equiv="Content-Type" content="text/html;charset=utf-8" />
  <meta name='ocr-system' content='tesseract 3.04.00' />
  <meta name='ocr-capabilities' content='ocr_page ocr_carea ocr_par ocr_line ocrx_word'/>
</head>
<body>
  <div class='ocr_page' id='page_1' title='image "./codexdiplomatic09unkngoog_0554.png"; bbox 0 0 3359 5250; ppageno 0'>
   <div class='ocr_carea' id='block_1_1' title="bbox 1878 326 2015 394">
    <p class='ocr_par' dir='ltr' id='par_1_1' title="bbox 1878 326 2015 394">
     <span class='ocr_line' id='line_1_1' title="bbox 1878 326 2015 394; baseline -0.015 0"><span class='ocrx_word' id='word_1_1' title='bbox 1878 326 2015 394; x_wconf 88' lang='lat'><strong>514</strong></span> 
     </span>
    </p>
   </div>
   <div class='ocr_carea' id='block_1_2' title="bbox 1784 414 2103 430">
    <p class='ocr_par' dir='ltr' id='par_1_2' title="bbox 1784 414 2103 430">
     <span class='ocr_line' id='line_1_2' title="bbox 1784 414 2103 430; baseline 0 0"><span class='ocrx_word' id='word_1_2' title='bbox 1784 414 2103 430; x_wconf 95' lang='lat' dir='ltr'><strong> </strong></span> 
     </span>
    </p>
   </div>
   <div class='ocr_carea' id='block_1_3' title="bbox 809 518 3083 1681">
    <p class='ocr_par' dir='ltr' id='par_1_3' title="bbox 809 518 3083 1681">
     <span class='ocr_line' id='line_1_3' title="bbox 809 518 3081 614; baseline -0.005 -16"><span class='ocrx_word' id='word_1_3' title='bbox 809 526 1194 598; x_wconf 85' lang='lat' dir='ltr'><strong>uocabiliter</strong></span> <span class='ocrx_word' id='word_1_4' title='bbox 1222 522 1715 614; x_wconf 78' lang='lat' dir='ltr'><strong>possidendam,</strong></span> <span class='ocrx_word' id='word_1_5' title='bbox 1761 524 2138 609; x_wconf 88' lang='lat' dir='ltr'><strong>tenendam,</strong></span> <span class='ocrx_word' id='word_1_6' title='bbox 2187 520 2438 608; x_wconf 86' lang='lat' dir='ltr'><strong>pariter</strong></span> <span class='ocrx_word' id='word_1_7' title='bbox 2470 525 2535 590; x_wconf 89' lang='lat' dir='ltr'><strong>et</strong></span> <span class='ocrx_word' id='word_1_8' title='bbox 2565 518 2962 606; x_wconf 89' lang='lat' dir='ltr'><strong>habendam,</strong></span> <span class='ocrx_word' id='word_1_9' title='bbox 2995 536 3081 589; x_wconf 82' lang='lat' dir='ltr'><strong>ex</strong></span> 
     </span>
     <span class='ocr_line' id='line_1_4' title="bbox 812 628 3081 715; baseline -0.005 -9"><span class='ocrx_word' id='word_1_10' title='bbox 812 637 1090 706; x_wconf 77' lang='lat' dir='ltr'><strong>licencia</strong></span> <span class='ocrx_word' id='word_1_11' title='bbox 1137 634 1445 703; x_wconf 85' lang='lat' dir='ltr'><strong>videlicet</strong></span> <span class='ocrx_word' id='word_1_12' title='bbox 1495 640 1562 701; x_wconf 88' lang='lat' dir='ltr'><strong>et</strong></span> <span class='ocrx_word' id='word_1_13' title='bbox 1593 633 1768 700; x_wconf 91' lang='lat' dir='ltr'><strong>bona</strong></span> <span class='ocrx_word' id='word_1_14' title='bbox 1815 631 2154 701; x_wconf 86' lang='lat' dir='ltr'><strong>uoluntate</strong></span> <span class='ocrx_word' id='word_1_15' title='bbox 2195 628 2387 715; x_wconf 78' lang='lat' dir='ltr'><strong>Gugo</strong></span> <span class='ocrx_word' id='word_1_16' title='bbox 2434 638 2502 700; x_wconf 86' lang='lat' dir='ltr'><strong>et</strong></span> <span class='ocrx_word' id='word_1_17' title='bbox 2546 630 2848 698; x_wconf 84' lang='lat' dir='ltr'><strong>Ladizlai</strong></span> <span class='ocrx_word' id='word_1_18' title='bbox 2901 634 3081 696; x_wconf 81' lang='lat' dir='ltr'><strong>ante·</strong></span> 
     </span>
     <span class='ocr_line' id='line_1_5' title="bbox 815 738 3078 830; baseline -0.006 -14"><span class='ocrx_word' id='word_1_19' title='bbox 815 748 1172 830; x_wconf 82' lang='lat' dir='ltr'><strong>dictorum3</strong></span> <span class='ocrx_word' id='word_1_20' title='bbox 1224 762 1420 830; x_wconf 90' lang='lat' dir='ltr'><strong>quam</strong></span> <span class='ocrx_word' id='word_1_21' title='bbox 1473 740 1738 827; x_wconf 88' lang='lat' dir='ltr'><strong>quidem</strong></span> <span class='ocrx_word' id='word_1_22' title='bbox 1786 738 2133 828; x_wconf 86' lang='lat' dir='ltr'><strong>pecuniam</strong></span> <span class='ocrx_word' id='word_1_23' title='bbox 2167 739 2660 825; x_wconf 88' lang='lat' dir='ltr'><strong>quatuordecim</strong></span> <span class='ocrx_word' id='word_1_24' title='bbox 2709 757 3078 808; x_wconf 86' lang='lat' dir='ltr'><strong>marcarum</strong></span> 
     </span>
     <span class='ocr_line' id='line_1_6' title="bbox 813 847 3080 934; baseline -0.004 -11"><span class='ocrx_word' id='word_1_25' title='bbox 813 854 989 924; x_wconf 91' lang='lat' dir='ltr'><strong>idem</strong></span> <span class='ocrx_word' id='word_1_26' title='bbox 1020 853 1212 920; x_wconf 82' lang='lat' dir='ltr'><strong>Luka</strong></span> <span class='ocrx_word' id='word_1_27' title='bbox 1241 850 1413 919; x_wconf 86' lang='lat' dir='ltr'><strong>filius</strong></span> <span class='ocrx_word' id='word_1_28' title='bbox 1443 848 1713 934; x_wconf 87' lang='lat' dir='ltr'><strong>Bogard</strong></span> <span class='ocrx_word' id='word_1_29' title='bbox 1746 847 1830 915; x_wconf 92' lang='lat' dir='ltr'><strong>ab</strong></span> <span class='ocrx_word' id='word_1_30' title='bbox 1861 847 2100 934; x_wconf 83' lang='lat' dir='ltr'><strong>Egidio</strong></span> <span class='ocrx_word' id='word_1_31' title='bbox 2131 847 2266 917; x_wconf 90' lang='lat' dir='ltr'><strong>filio</strong></span> <span class='ocrx_word' id='word_1_32' title='bbox 2284 848 2509 934; x_wconf 85' lang='lat' dir='ltr'><strong>Rugas</strong></span> <span class='ocrx_word' id='word_1_33' title='bbox 2539 847 2870 916; x_wconf 87' lang='lat' dir='ltr'><strong>antedicto</strong></span> <span class='ocrx_word' id='word_1_34' title='bbox 2902 863 3080 914; x_wconf 87' lang='lat' dir='ltr'><strong>rece-</strong></span> 
     </span>
     <span class='ocr_line' id='line_1_7' title="bbox 812 955 3082 1050; baseline -0.004 -21"><span class='ocrx_word' id='word_1_35' title='bbox 812 963 999 1050; x_wconf 86' lang='lat' dir='ltr'><strong>pisse</strong></span> <span class='ocrx_word' id='word_1_36' title='bbox 1029 959 1367 1031; x_wconf 85' lang='lat' dir='ltr'><strong>confessus</strong></span> <span class='ocrx_word' id='word_1_37' title='bbox 1402 963 1523 1044; x_wconf 88' lang='lat' dir='ltr'><strong>est,</strong></span> <span class='ocrx_word' id='word_1_38' title='bbox 1573 977 1794 1026; x_wconf 85' lang='lat' dir='ltr'><strong>coram</strong></span> <span class='ocrx_word' id='word_1_39' title='bbox 1824 955 2036 1024; x_wconf 85' lang='lat' dir='ltr'><strong>nobis.</strong></span> <span class='ocrx_word' id='word_1_40' title='bbox 2069 957 2145 1022; x_wconf 91' lang='lat' dir='ltr'><strong>In</strong></span> <span class='ocrx_word' id='word_1_41' title='bbox 2179 956 2364 1024; x_wconf 90' lang='lat' dir='ltr'><strong>cuius</strong></span> <span class='ocrx_word' id='word_1_42' title='bbox 2394 956 2493 1024; x_wconf 88' lang='lat' dir='ltr'><strong>rei</strong></span> <span class='ocrx_word' id='word_1_43' title='bbox 2522 955 2908 1026; x_wconf 76' lang='lat' dir='ltr'><strong>memoriam</strong></span> <span class='ocrx_word' id='word_1_44' title='bbox 2942 972 3082 1041; x_wconf 90' lang='lat' dir='ltr'><strong>per·</strong></span> 
     </span>
     <span class='ocr_line' id='line_1_8' title="bbox 814 1062 3083 1158; baseline -0.004 -20"><span class='ocrx_word' id='word_1_45' title='bbox 814 1074 1208 1158; x_wconf 82' lang='lat' dir='ltr'><strong>petuamque</strong></span> <span class='ocrx_word' id='word_1_46' title='bbox 1238 1065 1629 1146; x_wconf 85' lang='lat' dir='ltr'><strong>firmitatem,</strong></span> <span class='ocrx_word' id='word_1_47' title='bbox 1680 1070 1755 1132; x_wconf 91' lang='lat' dir='ltr'><strong>ut</strong></span> <span class='ocrx_word' id='word_1_48' title='bbox 1783 1066 1933 1151; x_wconf 90' lang='lat' dir='ltr'><strong>ipsa</strong></span> <span class='ocrx_word' id='word_1_49' title='bbox 1963 1063 2215 1151; x_wconf 91' lang='lat' dir='ltr'><strong>empcio</strong></span> <span class='ocrx_word' id='word_1_50' title='bbox 2246 1071 2315 1132; x_wconf 91' lang='lat' dir='ltr'><strong>et</strong></span> <span class='ocrx_word' id='word_1_51' title='bbox 2343 1062 2645 1134; x_wconf 88' lang='lat' dir='ltr'><strong>uendicio</strong></span> <span class='ocrx_word' id='word_1_52' title='bbox 2691 1064 2890 1133; x_wconf 91' lang='lat' dir='ltr'><strong>robur</strong></span> <span class='ocrx_word' id='word_1_53' title='bbox 2920 1065 3083 1152; x_wconf 90' lang='lat' dir='ltr'><strong>opti·</strong></span> 
     </span>
     <span class='ocr_line' id='line_1_9' title="bbox 814 1173 3080 1264; baseline -0.003 -18"><span class='ocrx_word' id='word_1_54' title='bbox 814 1185 989 1264; x_wconf 89' lang='lat' dir='ltr'><strong>neat,</strong></span> <span class='ocrx_word' id='word_1_55' title='bbox 1040 1196 1161 1243; x_wconf 91' lang='lat' dir='ltr'><strong>nec</strong></span> <span class='ocrx_word' id='word_1_56' title='bbox 1206 1174 1415 1262; x_wconf 79' lang='lat' dir='ltr'>possit</span> <span class='ocrx_word' id='word_1_57' title='bbox 1465 1192 1583 1260; x_wconf 87' lang='lat' dir='ltr'><strong>per</strong></span> <span class='ocrx_word' id='word_1_58' title='bbox 1634 1173 2008 1260; x_wconf 88' lang='lat' dir='ltr'><strong>quempiam</strong></span> <span class='ocrx_word' id='word_1_59' title='bbox 2056 1173 2418 1260; x_wconf 85' lang='lat' dir='ltr'><strong>retractari,</strong></span> <span class='ocrx_word' id='word_1_60' title='bbox 2472 1180 2812 1260; x_wconf 80' lang='lat' dir='ltr'><strong>presentes</strong></span> <span class='ocrx_word' id='word_1_61' title='bbox 2863 1174 3080 1241; x_wconf 88' lang='lat' dir='ltr'><strong>eidem</strong></span> 
     </span>
     <span class='ocr_line' id='line_1_10' title="bbox 814 1280 3080 1371; baseline -0 -19"><span class='ocrx_word' id='word_1_62' title='bbox 814 1284 1053 1371; x_wconf 83' lang='lat' dir='ltr'><strong>Egidio</strong></span> <span class='ocrx_word' id='word_1_63' title='bbox 1084 1282 1219 1352; x_wconf 87' lang='lat' dir='ltr'><strong>filio</strong></span> <span class='ocrx_word' id='word_1_64' title='bbox 1251 1284 1475 1368; x_wconf 86' lang='lat' dir='ltr'><strong>Rugas</strong></span> <span class='ocrx_word' id='word_1_65' title='bbox 1527 1281 1971 1349; x_wconf 77' lang='lat' dir='ltr'><strong>concessimus</strong></span> <span class='ocrx_word' id='word_1_66' title='bbox 2004 1280 2209 1367; x_wconf 82' lang='lat' dir='ltr'><strong>sigilli</strong></span> <span class='ocrx_word' id='word_1_67' title='bbox 2242 1281 2447 1348; x_wconf 86' lang='lat' dir='ltr'><strong>nostri</strong></span> <span class='ocrx_word' id='word_1_68' title='bbox 2502 1281 2857 1349; x_wconf 89' lang='lat' dir='ltr'><strong>munimine</strong></span> <span class='ocrx_word' id='word_1_69' title='bbox 2886 1283 3080 1351; x_wconf 91' lang='lat' dir='ltr'><strong>robo-</strong></span> 
     </span>
     <span class='ocr_line' id='line_1_11' title="bbox 814 1388 3081 1478; baseline -0.003 -16"><span class='ocrx_word' id='word_1_70' title='bbox 814 1401 1016 1462; x_wconf 87' lang='lat' dir='ltr'><strong>ratas.</strong></span> <span class='ocrx_word' id='word_1_71' title='bbox 1068 1395 1315 1460; x_wconf 87' lang='lat' dir='ltr'><strong>Datum</strong></span> <span class='ocrx_word' id='word_1_72' title='bbox 1344 1411 1462 1478; x_wconf 85' lang='lat' dir='ltr'><strong>per</strong></span> <span class='ocrx_word' id='word_1_73' title='bbox 1497 1410 1725 1458; x_wconf 89' lang='lat' dir='ltr'><strong>manus</strong></span> <span class='ocrx_word' id='word_1_74' title='bbox 1773 1388 2042 1456; x_wconf 88' lang='lat' dir='ltr'><strong>discreti</strong></span> <span class='ocrx_word' id='word_1_75' title='bbox 2074 1388 2199 1456; x_wconf 84' lang='lat' dir='ltr'><strong>viri</strong></span> <span class='ocrx_word' id='word_1_76' title='bbox 2230 1389 2530 1475; x_wconf 83' lang='lat' dir='ltr'><strong>Magistri</strong></span> <span class='ocrx_word' id='word_1_77' title='bbox 2561 1389 2753 1476; x_wconf 83' lang='lat' dir='ltr'><strong>Syxti</strong></span> <span class='ocrx_word' id='word_1_78' title='bbox 2784 1390 3081 1457; x_wconf 86' lang='lat' dir='ltr'><strong>Lectoris</strong></span> 
     </span>
     <span class='ocr_line' id='line_1_12' title="bbox 814 1497 3080 1570; baseline -0.001 0"><span class='ocrx_word' id='word_1_79' title='bbox 814 1503 1112 1570; x_wconf 87' lang='lat' dir='ltr'><strong>Ecclesie</strong></span> <span class='ocrx_word' id='word_1_80' title='bbox 1159 1507 1380 1570; x_wconf 88' lang='lat' dir='ltr'><strong>nostre</strong></span> <span class='ocrx_word' id='word_1_81' title='bbox 1411 1499 1482 1566; x_wconf 89' lang='lat' dir='ltr'><strong>in</strong></span> <span class='ocrx_word' id='word_1_82' title='bbox 1531 1498 1700 1566; x_wconf 86' lang='lat' dir='ltr'><strong>festo</strong></span> <span class='ocrx_word' id='word_1_83' title='bbox 1752 1498 2099 1566; x_wconf 87' lang='lat' dir='ltr'><strong>Beatorum</strong></span> <span class='ocrx_word' id='word_1_84' title='bbox 2134 1498 2268 1565; x_wconf 88' lang='lat' dir='ltr'><strong>Viti</strong></span> <span class='ocrx_word' id='word_1_85' title='bbox 2299 1504 2366 1565; x_wconf 88' lang='lat' dir='ltr'><strong>et</strong></span> <span class='ocrx_word' id='word_1_86' title='bbox 2403 1497 2686 1566; x_wconf 84' lang='lat' dir='ltr'><strong>Modesti</strong></span> <span class='ocrx_word' id='word_1_87' title='bbox 2740 1499 3080 1568; x_wconf 88' lang='lat' dir='ltr'><strong>martirum</strong></span> 
     </span>
     <span class='ocr_line' id='line_1_13' title="bbox 816 1604 2158 1681; baseline -0.007 -1"><span class='ocrx_word' id='word_1_88' title='bbox 816 1631 989 1681; x_wconf 90' lang='lat' dir='ltr'><strong>anno</strong></span> <span class='ocrx_word' id='word_1_89' title='bbox 1021 1608 1289 1679; x_wconf 88' lang='lat' dir='ltr'><strong>Domini</strong></span> <span class='ocrx_word' id='word_1_90' title='bbox 1320 1606 1671 1676; x_wconf 90' lang='lat' dir='ltr'><strong>millesimo</strong></span> <span class='ocrx_word' id='word_1_91' title='bbox 1703 1604 1837 1673; x_wconf 80' lang='lat'><strong>00⁰</strong></span> <span class='ocrx_word' id='word_1_92' title='bbox 1856 1607 1936 1672; x_wconf 83' lang='lat' dir='ltr'><strong>L⁰</strong></span> <span class='ocrx_word' id='word_1_93' title='bbox 1967 1625 2158 1674; x_wconf 90' lang='lat' dir='ltr'><strong>nono.</strong></span> 
     </span>
    </p>
   </div>
   <div class='ocr_carea' id='block_1_4' title="bbox 1246 1767 2647 1836">
    <p class='ocr_par' dir='ltr' id='par_1_4' title="bbox 1246 1767 2647 1836">
     <span class='ocr_line' id='line_1_14' title="bbox 1246 1767 2647 1836; baseline 0 0"><span class='ocrx_word' id='word_1_94' title='bbox 1246 1769 1305 1836; x_wconf 87' lang='lat' dir='ltr'>A</span> <span class='ocrx_word' id='word_1_95' title='bbox 1705 1768 1760 1834; x_wconf 93' lang='lat' dir='ltr'>B</span> <span class='ocrx_word' id='word_1_96' title='bbox 2149 1767 2200 1835; x_wconf 83' lang='lat' dir='ltr'>O</span> <span class='ocrx_word' id='word_1_97' title='bbox 2586 1771 2647 1836; x_wconf 94' lang='lat' dir='ltr'>D</span> 
     </span>
    </p>
   </div>
   <div class='ocr_carea' id='block_1_5' title="bbox 815 1929 3077 2087">
    <p class='ocr_par' dir='ltr' id='par_1_5' title="bbox 815 1929 3077 2087">
     <span class='ocr_line' id='line_1_15' title="bbox 815 1929 3077 2008; baseline -0.003 -18"><span class='ocrx_word' id='word_1_98' title='bbox 815 1934 1103 2008; x_wconf 72' lang='lat' dir='ltr'><strong>(Ei-edetis</strong></span> <span class='ocrx_word' id='word_1_99' title='bbox 1139 1931 1490 2001; x_wconf 59' lang='lat' dir='ltr'><strong>burhsnyatn,</strong></span> <span class='ocrx_word' id='word_1_100' title='bbox 1535 1948 1569 1984; x_wconf 83' lang='lat' dir='ltr'><strong>a</strong></span> <span class='ocrx_word' id='word_1_101' title='bbox 1594 1934 1772 1985; x_wconf 84' lang='lat' dir='ltr'><strong>barna</strong></span> <span class='ocrx_word' id='word_1_102' title='bbox 1813 1929 2264 1998; x_wconf 77' lang='lat' dir='ltr'><strong>selyemzsinoron</strong></span> <span class='ocrx_word' id='word_1_103' title='bbox 2310 1932 2481 1999; x_wconf 69' lang='lat' dir='ltr'><strong>fflggss</strong></span> <span class='ocrx_word' id='word_1_104' title='bbox 2504 1931 2694 2000; x_wconf 73' lang='lat' dir='ltr'><strong>pccset</strong></span> <span class='ocrx_word' id='word_1_105' title='bbox 2728 1933 3009 1998; x_wconf 75' lang='lat' dir='ltr'><strong>elveszett,</strong></span> <span class='ocrx_word' id='word_1_106' title='bbox 3044 1948 3077 1984; x_wconf 85' lang='lat' dir='ltr'><strong>a</strong></span> 
     </span>
     <span class='ocr_line' id='line_1_16' title="bbox 1466 2020 2434 2087; baseline -0.002 -12"><span class='ocrx_word' id='word_1_107' title='bbox 1466 2023 1632 2076; x_wconf 85' lang='lat' dir='ltr'><strong>budai</strong></span> <span class='ocrx_word' id='word_1_108' title='bbox 1657 2023 1762 2075; x_wconf 84' lang='lat' dir='ltr'><strong>kir.</strong></span> <span class='ocrx_word' id='word_1_109' title='bbox 1784 2024 2028 2074; x_wconf 81' lang='lat' dir='ltr'><strong>kamarai</strong></span> <span class='ocrx_word' id='word_1_110' title='bbox 2057 2020 2434 2087; x_wconf 70' lang='lat' dir='ltr'><strong>leveltarban.)</strong></span> 
     </span>
    </p>
   </div>
   <div class='ocr_carea' id='block_1_6' title="bbox 1697 2300 2209 2318">
    <p class='ocr_par' dir='ltr' id='par_1_6' title="bbox 1697 2300 2209 2318">
     <span class='ocr_line' id='line_1_17' title="bbox 1697 2300 2209 2318; baseline 0 2932"><span class='ocrx_word' id='word_1_111' title='bbox 1697 2300 2209 2318; x_wconf 95' lang='lat' dir='ltr'><strong> </strong></span> 
     </span>
    </p>
   </div>
   <div class='ocr_carea' id='block_1_7' title="bbox 1862 2756 2019 2830">
    <p class='ocr_par' dir='ltr' id='par_1_7' title="bbox 1862 2756 2019 2830">
     <span class='ocr_line' id='line_1_18' title="bbox 1862 2756 2019 2830; baseline -0.006 0"><span class='ocrx_word' id='word_1_112' title='bbox 1862 2756 2019 2830; x_wconf 73' lang='lat'><strong>365.</strong></span> 
     </span>
    </p>
   </div>
   <div class='ocr_carea' id='block_1_8' title="bbox 822 2939 3070 3139">
    <p class='ocr_par' dir='ltr' id='par_1_8' title="bbox 822 2939 3070 3139">
     <span class='ocr_line' id='line_1_19' title="bbox 822 2939 3070 3034; baseline -0 -23"><span class='ocrx_word' id='word_1_113' title='bbox 822 2945 919 3012; x_wconf 79' lang='lat' dir='ltr'><strong>Az</strong></span> <span class='ocrx_word' id='word_1_114' title='bbox 949 2950 1083 3034; x_wconf 70' lang='lat' dir='ltr'><strong>cyri</strong></span> <span class='ocrx_word' id='word_1_115' title='bbox 1127 2941 1556 3031; x_wconf 79' lang='lat' dir='ltr'><strong>kdptalannak</strong></span> <span class='ocrx_word' id='word_1_116' title='bbox 1593 2939 1922 3031; x_wconf 71' lang='lat' dir='ltr'><strong>Olympias</strong></span> <span class='ocrx_word' id='word_1_117' title='bbox 1951 2942 2252 3008; x_wconf 75' lang='lat' dir='ltr'><strong>Babanai</strong></span> <span class='ocrx_word' id='word_1_118' title='bbox 2280 2941 2550 3031; x_wconf 50' lang='grc' dir='ltr'><strong>(ἔω-ρᾶς]</strong></span> <span class='ocrx_word' id='word_1_119' title='bbox 2597 2945 2727 3030; x_wconf 81' lang='lat' dir='ltr'><strong>neje</strong></span> <span class='ocrx_word' id='word_1_120' title='bbox 2776 2947 3070 3034; x_wconf 64' lang='lat' dir='ltr'><strong>vcyintez·</strong></span> 
     </span>
     <span class='ocr_line' id='line_1_20' title="bbox 1267 3051 2626 3139; baseline -0.002 -22"><span class='ocrx_word' id='word_1_121' title='bbox 1267 3053 1507 3119; x_wconf 65' lang='lat' dir='ltr'><strong>kedese&#39;t</strong></span> <span class='ocrx_word' id='word_1_122' title='bbox 1535 3058 1833 3139; x_wconf 66' lang='lat' dir='ltr'><strong>teir-wazo</strong></span> <span class='ocrx_word' id='word_1_123' title='bbox 1864 3051 2396 3138; x_wconf 55' lang='lat' dir='ltr'><strong>bzkonysdqlevele.</strong></span> <span class='ocrx_word' id='word_1_124' title='bbox 2430 3053 2626 3116; x_wconf 86' lang='lat'><em>1259.</em></span> 
     </span>
    </p>
   </div>
   <div class='ocr_carea' id='block_1_9' title="bbox 816 3229 3078 4736">
    <p class='ocr_par' dir='ltr' id='par_1_9' title="bbox 816 3229 3078 4736">
     <span class='ocr_line' id='line_1_21' title="bbox 1039 3229 3073 3317; baseline -0.001 -16"><span class='ocrx_word' id='word_1_125' title='bbox 1039 3231 1358 3301; x_wconf 89' lang='lat' dir='ltr'><strong>Omnibus</strong></span> <span class='ocrx_word' id='word_1_126' title='bbox 1389 3231 1633 3300; x_wconf 86' lang='lat' dir='ltr'><strong>Christi</strong></span> <span class='ocrx_word' id='word_1_127' title='bbox 1662 3231 1969 3299; x_wconf 84' lang='lat' dir='ltr'><strong>fidelibus</strong></span> <span class='ocrx_word' id='word_1_128' title='bbox 1999 3236 2134 3298; x_wconf 86' lang='lat' dir='ltr'><strong>tam</strong></span> <span class='ocrx_word' id='word_1_129' title='bbox 2162 3229 2573 3317; x_wconf 88' lang='lat' dir='ltr'><strong>presentibus</strong></span> <span class='ocrx_word' id='word_1_130' title='bbox 2593 3248 2791 3315; x_wconf 89' lang='lat' dir='ltr'><strong>quam</strong></span> <span class='ocrx_word' id='word_1_131' title='bbox 2824 3230 3073 3317; x_wconf 84' lang='lat' dir='ltr'><strong>futuris,</strong></span> 
     </span>
     <span class='ocr_line' id='line_1_22' title="bbox 822 3337 3074 3429; baseline -0.002 -18"><span class='ocrx_word' id='word_1_132' title='bbox 822 3340 912 3411; x_wconf 88' lang='lat' dir='ltr'><strong>ad</strong></span> <span class='ocrx_word' id='word_1_133' title='bbox 941 3361 1104 3427; x_wconf 90' lang='lat' dir='ltr'><strong>quos</strong></span> <span class='ocrx_word' id='word_1_134' title='bbox 1134 3358 1407 3427; x_wconf 83' lang='lat' dir='ltr'><strong>presens</strong></span> <span class='ocrx_word' id='word_1_135' title='bbox 1456 3340 1771 3427; x_wconf 87' lang='lat' dir='ltr'><strong>scriptum</strong></span> <span class='ocrx_word' id='word_1_136' title='bbox 1819 3341 2211 3429; x_wconf 87' lang='lat' dir='ltr'><strong>peruenerit,</strong></span> <span class='ocrx_word' id='word_1_137' title='bbox 2245 3337 2587 3424; x_wconf 84' lang='lat' dir='ltr'><strong>Agriensis</strong></span> <span class='ocrx_word' id='word_1_138' title='bbox 2625 3338 2925 3407; x_wconf 87' lang='lat' dir='ltr'><strong>Ecclesie</strong></span> <span class='ocrx_word' id='word_1_139' title='bbox 2957 3339 3074 3406; x_wconf 83' lang='lat' dir='ltr'><strong>Ga-</strong></span> 
     </span>
     <span class='ocr_line' id='line_1_23' title="bbox 820 3447 3073 3540; baseline -0.003 -21"><span class='ocrx_word' id='word_1_140' title='bbox 820 3451 1094 3540; x_wconf 89' lang='lat' dir='ltr'><strong>pitulum</strong></span> <span class='ocrx_word' id='word_1_141' title='bbox 1123 3449 1403 3517; x_wconf 88' lang='lat' dir='ltr'><strong>salutem</strong></span> <span class='ocrx_word' id='word_1_142' title='bbox 1433 3447 1499 3515; x_wconf 90' lang='lat' dir='ltr'><strong>in</strong></span> <span class='ocrx_word' id='word_1_143' title='bbox 1533 3469 1631 3535; x_wconf 93' lang='lat' dir='ltr'><strong>eo,</strong></span> <span class='ocrx_word' id='word_1_144' title='bbox 1663 3448 1774 3535; x_wconf 91' lang='lat' dir='ltr'><strong>qui</strong></span> <span class='ocrx_word' id='word_1_145' title='bbox 1803 3470 1921 3537; x_wconf 90' lang='lat' dir='ltr'><strong>pro</strong></span> <span class='ocrx_word' id='word_1_146' title='bbox 1949 3448 2238 3516; x_wconf 86' lang='lat' dir='ltr'><strong>humano</strong></span> <span class='ocrx_word' id='word_1_147' title='bbox 2258 3466 2501 3533; x_wconf 85' lang='lat' dir='ltr'><strong>genere</strong></span> <span class='ocrx_word' id='word_1_148' title='bbox 2532 3447 2744 3515; x_wconf 91' lang='lat' dir='ltr'><strong>uoluit</strong></span> <span class='ocrx_word' id='word_1_149' title='bbox 2762 3447 3073 3534; x_wconf 81' lang='lat' dir='ltr'><strong>crucifigi.</strong></span> 
     </span>
     <span class='ocr_line' id='line_1_24' title="bbox 821 3553 3075 3643; baseline -0.002 -16"><span class='ocrx_word' id='word_1_150' title='bbox 821 3559 929 3627; x_wconf 90' lang='lat' dir='ltr'><strong>Ad</strong></span> <span class='ocrx_word' id='word_1_151' title='bbox 958 3556 1402 3626; x_wconf 79' lang='lat' dir='ltr'><strong>vniuersitatis</strong></span> <span class='ocrx_word' id='word_1_152' title='bbox 1450 3563 1669 3625; x_wconf 88' lang='lat' dir='ltr'><strong>uestre</strong></span> <span class='ocrx_word' id='word_1_153' title='bbox 1702 3557 2012 3625; x_wconf 88' lang='lat' dir='ltr'><strong>noticiam</strong></span> <span class='ocrx_word' id='word_1_154' title='bbox 2062 3563 2288 3624; x_wconf 89' lang='lat' dir='ltr'><strong>tenore</strong></span> <span class='ocrx_word' id='word_1_155' title='bbox 2318 3554 2730 3643; x_wconf 88' lang='lat' dir='ltr'><strong>presencium</strong></span> <span class='ocrx_word' id='word_1_156' title='bbox 2779 3553 3075 3622; x_wconf 85' lang='lat' dir='ltr'><strong>uolumus</strong></span> 
     </span>
     <span class='ocr_line' id='line_1_25' title="bbox 820 3662 3075 3755; baseline -0.002 -21"><span class='ocrx_word' id='word_1_157' title='bbox 820 3667 1185 3755; x_wconf 90' lang='lat' dir='ltr'><strong>peruenire,</strong></span> <span class='ocrx_word' id='word_1_158' title='bbox 1217 3666 1390 3750; x_wconf 89' lang='lat' dir='ltr'><strong>quod</strong></span> <span class='ocrx_word' id='word_1_159' title='bbox 1422 3684 1564 3732; x_wconf 89' lang='lat' dir='ltr'><strong>cum</strong></span> <span class='ocrx_word' id='word_1_160' title='bbox 1601 3663 1870 3734; x_wconf 88' lang='lat' dir='ltr'><strong>domina</strong></span> <span class='ocrx_word' id='word_1_161' title='bbox 1886 3665 2253 3752; x_wconf 85' lang='lat' dir='ltr'><strong>Olympias,</strong></span> <span class='ocrx_word' id='word_1_162' title='bbox 2285 3663 2424 3731; x_wconf 85' lang='lat' dir='ltr'><strong>filia</strong></span> <span class='ocrx_word' id='word_1_163' title='bbox 2453 3664 2753 3730; x_wconf 84' lang='lat' dir='ltr'><strong>Marceus</strong></span> <span class='ocrx_word' id='word_1_164' title='bbox 2794 3662 2879 3730; x_wconf 90' lang='lat' dir='ltr'><strong>de</strong></span> <span class='ocrx_word' id='word_1_165' title='bbox 2909 3664 3075 3749; x_wconf 85' lang='lat' dir='ltr'><strong>Puk,</strong></span> 
     </span>
     <span class='ocr_line' id='line_1_26' title="bbox 821 3770 3077 3860; baseline -0.002 -16"><span class='ocrx_word' id='word_1_166' title='bbox 821 3796 987 3844; x_wconf 84' lang='lat' dir='ltr'><strong>uxor</strong></span> <span class='ocrx_word' id='word_1_167' title='bbox 1036 3774 1338 3859; x_wconf 80' lang='lat' dir='ltr'><strong>Gregorij</strong></span> <span class='ocrx_word' id='word_1_168' title='bbox 1373 3773 1455 3841; x_wconf 91' lang='lat' dir='ltr'><strong>de</strong></span> <span class='ocrx_word' id='word_1_169' title='bbox 1488 3774 1765 3841; x_wconf 89' lang='lat' dir='ltr'><strong>Babana</strong></span> <span class='ocrx_word' id='word_1_170' title='bbox 1813 3774 2004 3860; x_wconf 84' lang='lat' dir='ltr'><strong>graui</strong></span> <span class='ocrx_word' id='word_1_171' title='bbox 2055 3772 2428 3857; x_wconf 85' lang='lat' dir='ltr'><strong>egritudine</strong></span> <span class='ocrx_word' id='word_1_172' title='bbox 2475 3770 2829 3858; x_wconf 85' lang='lat' dir='ltr'><strong>laboraret,</strong></span> <span class='ocrx_word' id='word_1_173' title='bbox 2880 3772 3077 3840; x_wconf 84' lang='lat' dir='ltr'><strong>misso</strong></span> 
     </span>
     <span class='ocr_line' id='line_1_27' title="bbox 822 3878 3078 3969; baseline -0.002 -18"><span class='ocrx_word' id='word_1_174' title='bbox 822 3883 908 3951; x_wconf 87' lang='lat' dir='ltr'><strong>ad</strong></span> <span class='ocrx_word' id='word_1_175' title='bbox 940 3902 1060 3950; x_wconf 89' lang='lat' dir='ltr'><strong>nos</strong></span> <span class='ocrx_word' id='word_1_176' title='bbox 1090 3882 1328 3948; x_wconf 89' lang='lat' dir='ltr'><strong>nuncio</strong></span> <span class='ocrx_word' id='word_1_177' title='bbox 1379 3901 1496 3950; x_wconf 89' lang='lat' dir='ltr'><strong>suo</strong></span> <span class='ocrx_word' id='word_1_178' title='bbox 1537 3878 1727 3950; x_wconf 86' lang='lat' dir='ltr'><strong>nobis</strong></span> <span class='ocrx_word' id='word_1_179' title='bbox 1778 3880 2151 3969; x_wconf 88' lang='lat' dir='ltr'><strong>suplicauit,</strong></span> <span class='ocrx_word' id='word_1_180' title='bbox 2201 3879 2376 3966; x_wconf 89' lang='lat' dir='ltr'><strong>quod</strong></span> <span class='ocrx_word' id='word_1_181' title='bbox 2412 3879 2739 3948; x_wconf 89' lang='lat' dir='ltr'><strong>hominem</strong></span> <span class='ocrx_word' id='word_1_182' title='bbox 2787 3886 3078 3948; x_wconf 89' lang='lat' dir='ltr'><strong>nostrum</strong></span> 
     </span>
     <span class='ocr_line' id='line_1_28' title="bbox 819 3986 3078 4078; baseline -0.002 -18"><span class='ocrx_word' id='word_1_183' title='bbox 819 3991 1080 4060; x_wconf 85' lang='lat' dir='ltr'><strong>fidelem</strong></span> <span class='ocrx_word' id='word_1_184' title='bbox 1112 3986 1201 4055; x_wconf 91' lang='lat' dir='ltr'><strong>ad</strong></span> <span class='ocrx_word' id='word_1_185' title='bbox 1244 3990 1460 4077; x_wconf 89' lang='lat' dir='ltr'><strong>ipsam</strong></span> <span class='ocrx_word' id='word_1_186' title='bbox 1492 3988 1916 4078; x_wconf 88' lang='lat' dir='ltr'><strong>mitteremus,</strong></span> <span class='ocrx_word' id='word_1_187' title='bbox 1971 4010 2190 4058; x_wconf 87' lang='lat' dir='ltr'><strong>coram</strong></span> <span class='ocrx_word' id='word_1_188' title='bbox 2222 4009 2351 4076; x_wconf 91' lang='lat' dir='ltr'><strong>quo</strong></span> <span class='ocrx_word' id='word_1_189' title='bbox 2381 3989 2690 4059; x_wconf 86' lang='lat' dir='ltr'><strong>conderet</strong></span> <span class='ocrx_word' id='word_1_190' title='bbox 2736 3995 3078 4058; x_wconf 88' lang='lat' dir='ltr'><strong>testamen-</strong></span> 
     </span>
     <span class='ocr_line' id='line_1_29' title="bbox 816 4096 3075 4187; baseline -0.002 -19"><span class='ocrx_word' id='word_1_191' title='bbox 816 4106 975 4168; x_wconf 91' lang='lat' dir='ltr'><strong>tum.</strong></span> <span class='ocrx_word' id='word_1_192' title='bbox 1038 4099 1123 4165; x_wconf 88' lang='lat' dir='ltr'><strong>Et</strong></span> <span class='ocrx_word' id='word_1_193' title='bbox 1169 4116 1291 4165; x_wconf 89' lang='lat' dir='ltr'><strong>nos</strong></span> <span class='ocrx_word' id='word_1_194' title='bbox 1340 4096 1535 4165; x_wconf 89' lang='lat' dir='ltr'><strong>iustis</strong></span> <span class='ocrx_word' id='word_1_195' title='bbox 1583 4098 1889 4185; x_wconf 88' lang='lat' dir='ltr'><strong>precibus</strong></span> <span class='ocrx_word' id='word_1_196' title='bbox 1935 4098 2146 4187; x_wconf 89' lang='lat' dir='ltr'><strong>ipsius</strong></span> <span class='ocrx_word' id='word_1_197' title='bbox 2198 4105 2579 4184; x_wconf 88' lang='lat' dir='ltr'><strong>annuentes,</strong></span> <span class='ocrx_word' id='word_1_198' title='bbox 2642 4097 2941 4166; x_wconf 89' lang='lat' dir='ltr'><strong>misimus</strong></span> <span class='ocrx_word' id='word_1_199' title='bbox 2992 4098 3075 4167; x_wconf 86' lang='lat' dir='ltr'><strong>ad</strong></span> 
     </span>
     <span class='ocr_line' id='line_1_30' title="bbox 818 4204 3073 4296; baseline 0.001 -21"><span class='ocrx_word' id='word_1_200' title='bbox 818 4204 1035 4296; x_wconf 90' lang='lat' dir='ltr'><strong>ipsam</strong></span> <span class='ocrx_word' id='word_1_201' title='bbox 1052 4206 1350 4275; x_wconf 87' lang='lat' dir='ltr'><strong>homines</strong></span> <span class='ocrx_word' id='word_1_202' title='bbox 1371 4214 1630 4276; x_wconf 87' lang='lat' dir='ltr'><strong>nostros</strong></span> <span class='ocrx_word' id='word_1_203' title='bbox 1651 4207 2037 4294; x_wconf 85' lang='lat' dir='ltr'><strong>fidedignos,</strong></span> <span class='ocrx_word' id='word_1_204' title='bbox 2079 4208 2193 4293; x_wconf 86' lang='lat' dir='ltr'><strong>qui</strong></span> <span class='ocrx_word' id='word_1_205' title='bbox 2223 4207 2474 4277; x_wconf 88' lang='lat' dir='ltr'><strong>reuersi</strong></span> <span class='ocrx_word' id='word_1_206' title='bbox 2490 4206 2681 4278; x_wconf 89' lang='lat' dir='ltr'><strong>nobis</strong></span> <span class='ocrx_word' id='word_1_207' title='bbox 2700 4208 3073 4293; x_wconf 84' lang='lat' dir='ltr'><strong>retulerunt,</strong></span> 
     </span>
     <span class='ocr_line' id='line_1_31' title="bbox 818 4314 3074 4404; baseline 0.001 -21"><span class='ocrx_word' id='word_1_208' title='bbox 818 4316 991 4400; x_wconf 89' lang='lat' dir='ltr'><strong>quod</strong></span> <span class='ocrx_word' id='word_1_209' title='bbox 1043 4334 1262 4383; x_wconf 91' lang='lat' dir='ltr'><strong>coram</strong></span> <span class='ocrx_word' id='word_1_210' title='bbox 1310 4314 1496 4402; x_wconf 90' lang='lat' dir='ltr'><strong>ipsis,</strong></span> <span class='ocrx_word' id='word_1_211' title='bbox 1550 4323 1614 4384; x_wconf 85' lang='lat' dir='ltr'><strong>et</strong></span> <span class='ocrx_word' id='word_1_212' title='bbox 1663 4317 1818 4385; x_wconf 85' lang='lat' dir='ltr'><strong>aliis</strong></span> <span class='ocrx_word' id='word_1_213' title='bbox 1866 4317 2028 4385; x_wconf 89' lang='lat' dir='ltr'><strong>uiris</strong></span> <span class='ocrx_word' id='word_1_214' title='bbox 2066 4315 2363 4404; x_wconf 89' lang='lat' dir='ltr'><strong>prouidis</strong></span> <span class='ocrx_word' id='word_1_215' title='bbox 2417 4322 2482 4385; x_wconf 86' lang='lat' dir='ltr'><strong>et</strong></span> <span class='ocrx_word' id='word_1_216' title='bbox 2531 4316 2827 4385; x_wconf 88' lang='lat' dir='ltr'><strong>honestis</strong></span> <span class='ocrx_word' id='word_1_217' title='bbox 2879 4337 3074 4404; x_wconf 84' lang='lat' dir='ltr'><strong>quam</strong></span> 
     </span>
     <span class='ocr_line' id='line_1_32' title="bbox 816 4421 3074 4514; baseline -0 -23"><span class='ocrx_word' id='word_1_218' title='bbox 816 4422 1133 4514; x_wconf 89' lang='lat' dir='ltr'><strong>pluribus,</strong></span> <span class='ocrx_word' id='word_1_219' title='bbox 1168 4422 1251 4487; x_wconf 93' lang='lat' dir='ltr'><strong>ob</strong></span> <span class='ocrx_word' id='word_1_220' title='bbox 1285 4421 1713 4492; x_wconf 90' lang='lat' dir='ltr'><strong>dileccionem</strong></span> <span class='ocrx_word' id='word_1_221' title='bbox 1744 4424 1961 4491; x_wconf 88' lang='lat' dir='ltr'><strong>mariti</strong></span> <span class='ocrx_word' id='word_1_222' title='bbox 1994 4423 2098 4492; x_wconf 88' lang='lat' dir='ltr'><strong>sui</strong></span> <span class='ocrx_word' id='word_1_223' title='bbox 2130 4424 2350 4494; x_wconf 90' lang='lat' dir='ltr'><strong>dotem</strong></span> <span class='ocrx_word' id='word_1_224' title='bbox 2397 4443 2584 4493; x_wconf 91' lang='lat' dir='ltr'><strong>suam</strong></span> <span class='ocrx_word' id='word_1_225' title='bbox 2617 4431 2684 4492; x_wconf 92' lang='lat' dir='ltr'><strong>et</strong></span> <span class='ocrx_word' id='word_1_226' title='bbox 2712 4443 2819 4492; x_wconf 89' lang='lat' dir='ltr'><strong>res</strong></span> <span class='ocrx_word' id='word_1_227' title='bbox 2856 4443 3074 4493; x_wconf 87' lang='lat' dir='ltr'><strong>secum</strong></span> 
     </span>
     <span class='ocr_line' id='line_1_33' title="bbox 816 4532 3077 4624; baseline 0.002 -23"><span class='ocrx_word' id='word_1_228' title='bbox 816 4535 885 4603; x_wconf 92' lang='lat' dir='ltr'><strong>in</strong></span> <span class='ocrx_word' id='word_1_229' title='bbox 935 4532 1349 4601; x_wconf 89' lang='lat' dir='ltr'><strong>matrimonio</strong></span> <span class='ocrx_word' id='word_1_230' title='bbox 1398 4536 1735 4604; x_wconf 88' lang='lat' dir='ltr'><strong>traductas</strong></span> <span class='ocrx_word' id='word_1_231' title='bbox 1787 4537 2020 4605; x_wconf 89' lang='lat' dir='ltr'><strong>marito</strong></span> <span class='ocrx_word' id='word_1_232' title='bbox 2052 4558 2171 4606; x_wconf 90' lang='lat' dir='ltr'><strong>suo</strong></span> <span class='ocrx_word' id='word_1_233' title='bbox 2222 4539 2483 4607; x_wconf 90' lang='lat' dir='ltr'><strong>omnino</strong></span> <span class='ocrx_word' id='word_1_234' title='bbox 2533 4537 2933 4624; x_wconf 88' lang='lat' dir='ltr'><strong>remisisset;</strong></span> <span class='ocrx_word' id='word_1_235' title='bbox 2985 4536 3077 4605; x_wconf 88' lang='lat' dir='ltr'><strong>ita</strong></span> 
     </span>
     <span class='ocr_line' id='line_1_34' title="bbox 816 4640 3073 4736; baseline 0.003 -27"><span class='ocrx_word' id='word_1_236' title='bbox 816 4640 994 4728; x_wconf 85' lang='lat' dir='ltr'><strong>quod</strong></span> <span class='ocrx_word' id='word_1_237' title='bbox 1024 4641 1289 4710; x_wconf 90' lang='lat' dir='ltr'><strong>racione</strong></span> <span class='ocrx_word' id='word_1_238' title='bbox 1318 4642 1490 4713; x_wconf 87' lang='lat' dir='ltr'><strong>dotis</strong></span> <span class='ocrx_word' id='word_1_239' title='bbox 1522 4665 1638 4713; x_wconf 91' lang='lat' dir='ltr'><strong>sue</strong></span> <span class='ocrx_word' id='word_1_240' title='bbox 1671 4655 1737 4716; x_wconf 89' lang='lat' dir='ltr'><strong>et</strong></span> <span class='ocrx_word' id='word_1_241' title='bbox 1765 4667 1985 4716; x_wconf 88' lang='lat' dir='ltr'><strong>rerum</strong></span> <span class='ocrx_word' id='word_1_242' title='bbox 2006 4666 2268 4716; x_wconf 88' lang='lat' dir='ltr'><strong>suarum</strong></span> <span class='ocrx_word' id='word_1_243' title='bbox 2301 4646 2739 4736; x_wconf 82' lang='lat' dir='ltr'><strong>predictarum</strong></span> <span class='ocrx_word' id='word_1_244' title='bbox 2770 4647 3073 4716; x_wconf 85' lang='lat' dir='ltr'><strong>maritum</strong></span> 
     </span>
    </p>
   </div>
  </div>
 </body>
</html>
