3359 5250
1343 346 1469 413 271

265 539 738 627 possidendum
776 576 2052 593 ———————————
2096 544 2287 613 nobis
2335 545 2531 613 firmi·

262 656 361 713 ter
390 645 700 716 ordinata
748 646 815 714 in
846 648 1077 734 elapsu
1107 652 1470 734 temporum
1521 652 1658 714 tam
1693 667 1817 734 pur
1848 647 2134 737 eosdem,
2186 673 2383 738 quam
2413 673 2532 741 per

261 751 701 837 heredumque
730 772 1144 821 successores
1162 803 1182 839 ,
1215 760 1440 840 posset
1464 751 1534 819 iu
1571 751 1859 821 deterius
1891 757 2272 843 rebructari,
2305 757 2413 825 litt
2444 795 2531 807 -

265 895 827 910 ——————
858 858 1215 927 munimine
1264 859 1567 927 duximus
1607 860 2091 948 imperpetuum
2130 865 2532 934 communiri.

266 967 507 1033 Datum
561 966 648 1032 ab
698 966 1166 1035 Incarnacione
1197 965 1464 1034 Domini
1513 968 1606 1033 Μ’
1627 965 2150 1056 00⁰XL⁰v111‚⁰,
2185 971 2250 1039 in
2301 959 2536 1041 octava

266 1073 650 1142 Nativitatis
680 1074 887 1142 Beate
918 1073 1211 1161 Virginis
1240 1110 2041 1128 ———————

383 1272 410 1355 ⁴,
430 1286 532 1351 (ΔΖ
559 1287 768 1340 eredeti
794 1285 930 1340 ntan
955 1285 1099 1341 Rath
1119 1286 1324 1356 Karoly
1350 1290 1528 1343 Huzai
1556 1289 1902 1360 Okmanytar
1922 1294 2020 1347 IV.
2046 1296 2157 1346 hot.
2185 1243 2362 1363 32-1.)

1136 1628 1650 1642 *nn——

1308 2196 1463 2264 190.

266 2396 359 2461 ΑΖ
413 2398 783 2483 eszterqami
828 2395 1256 2482 kdptalannak
1302 2396 1815 2483 bizonysdylevele
1832 2446 1854 2479 ,
1915 2398 2082 2485 '1099
2138 2399 2524 2465 Ondurnuch

263 2504 438 2570 Peter
486 2503 795 2569 conwsnek
844 2507 1101 2589 iizveqye
1149 2503 1441 2567 haberem
1489 2509 1668 2569 neieve
1718 2505 1784 2569 ki
1830 2506 1956 2571 volt
2002 2506 2269 2592 ele'qz'tve.
2324 2506 2518 2572 1248.

793 2703 852 2766 A
1177 2700 1232 2765 Β
1559 2699 1609 2765 C
1933 2702 1995 2767 D

469 2897 590 2965 Ph.
624 2895 1006 2983 Prepositus
1037 2903 1103 2963 et
1136 2892 1514 2981 Capitulum
1558 2894 2028 2981 Strigouiensis
2058 2899 2353 2966 Ecclesie
2383 2920 2517 2966 om-

259 3005 446 3075 nibus
478 3010 819 3092 presentes
866 3004 1124 3071 litteras
1156 3002 1550 3089 inspecturis
1602 3002 1886 3070 salutem
1934 3003 2004 3071 iu
2033 3005 2315 3096 Domino
2352 3006 2516 3074 Jesu

256 3113 540 3182 Christo.
594 3109 853 3179 Noticie
886 3112 1174 3179 omnium
1206 3117 1432 3177 tenore
1481 3110 1894 3196 presencium
1941 3109 2245 3179 duximus
2277 3111 2516 3196 signifi·

254 3220 555 3303 candum,
606 3217 781 3302 quod
813 3218 1080 3285 domina
1111 3214 1514 3286 Ondurnuch
1548 3215 1818 3286 Comitis
1852 3216 1933 3283 de
1966 3236 2204 3302 genere
2237 3218 2514 3307 Quplan‚

253 3328 482 3395 relicta
512 3325 696 3392 Petri
721 3324 991 3393 Comitis
1022 3325 1141 3411 filij
1162 3325 1406 3408 Fuurh‚
1440 3326 1510 3391 in
1540 3331 1768 3392 nostra
1798 3323 2154 3393 constituta
2170 3328 2515 3412 presencia

250 3434 598 3522 proposuit
627 3442 693 3501 et
724 3433 1030 3502 confessa
1058 3441 1176 3518 est,
1233 3432 1408 3520 quod
1439 3453 1483 3499 a
1513 3433 1647 3502 filio
1679 3452 1800 3499 suo
1834 3433 2101 3500 Andrea
2151 3453 2371 3503 coram
2403 3456 2511 3504 uo-

251 3544 350 3611 bis
381 3551 539 3609 tunc
569 3550 889 3626 presente,
912 3530 1115 3626 vquem
1148 3539 1232 3608 de
1263 3540 1491 3611 eodem
1511 3542 1705 3608 Petro
1739 3539 1989 3607 Comite
2015 3551 2354 3628 genuerat,
2388 3564 2511 3629 pro

250 3650 400 3716 dote
430 3667 558 3715 sua
584 3649 830 3735 recepit
862 3647 1205 3715 duodecim
1257 3667 1511 3714 marcas
1544 3649 1824 3734 argentj,
1877 3656 1940 3714 et
1972 3648 2301 3716 residuum
2335 3649 2512 3717 debi-

249 3757 322 3841 tj,
373 3754 444 3821 in
465 3774 594 3838 quo
627 3753 983 3822 secundum
1019 3753 1231 3839 Regni
1264 3752 1799 3822 consuetudinem
1828 3775 1944 3840 pro
1966 3754 2118 3822 dote
2155 3776 2278 3824 sua
2298 3755 2511 3822 eidem

251 3863 616 3947 tenebatur,
669 3862 1034 3930 liberaliter
1082 3869 1286 3930 totum
1325 3862 1600 3929 remisit.
1651 3863 1755 3928 Ita
1785 3869 2023 3948 tamen,
2076 3864 2251 3947 quod
2301 3884 2512 3948 neque

246 3970 426 4038 dicta
476 3969 761 4055 domina,
814 3990 936 4037 nec
967 3970 1210 4055 aliquis
1261 3970 1343 4036 de
1372 3968 1878 4053 consanguineis
1927 3968 2218 4037 eiusdem
2267 3968 2513 4037 dictum

243 4079 580 4146 Andream
611 4100 732 4165 pro
767 4078 918 4145 dote
950 4079 1331 4165 supradicta
1362 4079 1585 4145 valeat
1607 4078 2009 4162 inposterum
2031 4079 2397 4145 molestare.
2432 4079 2517 4146 Et

243 4189 368 4253 hoc
400 4207 521 4274 pro
552 4185 726 4254 bono
758 4187 942 4271 pacis
972 4192 1039 4252 et
1070 4206 1294 4254 amore
1325 4186 1465 4270 filij,
1501 4193 1572 4252 ut
1601 4186 1755 4270 ipsa
1784 4204 1931 4251 cum
1969 4185 2199 4252 eodem
2219 4184 2515 4272 predicto

239 4295 397 4380 filio,
450 4301 517 4363 et
547 4293 719 4362 filius
769 4315 916 4363 cum
966 4293 1197 4362 eadem
1247 4293 1521 4381 pacifice
1571 4298 1636 4360 et
1683 4291 1824 4359 siue
1874 4291 2099 4376 aliqua
2154 4293 2517 4362 offensione

241 4410 473 4487 posset
523 4401 933 4471 commorari.
995 4402 1136 4469 Nos
1184 4401 1386 4486 igitur
1433 4400 1521 4468 ad
1568 4398 1962 4466 instanciam
2010 4406 2078 4465 et
2124 4399 2513 4485 peticionem

241 4508 540 4578 ciusdem
571 4508 856 4596 domine,
906 4509 1041 4578 filio
1072 4529 1192 4578 suo
1241 4507 1618 4595 supradicto
1653 4507 1914 4574 Andree
1943 4505 2200 4574 litteras
2248 4514 2513 4576 nostras

234 4618 721 4686 testimoniales
773 4618 1212 4686 concessimus
1262 4615 1466 4702 sigilli
1496 4614 1704 4683 nostri
1752 4613 2103 4681 munimine
2134 4614 2505 4685 roboratas.
