3359 5250
1509 360 1591 425 21

397 563 543 622 tam
571 575 778 640 usque
810 553 899 622 ad
934 561 1134 642 caput
1180 554 1367 622 fluuii
1398 553 1613 623 Obris.
1665 557 1751 623 Et
1782 562 1853 623 ut
1888 563 2105 624 ratum
2154 557 2279 627 hoc
2308 564 2375 626 et
2422 558 2679 627 firmum

398 669 794 750 permaneat
822 661 1079 730 litteras
1119 667 1381 731 nostras
1413 663 1808 733 contulimus
1855 684 2051 753 super
2080 666 2206 732 hoe
2238 664 2446 752 sigilli
2475 668 2683 734 nostri

400 773 769 840 munimine
799 772 1164 841 roboratas.
1198 770 1501 841 Secundo
1520 773 1857 860 Stephano
1877 773 2211 861 Episcopo
2244 774 2683 861 Zagrabiensi

403 879 754 965 existente,
787 879 938 946 Fila
957 878 1322 968 Preposito,
1345 880 1719 967 Pangracio
1743 879 2044 967 Cantore,
2065 880 2365 950 Johanne
2384 881 2677 969 Lectore,

402 986 735 1074 Gregorio
767 985 1078 1071 Custode,
1111 989 1308 1054 Petro
1340 990 1633 1073 Decano‚
1667 995 1734 1056 et
1764 988 1919 1076 alijs
1951 989 2195 1057 multis.
2230 990 2420 1058 Anno
2451 990 2674 1076 gracie

400 1097 501 1162 M‘*
521 1093 651 1164 00⁰
666 1095 890 1163 XXX⁰
911 1095 1047 1162 VI0.

401 1292 686 1356 (Eredetie
712 1289 1060 1359 bdrhartyan,
1087 1309 1122 1346 a
1144 1291 1330 1360 pecset
1354 1289 1474 1344 mir
1499 1293 1776 1358 elveszett,
1803 1308 1839 1345 a
1861 1294 2066 1347 fdmelt.
2086 1294 2317 1363 herczeg
2342 1293 2675 1363 Esztorhazy

1232 1379 1420 1435 csalad
1439 1379 1862 1445 leveltaraban.)

1284 1680 1818 1690 ——u—

1481 2130 1589 2197 12.

402 2313 645 2381 Robert
663 2312 1028 2399 mter-qamt·
1045 2310 1218 2377 &rask
1237 2313 1300 2376 6⁸
1329 2310 1644 2376 maedan
1663 2310 2018 2378 ὂί-νόιάνεαί
2033 2335 2113 2376 az
2133 2309 2227 2377 As
2256 2317 2418 2380 nevit
2426 2312 2668 2400 flilddn

406 2447 451 2487 a
484 2420 732 2509 kirdlyi
764 2420 1050 2486 lovdezok
1079 2418 1244 2485 altat
1279 2416 1624 2503 foldllitott
1661 2417 2074 2509 hatdrjoleket
2125 2422 2536 2506 lerontatvdn,
2571 2435 2674 2489 azt

755 2552 835 2592 az
865 2527 1234 2615 enter-qamt·
1262 2524 1629 2614 ethdznak
1659 2525 2091 2613 visszaadjdk.
2125 2529 2321 2594 1236.

627 2725 951 2793 Robertus
982 2722 1110 2790 Dei
1161 2722 1389 2807 gracia
1435 2722 1908 2807 strigoniensis
1946 2723 2515 2812 Archiepiscopus,
2566 2726 2674 2793 Se-

406 2835 529 2900 bes
562 2830 797 2899 Comes
846 2830 1220 2913 Nitriensis‚
1267 2829 1566 2897 Andreas
1617 2830 1910 2918 Rnphus‚
1960 2833 2348 2918 Zobozlaus,
2400 2834 2670 2919 Micche,

408 2941 666 3025 Zochyt
695 2938 1001 3022 Comites,
1055 2946 1120 3006 et
1150 2935 1266 3024 alij
1301 2937 1673 3007 coniudices
1706 2937 2097 3027 eorumdem,
2141 2959 2184 3006 a
2215 2941 2477 3011 domino
2509 2942 2674 3011 Bela

404 3047 653 3116 illustri
680 3049 864 3133 Rege
894 3045 1234 3132 Hungarie
1264 3044 1351 3111 ad
1384 3046 1790 3114 revocandas
1827 3048 2299 3134 perpetuitates
2328 3049 2397 3115 in
2432 3048 2672 3133 Strigo-

409 3155 627 3225 niensi
643 3153 947 3222 Diocessi
969 3151 1323 3236 constituti,
1356 3152 1680 3220 vniversis
1704 3151 1943 3220 Christi
1974 3152 2297 3237 fidelibus,
2330 3165 2673 3240 presentes

413 3264 678 3332 litteras
709 3260 1119 3349 inspecturis,
1146 3260 1426 3327 salutem
1455 3259 1522 3327 in
1542 3260 1824 3329 Domino
1857 3260 2016 3328 Jesu
2040 3260 2317 3329 Christo.
2349 3261 2673 3330 Vniversi-

406 3373 532 3457 tatj
561 3378 783 3439 vestre
812 3376 1037 3437 tenore
1068 3368 1479 3456 presencium
1511 3369 1813 3435 volumus
1844 3368 1985 3453 fierj
2019 3365 2456 3453 manifestum,
2496 3370 2672 3455 quod

408 3480 647 3546 fratres
682 3476 1152 3564 strigoniensis
1182 3474 1469 3563 Capituli
1520 3475 1606 3541 ad
1636 3482 1929 3543 nostram
1976 3474 2363 3544 accedentes
2415 3496 2671 3563 presen-

412 3588 602 3670 ciam,
657 3583 995 3669 conqnesti
1046 3590 1201 3651 sunt
1248 3582 1438 3651 nobis
1470 3580 1554 3649 de
1603 3582 2006 3667 agasonibus
2059 3582 2304 3649 domini
2353 3585 2553 3669 Regis
2586 3584 2669 3651 de

408 3694 573 3762 uilla
600 3696 846 3778 Louaz,
880 3690 1192 3774 dicentes,
1244 3690 1421 3776 quod
1450 3691 1649 3758 iidem
1700 3710 2028 3776 agasones
2081 3692 2428 3760 destructis
2478 3694 2670 3760 metis

412 3802 718 3889 antiquis,
748 3808 990 3868 terram
1023 3799 1109 3866 ad
1138 3805 1414 3886 quatuor
1448 3804 1671 3865 aratra
1704 3798 1784 3865 de
1813 3806 1990 3867 terra
2025 3799 2156 3866 Ass
2187 3798 2481 3866 Ecclesie
2512 3797 2670 3866 Stri-

412 3910 767 3998 goniensiS,
822 3912 1048 3974 contra
1077 3908 1289 3974 Deum
1341 3913 1409 3975 et
1437 3906 1754 3975 iustitiam
1805 3906 2229 3974 abstulerunt.
2280 3906 2420 3976 Nos
2467 3907 2668 3991 igitur

411 4022 599 4087 iuxta
628 4019 1013 4085 mandatum
1044 4014 1291 4083 domini
1311 4016 1511 4102 Regis
1542 4016 1734 4084 nobis
1762 4016 2137 4100 iniunctum,
2172 4017 2342 4083 sicut
2373 4015 2667 4098 decebat,

414 4151 457 4195 a
487 4126 729 4196 nostris
780 4124 1227 4194 coniudicibus
1282 4132 1346 4191 et
1377 4144 1420 4191 a
1447 4123 1680 4192 vicinis
1713 4130 1780 4191 et
1811 4123 2229 4193 conterminis
2278 4122 2452 4190 dicte
2499 4130 2670 4191 terre

409 4253 610 4323 super
638 4234 768 4303 hoc
816 4232 1133 4320 inquisita
1182 4231 1576 4317 diligencius
1607 4231 1922 4317 veritate3
1966 4231 2120 4317 quia
2159 4230 2448 4300 constitit
2478 4231 2668 4297 nobis

407 4364 532 4433 per
561 4342 826 4410 eosdem
871 4339 1243 4407 coniudices
1276 4347 1534 4409 nostros
1586 4346 1651 4408 et
1683 4340 1932 4409 vicinos
1966 4346 2031 4407 et
2064 4338 2496 4406 conterminos
2527 4358 2667 4426 pre·

411 4452 586 4520 dicte
615 4460 808 4535 terre,
857 4450 1072 4537 ipsam
1102 4455 1346 4517 terram
1393 4469 1539 4517 esse
1573 4458 1638 4517 et
1666 4448 1869 4517 fuisse
1916 4455 2161 4516 terram
2195 4447 2670 4534 Strigoniensis

409 4558 711 4628 Ecclesie
742 4561 829 4626 ab
860 4558 1165 4644 antiqu03
1219 4579 1339 4646 per
1369 4556 1815 4626 Alexandrum
1848 4547 2183 4641 Comitem,
2216 4576 2414 4623 unum
2447 4576 2530 4622 ex
2560 4576 2670 4623 no·

412 4669 541 4753 bis,
588 4675 801 4737 metas
848 4688 1076 4754 nouas,
1132 4687 1297 4751 quas
1329 4686 1655 4751 agasones
1706 4664 2020 4732 antedicti
2073 4671 2298 4732 contra
2346 4664 2671 4732 iusticiam
