3359 5250
1397 382 1532 450 159

328 579 646 670 presenti,
698 598 895 663 quam
943 597 1069 663 que
1117 578 1205 645 ab
1252 578 1396 665 ipso
1447 576 1851 664 suscepimus
1883 575 2229 645 indecidue
2256 579 2591 649 fidelitatis

325 686 410 757 ac
441 686 875 756 eminencium
905 684 1324 754 seruiciorum
1354 703 1623 752 munera
1652 683 2084 770 frequentata,
2116 687 2186 753 in
2214 693 2593 775 perpetuum

331 795 748 881 contulimus,
779 794 977 880 pleno
1007 794 1146 862 iure
1177 795 1303 862 sub
1322 792 1571 861 eisdem
1592 793 1802 880 metis,
1823 800 1890 878 et
1918 794 2235 882 terminis,
2268 802 2334 863 et
2355 796 2590 885 signis,

325 905 573 988 quibus
606 903 818 971 dictus
850 901 1168 969 Puchuna
1197 922 1313 969 eas
1343 902 1633 970 noscitur
1661 903 1970 969 tenuisse.
2017 903 2121 970 Ne
2151 902 2353 988 igitur
2384 905 2455 972 in
2482 926 2592 992 po·

326 1019 577 1081 sterum
610 1012 856 1081 dictum
894 1012 1283 1079 Michaelem
1318 1011 1426 1077 vel
1456 1030 1612 1079 suos
1658 1010 1935 1079 heredes
1983 1010 2422 1099 heredumque
2454 1035 2593 1082 suc·

323 1138 627 1188 cessores
661 1136 861 1204 super
890 1115 1140 1185 eisdem
1170 1116 1695 1204 possessionibus
1742 1117 2067 1205 quispiam
2098 1120 2321 1188 ualeat
2348 1120 2593 1207 inquie-

325 1232 470 1294 tare
501 1225 613 1293 uel
644 1225 1058 1310 aliquatenus
1098 1226 1468 1307 molestare,
1519 1223 1638 1291 sed
1669 1224 1767 1292 eis
1797 1225 2098 1293 omnibus
2128 1226 2430 1295 fidelibus
2464 1247 2592 1296 ser-

328 1335 520 1420 uiciis
571 1334 898 1418 acquisita
943 1339 1256 1420 perpetuo
1308 1339 1376 1399 et
1426 1332 1945 1400 irreuocabiliter
1976 1343 2420 1422 perseuerent,
2445 1357 2588 1425 pre-

325 1451 548 1510 sentes
581 1441 648 1508 in
682 1446 1062 1528 perpetuam
1091 1440 1285 1507 huius
1318 1440 1410 1506 rei
1450 1440 1829 1508 memoriam
1861 1442 2305 1511 concessimus
2335 1444 2591 1511 litteras

326 1548 618 1637 duplicis
666 1548 869 1633 sigilli
919 1547 1123 1616 nostri
1173 1547 1526 1615 munimine
1575 1548 1715 1615 iure
1744 1556 2054 1636 perpetuo
2087 1556 2154 1616 et
2182 1550 2591 1638 irrefragabi-

327 1656 477 1723 liter
514 1657 875 1725 roboratas.
926 1656 1170 1722 Datum
1217 1660 1378 1741 aput
1406 1662 1690 1722 castrum
1723 1654 1888 1722 Zala
1919 1676 2089 1725 anno
2119 1658 2462 1726 Dominice
2492 1660 2591 1726 In-

327 1762 745 1831 carnacionis
766 1761 1110 1830 millesimo
1136 1760 1580 1830 ducentesimo
1613 1762 2118 1848 quadragesimo
2138 1771 2392 1852 quarto,
2412 1764 2590 1850 quin-

330 1876 394 1938 to
424 1868 589 1936 Idus
621 1867 939 1947 Octobris,
974 1866 1186 1952 Regni
1219 1876 1437 1935 autem
1468 1867 1674 1937 nostri
1705 1888 1876 1937 anno
1912 1890 2103 1938 nono.

547 2012 761 2077 Κίυτῖἰ.
813 2013 1026 2097 Super
1074 2010 1436 2080 collacione
1490 2012 1978 2098 possessionum
2029 2012 2263 2096 Lobur‚
2315 2012 2586 2098 Welica,

327 2118 654 2187 Olenonik
689 2126 754 2186 et
784 2119 1080 2205 Zlogona
1112 2120 1418 2187 Michaeli
1452 2120 1690 2188 Comiti
1722 2121 1803 2188 de
1834 2119 2111 2189 Vorosd.

329 2315 609 2382 (Eredetie
632 2315 982 2384 borhartyam
1011 2333 1045 2369 a
1061 2315 1247 2385 pecset
1266 2318 1558 2380 elveszett3
1587 2331 1621 2368 a
1639 2317 1805 2370 budai
1828 2318 1931 2369 kir.
1954 2318 2199 2371 kamarai
2216 2316 2588 2387 leveltarban.)

1215 2615 1724 2631 ffl—

1389 3115 1547 3183 105.

335 3295 383 3360 I
392 3294 456 3359 V.
490 3294 653 3361 Be'la
683 3295 891 3380 kirdly
921 3293 1393 3359 Falsa-Zdench
1434 3294 1701 3360 birtokdt
1728 3298 2032 3381 tdrqyazd
2059 3293 2398 3381 mqajz'tott
2435 3294 2592 3360 ado-

828 3405 1063 3486 mdnya
1093 3400 1541 3484 Devecherfiai
1568 3406 1883 3467 szdmdra.
1915 3399 2111 3465 1244.

550 3594 715 3662 Bela
764 3594 889 3659 Dei
938 3595 1167 3679 gracia
1195 3595 1551 3679 Hungarie,
1599 3594 1963 3677 Dalmacie‚
1999 3593 2334 3678 Crouacie,
2367 3597 2593 3679 Rame,

331 3701 587 3785 Sei-uie,
621 3701 923 3783 Gallicis,
957 3700 1342 3770 Lodomerie
1385 3701 1823 3785 Comanieque
1850 3701 1992 3766 Rex
2023 3701 2322 3768 omnibus
2355 3700 2597 3769 Christi

332 3807 641 3875 fidelibus
688 3813 1059 3894 presentem
1107 3808 1418 3894 paginam
1466 3806 1879 3893 inspecturis,
1931 3807 2209 3874 salutem
2258 3808 2326 3874 in
2373 3828 2452 3875 eo
2484 3810 2595 3894 qui

331 3915 628 4001 Regibus
659 3915 776 3982 dat
803 3914 1103 3981 salutem.
1159 3916 1202 3983 J
1203 3915 1367 3982 ustis
1396 3913 1766 4001 petencium
1796 3911 2144 4000 desiderijs
2170 3913 2429 3982 facilem
2460 3935 2599 4001 pre·

335 4023 495 4089 bere
513 4040 903 4089 consensum
923 4018 1292 4109 (uidelicet)
1312 4021 1489 4089 racio
1510 4020 1900 4108 expostulat,
1934 4029 2000 4090 et
2018 4021 2282 4106 Regalis
2312 4021 2598 4089 sublimi-

333 4140 442 4199 tas
473 4130 877 4215 exhortatur,
915 4130 984 4197 in
1001 4130 1088 4216 ijs
1107 4130 1435 4218 precipue,
1470 4149 1597 4214 que
1616 4129 1706 4197 ad
1724 4130 2159 4198 subiectorum
2191 4129 2598 4199 commodum

331 4243 645 4324 spectant
673 4236 923 4322 pariter
954 4242 1021 4303 et
1050 4236 1425 4324 profectum.
1473 4238 1838 4324 Eapropter
1886 4237 1973 4304 ad
2011 4237 2460 4305 uniuersorum
2486 4258 2596 4305 no-

333 4345 564 4413 ticiam
616 4344 848 4411 harum
896 4344 1067 4412 serie
1118 4345 1414 4414 uolumus
1458 4346 1822 4433 peruenire,
1875 4343 2050 4429 quod
2097 4344 2483 4412 accedentes
2512 4346 2602 4414 ad

331 4457 562 4521 nostre
581 4451 950 4519 Maiestatis
968 4452 1377 4539 presenciam
1394 4453 1693 4539 Samson,
1726 4450 2067 4536 Georgius,
2088 4450 2247 4517 Wlk
2267 4457 2333 4519 et
2349 4452 2603 4521 chhe·

335 4567 413 4628 ta
441 4557 564 4643 filij
585 4558 950 4644 Deuecher,
980 4559 1172 4627 nobis
1190 4558 1522 4627 humiliter
1536 4558 2008 4645 supplicarunt,
2041 4563 2113 4625 ut
2132 4556 2379 4626 eisdem
2396 4578 2597 4645 quan-

332 4666 496 4735 dam
528 4666 1017 4753 possessionem
1047 4667 1465 4753 Superiorem
1482 4666 1745 4735 Zdencb
1776 4670 2098 4750 uocatam,
2130 4685 2327 4749 quam
2356 4670 2600 4758 hijdem
