3359 5250
1843 375 1976 441 232

1835 939 1988 1008 157.

789 1120 826 1183 Ι
844 1118 909 1182 V.
948 1119 1126 1185 Incze
1156 1128 1334 1207 pdpa
1365 1144 1442 1186 az
1469 1121 1835 1206 eszterqami
1880 1121 2308 1206 kdptalannak
2335 1125 2708 1209 meyenqedi‚
2753 1126 2920 1209 hoyy
2968 1146 3047 1188 az

1066 1230 1249 1293 isteni
1279 1229 1583 1294 tiszteletet
1632 1228 1816 1293 tiltott
1841 1227 2064 1293 idaben
2092 1230 2148 1293 is
2177 1230 2509 1297 tarthaesa.
2561 1225 2757 1295 1247.

1000 1423 1417 1492 Innocentius
1442 1423 1812 1509 Episcopus
1833 1440 2065 1491 seruus
2083 1441 2420 1492 seruorum
2439 1425 2586 1510 Dei,
2608 1423 2866 1494 dilectis
2884 1426 3045 1512 filijs

786 1579 804 1597 .
839 1583 853 1597 .
893 1580 908 1596 .
942 1529 1284 1616 Preposito
1336 1536 1402 1598 et
1452 1529 1757 1616 Capitulo
1808 1528 2243 1614 Strigoniensi
2292 1531 2572 1600 salutem
2620 1539 2688 1599 et
2717 1534 3048 1618 Apostoli·

786 1659 931 1705 cam
961 1636 1498 1705 benedictionem.
1522 1636 1705 1703 Solet
1735 1655 2023 1704 annuere
2042 1635 2245 1705 Sedes
2266 1638 2653 1726 Apostolica
2687 1639 2816 1726 pijs
2845 1639 3043 1724 uotis,

786 1754 852 1814 et
881 1744 1173 1814 honestis
1220 1743 1579 1831 petentium
1626 1745 1933 1831 precibus
1963 1744 2254 1814 fauorem
2284 1745 2660 1816 beniuolum
2699 1746 3041 1834 impertiri.

786 1855 1171 1942 Eapropter,
1203 1851 1426 1920 dilecti
1458 1852 1528 1919 in
1549 1851 1831 1921 Domino
1863 1852 2003 1938 filij,
2032 1852 2272 1922 vestris
2302 1854 2493 1923 iustis
2526 1855 2829 1943 precibus
2860 1855 3042 1922 incli-

783 1960 944 2046 nati,
998 1964 1088 2044 ut,
1120 1978 1266 2026 cum
1317 1957 1626 2044 generale
1675 1957 2087 2027 interdictum
2138 1968 2307 2028 terre
2342 1959 2554 2047 fuerit,
2606 1961 2805 2029 liceat
2854 1962 3044 2030 uobis

785 2067 1005 2136 ianuis
1034 2067 1304 2152 clausis,
1355 2066 1687 2134 submissa
1719 2086 1899 2152 uoce,
1948 2088 2077 2135 non
2106 2069 2386 2157 pulsatis
2429 2069 2790 2156 campanis,
2841 2071 3043 2139 nomi·

786 2177 995 2244 natim
1042 2174 1620 2245 excommunicatis
1651 2181 1720 2243 et
1765 2173 2128 2244 interdictis
2178 2174 2483 2263 exclusis,
2533 2176 2779 2244 Diuina
2826 2176 3044 2245 officia

786 2285 1140 2369 celebrare,
1174 2282 1567 2353 auctoritate
1588 2284 1780 2353 uobis
1800 2284 2200 2372 presentium
2220 2283 2660 2373 indulgemus3
2690 2284 3043 2355 dummodo

784 2412 1054 2460 causam
1100 2411 1230 2458 non
1262 2390 1576 2461 dederitis
1624 2391 1989 2477 interdicto,
2039 2392 2146 2460 uel
2177 2390 2249 2458 id
2281 2412 2412 2461 non
2462 2392 2803 2478 contingat
2850 2392 3039 2462 uobis

783 2497 1155 2588 specialiter
1184 2497 1505 2566 interdici.
1556 2499 1735 2585 Nullj
1771 2518 1928 2584 ergo
1958 2498 2219 2568 omnino
2271 2499 2606 2570 hominum
2642 2499 2841 2568 liceat
2868 2499 3041 2568 hanc

783 2607 1097 2698 paginam
1123 2611 1348 2677 nostre
1378 2605 1819 2677 concessionis
1848 2604 2224 2694 infringere,
2263 2607 2372 2677 uel
2398 2607 2460 2675 ei
2489 2627 2657 2677 ausu
2685 2607 3039 2676 temerario

783 2715 1128 2785 contraire.
1179 2715 1251 2783 Si
1283 2714 1431 2801 quis
1480 2722 1700 2783 autem
1729 2716 1855 2785 hoc
1884 2720 2279 2804 attemptare
2317 2715 2823 2804 presumpserit;
2879 2713 3040 2783 indi-

783 2822 1157 2909 gnationem
1191 2821 1672 2910 omnipotentis
1703 2820 1830 2890 Dei
1861 2828 1928 2890 et
1957 2822 2306 2893 Beatorum
2343 2823 2522 2892 Petri
2552 2830 2619 2893 et
2648 2822 2838 2892 Pauli
2868 2825 3039 2911 Apo·

782 2931 1095 3000 stolorum
1148 2931 1289 2999 eius
1337 2949 1413 2999 se
1462 2931 1720 2999 nouerit
1765 2931 2195 3000 incursurum.
2246 2933 2491 3000 Datum
2520 2931 2872 3018 Lungduni
2918 2932 3036 2999 ΠΙ.

782 3038 1104 3108 kalendas
1134 3038 1435 3126 Augusti,
1467 3038 1889 3109 Pontificatus
1919 3041 2125 3110 nostri
2156 3060 2331 3109 anno
2360 3039 2606 3126 quinto.

981 3238 1085 3303 (Az
1113 3239 1315 3292 eredeti
1339 3235 1472 3293 utin
1498 3240 1694 3292 Knauz
1717 3237 1955 3305 Nandor,
1980 3240 2211 3307 Magyar
2233 3240 2367 3293 Sion
2390 3240 2464 3292 11.
2489 3241 2606 3295 ket.
2633 3241 2756 3292 629.
2783 3238 2841 3304 l.)

1833 3978 1984 4050 158.

776 4165 823 4231 Ι
831 4166 896 4230 V.
929 4164 1111 4231 Incze
1129 4169 1315 4252 pa'pa
1344 4162 1579 4227 Daniel
1609 4157 1902 4227 Galiczia
1950 4161 2328 4247 kirdlydnak
2360 4163 2735 4251 meqenqedi,
2767 4162 2930 4252 hoqy
2961 4188 3036 4230 az

771 4275 970 4341 occani
992 4271 1310 4359 pfispc'ilciik
1339 4276 1400 4335 e's
1429 4269 1772 4336 ‹ildozdrok
1788 4291 1945 4335 azon
1965 4269 2232 4356 eqykdzi
2257 4271 2729 4337 azertartdaokat
2744 4284 3029 4359 ’περιπι-

863 4379 1110 4462 ῙιαεεάΙε,
1139 4378 1369 4464 melyek
1399 4400 1441 4442 a
1470 4376 1781 4443 katholika
1799 4377 2140 4463 ethdzzal
2167 4398 2308 4443 nem
2323 4377 2713 4445 ellenkeznek.
2744 4374 2939 4443 1247.

988 4555 1408 4624 Innocentius
1428 4553 1798 4640 Episcopus
1837 4572 2065 4621 servus
2105 4573 2442 4623 servorum
2470 4554 2596 4621 Dei
2628 4553 2864 4623 dilecto
2893 4554 3029 4623 filio

773 4662 1057 4747 Danieli,
1075 4661 1244 4747 Regi
1260 4661 1495 4729 Russie
1512 4660 1760 4729 illustri
1780 4661 2060 4729 salutem
2082 4667 2148 4731 et
2163 4660 2613 4749 Apostolicam
2641 4660 3030 4731 benedictio-
