3359 5250
1399 312 1618 412 ..3⁰1

423 529 544 600 per
573 513 791 600 ipsum
841 511 1186 580 heredibus
1227 510 1665 596 heredumque
1717 516 2205 585 successoribus
2257 525 2685 612 contulimus3

422 628 493 689 ut
527 627 629 688 est
659 620 1127 707 supradictum.
1180 619 1599 686 Postmodum
1633 631 1853 688 autem
1889 643 2034 689 cum
2066 623 2258 693 'idem
2290 628 2356 694 in
2389 652 2688 719 corpora-

420 729 557 796 lem
585 727 1072 815 possessionem
1102 726 1269 794 foret
1297 726 1730 813 introductus,
1762 728 2152 814 iobagiones
2177 734 2388 802 Castri
2422 738 2502 804 de
2536 739 2687 808 Bor·

419 837 544 906 sod
574 834 659 903 de
711 836 875 904 uilla
907 832 1152 919 Dedus,
1186 835 1405 902 Zadur
1455 834 1786 922 uidelicet,
1837 837 2088 924 Petrus,
2129 840 2315 930 Ysip,
2348 845 2683 914 Abraham

418 953 486 1013 et
534 944 654 1030 alij
685 943 768 1011 de
818 942 1250 1029 gener-acione
1299 945 1591 1030 ipsorum
1642 943 1919 1014 eundem
1976 948 2291 1016 Comitem
2337 952 2680 1023 Nicolaum

418 1060 758 1121 traxerunt
808 1052 877 1119 in
909 1070 1176 1119 causam
1226 1050 1540 1136 dicentes,
1593 1050 1768 1136 quod
1820 1054 2237 1140 supradictus
2270 1060 2311 1125 J
2319 1061 2428 1126 ula
2457 1061 2679 1130 Banus

416 1159 907 1249 possessionem
942 1166 1384 1242 memoratam,
1419 1157 1508 1225 ad
1535 1158 1720 1244 ipsos
1750 1158 1890 1228 iure
1921 1160 2316 1234 hereditario
2358 1169 2677 1254 pertinen·

411 1278 567 1355 tem,
602 1268 925 1338 uiolenter
953 1271 1362 1353 occupasset.
1396 1265 1582 1333 Licet
1612 1273 1831 1335 autem
1870 1265 2126 1337 diucius
2159 1272 2307 1357 ipsa
2342 1294 2545 1343 causa
2575 1298 2678 1346 co-

345 1415 354 1422 ·
412 1400 557 1446 ram
588 1376 780 1445 nobis
831 1375 1064 1445 fuisset
1101 1374 1459 1461 uentilata;
1512 1376 1778 1443 tandem
1811 1377 2272 1463 iobagionibus
2318 1382 2448 1450 iam
2478 1383 2674 1451 dictis

409 1488 481 1555 in
512 1505 638 1555 sua
666 1485 1035 1554 intencione
1053 1484 1315 1552 omnino
1348 1483 1819 1572 deficientibus,
1854 1485 1934 1553 de
1955 1486 2282 1556 Baronum
2301 1498 2670 1560 nostrorum

411 1594 689 1665 consilio
719 1595 933 1682 ipsam
965 1593 1448 1679 possessionem
1493 1593 1714 1680 sepius
1746 1592 1921 1660 dicto
1952 1594 2227 1664 Nicolao
2259 1596 2496 1667 Oomiti
2528 1619 2671 1667 sen·

407 1703 781 1773 tencialiter
828 1700 1351 1771 adiudicauimus
1382 1701 1526 1771 iure
1557 1709 1874 1790 perpetuo
1919 1704 2402 1790 possidendam.
2455 1709 2669 1788 Quam

407 1812 536 1880 sihi
567 1831 688 1901 per
718 1810 976 1879 fidelem
1027 1819 1319 1880 nostrum
1352 1811 1611 1878 Kunam
1643 1810 1728 1877 de
1760 1809 1923 1877 uilla
1952 1811 2169 1896 Holog
2219 1814 2342 1880 sub
2384 1815 2667 1883 testimo-

403 1918 514 1988 nio
547 1917 939 1987 dilectorum
987 1917 1174 1986 nobis
1207 1918 1498 2005 Capituli
1531 1917 1872 2003 Agriensis
1922 1919 2117 1986 certis
2149 1919 2436 2007 undique
2477 1924 2666 2003 metis

401 2029 756 2097 limitatam
807 2026 1080 2095 fecimus
1109 2026 1463 2111 assignari.
1521 2028 1696 2095 Mete
1726 2032 1965 2111 autem,
2017 2028 2185 2096 sicut
2214 2050 2333 2117 per
2380 2031 2664 2100 antedic-
2704 2078 2722 2094 .

401 2143 537 2204 tum
569 2135 898 2205 hominem
945 2141 1257 2221 nostrum,
1310 2153 1432 2202 nec
1464 2153 1595 2202 non
1627 2154 1747 2221 per
1796 2133 2052 2203 litteras
2093 2135 2379 2223 Capituli
2427 2159 2663 2208 memo·

397 2243 530 2310 rati
561 2242 751 2311 nobis
802 2241 1111 2328 constitit,
1163 2242 1289 2311 hoc
1320 2241 1547 2310 ordine
1597 2241 2060 2328 distinguntur.
2110 2244 2332 2313 Prima
2361 2253 2539 2315 meta
2568 2247 2661 2314 in-

399 2352 563 2438 cipit
611 2352 799 2419 iuxta
828 2349 1145 2418 Turduna
1192 2348 1464 2437 potoka,
1517 2348 1629 2416 nbi
1658 2348 1873 2435 posite
1922 2357 2076 2418 sunt
2106 2358 2237 2421 tres
2285 2358 2475 2441 mete,
2527 2375 2661 2424 vna

397 2466 595 2546 meta,
629 2479 757 2546 que
787 2480 830 2527 a
863 2464 1048 2547 parte
1077 2457 1448 2546 aquilonari
1499 2459 1883 2544 continetur,
1934 2458 2181 2545 excipit
2216 2467 2455 2529 metam
2487 2469 2657 2531 terre

395 2569 832 2640 castrensium
884 2568 966 2636 de
997 2567 1246 2637 Borsod
1298 2573 1364 2635 et
1392 2566 1620 2636 uillam
1669 2564 1985 2636 Turduna
2033 2570 2434 2637 nominatam
2453 2621 2472 2658 ,
2528 2570 2655 2641 duc

398 2699 556 2749 uero
588 2690 780 2767 mete,
813 2699 941 2765 que
960 2679 1047 2746 ab
1079 2677 1350 2746 australi
1367 2683 1556 2764 parte
1587 2679 2015 2763 continentur,
2059 2676 2393 2765 excipiunt
2411 2685 2652 2747 terram

393 2788 662 2858 Nicolai
694 2786 1003 2874 Comitis3
1049 2786 1202 2854 inde
1234 2784 1444 2854 tendit
1472 2785 1538 2852 in
1569 2785 1774 2853 altum
1792 2785 1978 2854 iuxta
2007 2785 2352 2854 Bithonich
2384 2785 2652 2874 potoka,

391 2902 461 2964 ct
492 2893 731 2963 transit
760 2893 927 2961 illud
958 2890 1162 2980 potok
1192 2892 1261 2959 in
1294 2890 1593 2960 dextram
1625 2897 1880 2978 partem
1917 2893 1987 2959 in
2017 2894 2227 2961 latere
2258 2895 2449 2963 unius
2478 2916 2653 2964 mon-

386 3005 501 3089 tis,
535 3011 605 3072 et
630 3003 722 3072 ibi
756 3013 907 3072 sunt
936 3002 1065 3070 due
1093 3009 1285 3088 mete,
1318 3020 1450 3068 vna
1479 3000 1665 3087 eligit
1696 3007 1935 3068 terram
1968 2999 2243 3070 Comitis
2268 3003 2547 3092 Nicolai,
2580 3004 2651 3072 in

392 3133 528 3199 qua
557 3121 660 3181 est
687 3132 820 3181 una
851 3131 1151 3200 quercus,
1202 3118 1269 3179 et
1298 3111 1436 3179 alia
1473 3111 1923 3197 castrensium,
1975 3111 2046 3178 in
2076 3130 2206 3196 qua
2236 3116 2337 3179 est
2386 3111 2524 3181 alia
2551 3132 2649 3181 ar·

389 3222 531 3308 bor,
587 3239 713 3307 que
743 3219 1102 3305 uulgariter
1149 3220 1353 3308 πωροι
1383 3224 1693 3304 uocatur;
1745 3216 1983 3285 deinde
2013 3216 2354 3286 descendit
2400 3220 2489 3287 ad
2519 3219 2646 3307 Ly·

387 3330 607 3418 ponch
637 3328 907 3418 potoka,
958 3333 1024 3396 et
1054 3328 1240 3397 iuxta
1269 3347 1466 3396 unam
1513 3327 1692 3395 uiam
1722 3333 1875 3395 sunt
1903 3326 2030 3396 due
2061 3334 2252 3415 mete,
2299 3348 2433 3396 vna
2461 3328 2648 3415 eligit

390 3445 636 3508 terram
667 3435 938 3505 Comitis
968 3437 1245 3523 Nicolai,
1278 3436 1415 3503 alia
1445 3437 1898 3523 castrensium,
1950 3442 2015 3503 et
2044 3435 2231 3503 uadit
2260 3437 2446 3506 iuxta
2479 3438 2647 3506 illud

383 3545 597 3635 potok
627 3546 697 3614 in
729 3545 955 3632 altum,
1007 3544 1171 3613 etin
1200 3543 1418 3632 capite
1466 3544 1645 3613 illius
1676 3545 1883 3632 potok
1915 3553 2065 3613 sunt
2114 3551 2259 3613 octo
2291 3553 2486 3630 mete,
2520 3565 2647 3630 que

388 3663 542 3729 sunt
571 3664 745 3726 mete
776 3657 1117 3743 capitales,
1150 3676 1283 3723 vna
1314 3656 1760 3740 castrensium,
1790 3661 1857 3723 et
1875 3656 2011 3722 alia
2031 3655 2211 3739 Pele,
2242 3655 2446 3722 tercia
2463 3655 2645 3723 ioba-

387 3768 660 3854 gionum
691 3766 891 3835 castri
928 3765 1011 3834 dc
1042 3765 1288 3852 Dedus,
1336 3772 1572 3851 quarta
1602 3784 1762 3833 uero
1811 3762 2103 3831 eiusdem
2141 3762 2400 3830 Nicolai
2433 3763 2643 3833 Comi-

385 3874 513 3961 tis;
565 3873 720 3942 inde
769 3873 1194 3961 progrediens
1243 3875 1313 3943 in
1352 3872 1568 3943 medio
1619 3874 1840 3957 berch,
1892 3872 2065 3939 vnde
2112 3869 2256 3939 fluit
2301 3869 2541 3940 fluuius
2574 3872 2642 3939 in

382 3990 730 4070 utramque
775 3988 1040 4068 terram,
1092 3989 1160 4051 et
1209 3982 1394 4051 uadit
1443 3983 1511 4050 in
1544 3982 1749 4049 altum
1797 3981 1865 4048 in
1916 3979 2153 4048 siluam
2200 3999 2526 4067 magnam,
2577 3986 2642 4047 et

382 4093 571 4162 iuxta
599 4091 1037 4161 Kamunuska
1085 4090 1337 4179 potoka
1390 4098 1540 4159 sunt
1577 4089 1702 4157 due
1750 4093 1923 4156 mete
1969 4087 2392 4172 iobagionum
2424 4087 2640 4155 Castri

387 4204 454 4267 et
484 4199 760 4269 Comitis
791 4199 1070 4285 Nicolai,
1106 4207 1172 4268 et
1202 4199 1460 4267 interim
1495 4198 1697 4266 multe
1728 4196 1856 4264 alie
1891 4203 2060 4263 mete
2079 4215 2248 4263 noue
2288 4202 2356 4264 et
2384 4201 2640 4264 ueteres

387 4307 473 4374 ab
505 4306 800 4393 utrisque
829 4307 1127 4394 partibus
1148 4314 1301 4375 sunt
1331 4307 1651 4393 inposite;
1686 4304 1841 4373 inde
1873 4304 2169 4373 ascendit
2198 4304 2266 4371 in
2297 4303 2537 4371 siluam
2567 4304 2638 4370 in

387 4414 604 4503 capite
653 4415 1086 4484 Kamunusna
1134 4414 1405 4502 potoka,
1458 4414 1569 4482 ubi
1614 4421 1764 4482 sunt
1814 4413 1941 4480 due
1991 4417 2162 4480 mete
2216 4410 2639 4498 iobagionum

386 4522 600 4592 Castri
632 4529 698 4590 et
728 4523 1001 4594 Comitis
1030 4523 1313 4610 Nicolai,
1347 4531 1413 4591 et
1441 4523 1579 4590 illic
1609 4542 1813 4611 prope
1841 4521 1929 4588 ad
1958 4519 2311 4589 heremitas
2351 4520 2474 4587 sub
2506 4539 2634 4588 uno

386 4632 626 4708 vimine
656 4642 810 4707 sunt
838 4641 1117 4725 quatuor
1149 4640 1341 4721 mete,
1389 4632 1502 4703 ubi
1533 4629 1921 4705 discernitur
1952 4649 1995 4701 a
2030 4626 2487 4721 iobagionibus
2519 4627 2636 4697 Ca-
