3359 5250
1732 346 1865 415 332

1701 926 1858 997 280.

662 1109 724 1176 A
761 1110 1365 1198 titelivkciptalannak
1395 1111 1932 1197 bizonysciqlevele,
1967 1112 2130 1196 hoyy
2162 1108 2465 1193 thyz,
2478 1106 2584 1190 fia
2613 1103 2923 1170 Feli-enak

666 1220 1087 1306 azabadsciqa't
1131 1243 1171 1283 a
1202 1219 1474 1285 kalocsai
1520 1219 1939 1306 lcciptalanndl
1988 1218 2214 1304 Babay
2259 1216 2505 1303 helysey
2553 1215 2710 1281 ciltal
2752 1234 2919 1297 meq-
3002 1244 3007 1247 Δ

1536 1328 1816 1395 υάίεοαα.
1854 1325 2054 1397 1251.

879 1526 1018 1595 Nos
1048 1525 1365 1613 Magister
1412 1522 1711 1594 Andreas
1741 1523 2123 1612 Propositus
2161 1519 2566 1611 Tytuliensis
2614 1526 2680 1588 et
2710 1525 2914 1588 totum

661 1634 952 1703 eiusdem
1000 1632 1129 1704 loci
1160 1632 1534 1721 Capitulum
1586 1631 1887 1701 omnibus
1919 1630 2163 1700 Christi
2194 1629 2496 1700 fidelibus
2541 1634 2913 1717 presentem

659 1742 973 1830 paginam
993 1743 1387 1831 inspecturis
1404 1744 1683 1811 salutem
1702 1741 1769 1808 in
1801 1741 2087 1811 omnium
2105 1741 2458 1809 saluatore.
2500 1738 2913 1822 Quamquam

660 1870 703 1916 a
739 1851 1074 1919 conditore
1121 1850 1384 1937 generis
1432 1851 1701 1919 humani
1748 1869 1975 1920 omnes
2024 1847 2323 1919 homines
2371 1868 2540 1933 equo
2587 1846 2912 1914 libertatis

657 1957 1005 2044 priuilegio
1037 1957 1169 2028 sint
1197 1958 1434 2046 ganisi,
1483 1966 1550 2026 et
1580 1980 1699 2047 pro
1733 1957 1893 2027 iuris
1924 1956 2244 2027 naturalis
2272 1955 2588 2025 beneficio
2621 1953 2912 2040 gaudere

658 2066 976 2153 debeant;
1008 2074 1228 2135 tamen
1262 2066 1619 2136 secundum
1657 2069 1702 2136 J
1706 2066 1836 2135 uris
1867 2066 2098 2135 Ciuilis
2128 2071 2376 2135 statuta
2425 2062 2670 2132 diuersi
2702 2062 2910 2131 diuer-

658 2172 909 2242 simode
938 2172 1026 2242 ad
1058 2176 1403 2244 seruitutes
1435 2173 1841 2262 rediguntur,
1889 2176 2215 2244 nonnulos
2241 2174 2451 2242 eciam
2501 2171 2760 2241 oblacio
2796 2193 2909 2259 pa-

657 2288 845 2351 terna
874 2302 1223 2353 conuersos
1256 2282 1411 2352 facit
1441 2292 1507 2352 et
1537 2283 1866 2353 subiectos
1886 2282 2204 2352 seruituti.
2234 2282 2519 2351 Proinde
2549 2281 2640 2349 ad
2655 2280 2908 2349 uniuer-

653 2411 871 2460 sorum
904 2391 1214 2461 noticiam
1263 2392 1491 2461 barum
1526 2392 1696 2461 serie
1746 2395 2044 2461 volumus
2081 2390 2448 2481 peruenire,
2500 2390 2677 2478 quod
2727 2407 2907 2457 acce·

655 2499 819 2568 dens
850 2497 939 2567 ad
988 2500 1399 2587 presenciam
1432 2510 1720 2570 nostram
1754 2502 2048 2587 Nemhyz
2080 2501 2163 2570 de
2194 2501 2451 2586 Babay‚
2504 2497 2775 2586 prestito
2806 2518 2906 2566 co-

653 2631 795 2678 ram
829 2610 1021 2679 nobis
1052 2610 1381 2698 corporali
1429 2618 1838 2681 sacramento
1873 2611 2159 2681 asseruit
2189 2617 2254 2679 et
2286 2609 2454 2679 dixit
2493 2605 2905 2698 presentibus

654 2718 1180 2805 procuratoribus
1231 2717 1518 2805 Capituli
1550 2717 1997 2806 Colocbensis‚
2046 2718 2356 2788 videlicet
2385 2719 2537 2786 Elia
2566 2715 2904 2784 Archidia-

651 2846 816 2896 eono
848 2825 1140 2894 eiusdem
1173 2826 1319 2912 loci,
1353 2834 1419 2895 et
1448 2828 1666 2898 Pousa
1695 2828 2102 2916 presbytero,
2137 2829 2221 2895 N.
2254 2828 2524 2895 Decano
2555 2831 2620 2893 et
2651 2824 2902 2893 Jacobo

653 2932 1007 3019 Canonico,
1060 2935 1374 3004 canonice
1425 2942 1489 3004 et
1520 2935 1814 3022 legitime
1863 2936 2199 3023 institutis,
2248 2934 2424 3023 quod
2473 2933 2674 3002 filium
2712 2952 2903 3002 suum

652 3045 914 3111 nomine
944 3042 1130 3112 Felix
1156 3043 1390 3113 obtulit
1438 3043 1525 3111 ad
1555 3046 1770 3113 altare
1801 3044 2031 3115 Sancti
2062 3044 2254 3114 Pauli
2302 3044 2421 3113 tali
2451 3041 2711 3111 adiecta
2754 3061 2899 3109 con·

649 3151 923 3238 dicione,
957 3152 1131 3239 quod
1164 3152 1475 3239 quamdiu
1506 3153 1679 3222 filius
1712 3174 1869 3224 suus
1902 3154 2146 3224 vixerit
2179 3153 2568 3240 antedictus,
2616 3152 2901 3223 officium

647 3261 1004 3348 pulsatoris
1052 3261 1292 3331 debeat
1342 3281 1667 3330 exercere.
1732 3263 1865 3331 Sed
1913 3263 2244 3351 predictus
2293 3282 2537 3351 parens
2584 3261 2900 3330 antedicti

648 3370 835 3455 pueri
865 3369 1119 3456 videns,
1170 3370 1373 3439 filium
1405 3390 1591 3439 suum
1624 3371 1939 3459 proficere
1968 3371 2036 3440 in
2069 3377 2246 3441 etate
2292 3376 2361 3441 et
2390 3390 2628 3459 genere
2658 3370 2901 3439 littera·

648 3481 811 3561 ture,
861 3477 1228 3564 posteritati
1257 3478 1523 3565 proprie
1559 3495 1943 3567 precauens‚
1995 3501 2142 3550 cum
2173 3478 2417 3548 dilecta
2454 3478 2729 3566 coniuge
2757 3499 2899 3563 sua,

650 3590 858 3652 matre
888 3584 1166 3673 predicti
1196 3585 1405 3670 Felix,
1452 3587 1734 3656 accessit
1780 3594 1848 3655 et
1880 3588 2185 3676 capitulo
2217 3587 2608 3658 Colochensi
2644 3587 2901 3655 bumili-

648 3699 749 3760 ter
801 3695 1169 3782 suplicauit‚
1216 3694 1391 3780 quod
1423 3715 1568 3762 cum
1617 3695 1976 3783 preciosior
2022 3718 2152 3767 non
2203 3698 2289 3767 sit
2316 3697 2449 3766 nisi
2496 3695 2901 3785 posteritatis

648 3801 941 3888 libertas,
975 3803 1208 3872 obtulit
1230 3822 1550 3873 consensu
1569 3806 1793 3876 vxor-is
1823 3826 1942 3875 sue
1959 3807 2257 3878 vltronea
2274 3808 2609 3875 voluntate
2644 3826 2725 3874 ac
2754 3803 2900 3873 sine

649 3910 1020 3998 coacciom,
1071 3912 1557 4000 possessionem
1587 3934 1797 4001 suam,
1847 3920 2089 3984 terram
2122 3915 2432 3985 videlicet
2461 3916 2696 4002 Babay
2742 3934 2899 3983 nun-

647 4027 951 4110 cupatam
1003 4022 1069 4090 in
1120 4022 1637 4112 redempcionem
1688 4023 2019 4094 seruitutis
2070 4024 2384 4113 predicte.
2444 4027 2533 4093 Et
2577 4024 2733 4094 licet
2781 4042 2899 4110 pre

647 4129 876 4198 ualore
906 4129 1346 4217 possessionis
1375 4137 1720 4219 pretaxate
1768 4132 2050 4202 seruitus
2084 4132 2274 4221 pueri
2315 4131 2654 4201 memorati
2691 4132 2896 4199 multo

641 4237 1053 4323 prestancior
1105 4245 1171 4306 et
1202 4238 1481 4308 validior
1525 4239 1928 4326 habebatur3
1987 4239 2144 4327 quia
2175 4249 2393 4309 tamen
2451 4239 2899 4308 ecclesiastice

649 4347 987 4415 consueuit
1017 4345 1516 4433 mansuetudini,
1536 4366 1891 4436 oppressos
1923 4367 1966 4414 a
1984 4347 2339 4417 seruuitute
2371 4348 2720 4433 exhimere‚
2752 4367 2894 4415 ma-

647 4456 826 4522 xime
857 4455 1027 4542 illos,
1054 4454 1167 4543 qui
1198 4476 1243 4524 a
1272 4455 1598 4525 nobilibus
1617 4456 2114 4542 descenderunt,
2154 4456 2370 4545 ipsam
2385 4455 2894 4546 possessionem,

642 4582 864 4650 ymmo
895 4565 1224 4649 terrulam,
1277 4569 1574 4651 respectu
1604 4560 1936 4631 seruitutis
1974 4561 2423 4651 prenominato
2454 4565 2524 4632 in
2552 4563 2897 4652 presencia

639 4679 865 4742 nostra
894 4671 1296 4759 sepedictum
1328 4670 1705 4766 Capitulum
1734 4671 1803 4742 in
1823 4670 2251 4744 concanbium
2286 4669 2532 4763 recepit
2559 4671 2893 4742 seruitutis
