<?xml version="1.0" encoding="UTF-8"?>
<!DOCTYPE html PUBLIC "-//W3C//DTD XHTML 1.0 Transitional//EN"
    "http://www.w3.org/TR/xhtml1/DTD/xhtml1-transitional.dtd">
<html xmlns="http://www.w3.org/1999/xhtml" xml:lang="en" lang="en">
 <head>
  <title>
</title>
<meta http-equiv="Content-Type" content="text/html;charset=utf-8" />
  <meta name='ocr-system' content='tesseract 3.04.00' />
  <meta name='ocr-capabilities' content='ocr_page ocr_carea ocr_par ocr_line ocrx_word'/>
</head>
<body>
  <div class='ocr_page' id='page_1' title='image "./codexdiplomatic09unkngoog_0522.png"; bbox 0 0 3359 5250; ppageno 0'>
   <div class='ocr_carea' id='block_1_1' title="bbox 1760 303 2005 368">
    <p class='ocr_par' dir='ltr' id='par_1_1' title="bbox 1760 303 2092 404">
     <span class='ocr_line' id='line_1_1' title="bbox 1760 303 2005 368; baseline -0.003 0"><span class='ocrx_word' id='word_1_1' title='bbox 1760 338 1764 342; x_wconf 95' lang='lat'>·</span> <span class='ocrx_word' id='word_1_2' title='bbox 1875 303 2005 368; x_wconf 75' lang='lat'>482</span> 
     </span>
    </p>
   </div>
   <div class='ocr_carea' id='block_1_2' title="bbox 1784 395 2037 402">
    <p class='ocr_par' dir='ltr' id='par_1_2' title="bbox 1784 395 2037 402">
     <span class='ocr_line' id='line_1_2' title="bbox 1784 395 2037 402; baseline 0 0"><span class='ocrx_word' id='word_1_3' title='bbox 1784 395 2037 402; x_wconf 95' lang='lat' dir='ltr'> </span> 
     </span>
    </p>
   </div>
   <div class='ocr_carea' id='block_1_3' title="bbox 795 500 3074 3962">
    <p class='ocr_par' dir='ltr' id='par_1_3' title="bbox 795 500 3074 3962">
     <span class='ocr_line' id='line_1_3' title="bbox 810 500 3057 587; baseline -0.002 -18"><span class='ocrx_word' id='word_1_4' title='bbox 810 502 1013 571; x_wconf 88' lang='lat' dir='ltr'>meuis</span> <span class='ocrx_word' id='word_1_5' title='bbox 1064 501 1515 571; x_wconf 86' lang='lat' dir='ltr'>adolescencie</span> <span class='ocrx_word' id='word_1_6' title='bbox 1545 520 1766 568; x_wconf 89' lang='lat' dir='ltr'>eorum</span> <span class='ocrx_word' id='word_1_7' title='bbox 1818 500 2219 585; x_wconf 77' lang='lat' dir='ltr'><strong>temporibus</strong></span> <span class='ocrx_word' id='word_1_8' title='bbox 2270 505 2527 586; x_wconf 83' lang='lat' dir='ltr'>gratnm</span> <span class='ocrx_word' id='word_1_9' title='bbox 2560 516 2817 587; x_wconf 79' lang='lat' dir='ltr'>semper</span> <span class='ocrx_word' id='word_1_10' title='bbox 2850 504 2915 565; x_wconf 92' lang='lat' dir='ltr'>et</span> <span class='ocrx_word' id='word_1_11' title='bbox 2958 518 3057 565; x_wconf 88' lang='lat' dir='ltr'>ac-</span> 
     </span>
     <span class='ocr_line' id='line_1_4' title="bbox 811 605 3067 701; baseline -0.002 -21"><span class='ocrx_word' id='word_1_12' title='bbox 811 617 1066 701; x_wconf 91' lang='lat' dir='ltr'>ceptum</span> <span class='ocrx_word' id='word_1_13' title='bbox 1109 610 1443 681; x_wconf 83' lang='lat' dir='ltr'>indefesse</span> <span class='ocrx_word' id='word_1_14' title='bbox 1493 610 1831 679; x_wconf 87' lang='lat' dir='ltr'>fidelitatis</span> <span class='ocrx_word' id='word_1_15' title='bbox 1864 609 2101 697; x_wconf 91' lang='lat' dir='ltr'>studio,</span> <span class='ocrx_word' id='word_1_16' title='bbox 2156 616 2379 680; x_wconf 86' lang='lat' dir='ltr'>nostro</span> <span class='ocrx_word' id='word_1_17' title='bbox 2412 628 2671 697; x_wconf 78' lang='lat' dir='ltr'><strong>semper</strong></span> <span class='ocrx_word' id='word_1_18' title='bbox 2723 609 2917 677; x_wconf 88' lang='lat' dir='ltr'>lateri</span> <span class='ocrx_word' id='word_1_19' title='bbox 2957 605 3067 675; x_wconf 86' lang='lat' dir='ltr'>ad·</span> 
     </span>
     <span class='ocr_line' id='line_1_5' title="bbox 811 711 3066 807; baseline -0.003 -19"><span class='ocrx_word' id='word_1_20' title='bbox 811 711 1093 790; x_wconf 88' lang='lat' dir='ltr'>herendo</span> <span class='ocrx_word' id='word_1_21' title='bbox 1146 721 1577 790; x_wconf 87' lang='lat' dir='ltr'>exhibuerunt</span> <span class='ocrx_word' id='word_1_22' title='bbox 1625 720 2035 805; x_wconf 86' lang='lat' dir='ltr'>famulatum,</span> <span class='ocrx_word' id='word_1_23' title='bbox 2070 727 2335 807; x_wconf 88' lang='lat' dir='ltr'>propter</span> <span class='ocrx_word' id='word_1_24' title='bbox 2386 739 2513 805; x_wconf 86' lang='lat' dir='ltr'>que</span> <span class='ocrx_word' id='word_1_25' title='bbox 2546 724 2767 789; x_wconf 90' lang='lat' dir='ltr'>nostre</span> <span class='ocrx_word' id='word_1_26' title='bbox 2810 721 3066 786; x_wconf 81' lang='lat' dir='ltr'>Corone</span> 
     </span>
     <span class='ocr_line' id='line_1_6' title="bbox 811 816 3066 917; baseline -0.003 -19"><span class='ocrx_word' id='word_1_27' title='bbox 811 831 1017 917; x_wconf 86' lang='lat' dir='ltr'>Begie</span> <span class='ocrx_word' id='word_1_28' title='bbox 1047 838 1420 898; x_wconf 89' lang='lat' dir='ltr'>mernerunt</span> <span class='ocrx_word' id='word_1_29' title='bbox 1467 830 1916 917; x_wconf 82' lang='lat' dir='ltr'>multipliciter</span> <span class='ocrx_word' id='word_1_30' title='bbox 1950 829 2397 916; x_wconf 78' lang='lat' dir='ltr'>complacere5</span> <span class='ocrx_word' id='word_1_31' title='bbox 2450 835 2516 896; x_wconf 90' lang='lat' dir='ltr'>et</span> <span class='ocrx_word' id='word_1_32' title='bbox 2547 827 2702 896; x_wconf 89' lang='lat' dir='ltr'>licet</span> <span class='ocrx_word' id='word_1_33' title='bbox 2734 816 3066 894; x_wconf 73' lang='lat' dir='ltr'>&#39;tediosam</span> 
     </span>
     <span class='ocr_line' id='line_1_7' title="bbox 813 935 3066 1027; baseline -0.003 -19"><span class='ocrx_word' id='word_1_34' title='bbox 813 945 984 1008; x_wconf 84' lang='lat' dir='ltr'>esset</span> <span class='ocrx_word' id='word_1_35' title='bbox 1013 959 1132 1026; x_wconf 87' lang='lat' dir='ltr'>per</span> <span class='ocrx_word' id='word_1_36' title='bbox 1162 939 1427 1027; x_wconf 86' lang='lat' dir='ltr'>singula</span> <span class='ocrx_word' id='word_1_37' title='bbox 1455 958 1780 1025; x_wconf 87' lang='lat' dir='ltr'>enarrare,</span> <span class='ocrx_word' id='word_1_38' title='bbox 1817 939 2103 1024; x_wconf 90' lang='lat' dir='ltr'>quedam</span> <span class='ocrx_word' id='word_1_39' title='bbox 2133 944 2353 1007; x_wconf 88' lang='lat' dir='ltr'>tamen</span> <span class='ocrx_word' id='word_1_40' title='bbox 2386 936 2467 1005; x_wconf 92' lang='lat' dir='ltr'>de</span> <span class='ocrx_word' id='word_1_41' title='bbox 2499 935 2799 1022; x_wconf 87' lang='lat' dir='ltr'>seruieijs</span> <span class='ocrx_word' id='word_1_42' title='bbox 2840 955 3066 1004; x_wconf 91' lang='lat' dir='ltr'>eorun-</span> 
     </span>
     <span class='ocr_line' id='line_1_8' title="bbox 815 1043 3070 1132; baseline -0.003 -16"><span class='ocrx_word' id='word_1_43' title='bbox 815 1047 960 1116; x_wconf 87' lang='lat' dir='ltr'>dem</span> <span class='ocrx_word' id='word_1_44' title='bbox 1014 1047 1384 1118; x_wconf 82' lang='lat' dir='ltr'>memoriter</span> <span class='ocrx_word' id='word_1_45' title='bbox 1437 1047 1775 1131; x_wconf 85' lang='lat' dir='ltr'>habentes,</span> <span class='ocrx_word' id='word_1_46' title='bbox 1828 1045 1915 1115; x_wconf 90' lang='lat' dir='ltr'>ad</span> <span class='ocrx_word' id='word_1_47' title='bbox 1966 1046 2504 1117; x_wconf 77' lang='lat' dir='ltr'>informacionem</span> <span class='ocrx_word' id='word_1_48' title='bbox 2554 1043 2967 1132; x_wconf 89' lang='lat' dir='ltr'>presencium</span> <span class='ocrx_word' id='word_1_49' title='bbox 3005 1048 3070 1112; x_wconf 89' lang='lat' dir='ltr'>et</span> 
     </span>
     <span class='ocr_line' id='line_1_9' title="bbox 813 1151 3069 1243; baseline -0.002 -19"><span class='ocrx_word' id='word_1_50' title='bbox 813 1157 1186 1226; x_wconf 80' lang='lat' dir='ltr'>memoriam</span> <span class='ocrx_word' id='word_1_51' title='bbox 1207 1155 1564 1227; x_wconf 84' lang='lat' dir='ltr'>futurorum</span> <span class='ocrx_word' id='word_1_52' title='bbox 1583 1155 1994 1243; x_wconf 83' lang='lat' dir='ltr'>presentibus</span> <span class='ocrx_word' id='word_1_53' title='bbox 2014 1155 2322 1224; x_wconf 88' lang='lat' dir='ltr'>iussimus</span> <span class='ocrx_word' id='word_1_54' title='bbox 2344 1154 2664 1222; x_wconf 86' lang='lat' dir='ltr'>annotari.</span> <span class='ocrx_word' id='word_1_55' title='bbox 2706 1151 2899 1232; x_wconf 81' lang='lat' dir='ltr'>Quod</span> <span class='ocrx_word' id='word_1_56' title='bbox 2921 1173 3069 1220; x_wconf 90' lang='lat' dir='ltr'>cum</span> 
     </span>
     <span class='ocr_line' id='line_1_10' title="bbox 811 1262 3071 1349; baseline -0.001 -17"><span class='ocrx_word' id='word_1_57' title='bbox 811 1265 1116 1334; x_wconf 82' lang='lat' dir='ltr'>ferocitas</span> <span class='ocrx_word' id='word_1_58' title='bbox 1147 1273 1212 1335; x_wconf 91' lang='lat' dir='ltr'>et</span> <span class='ocrx_word' id='word_1_59' title='bbox 1264 1264 1725 1334; x_wconf 84' lang='lat' dir='ltr'>inestimabilis</span> <span class='ocrx_word' id='word_1_60' title='bbox 1775 1265 2113 1333; x_wconf 86' lang='lat' dir='ltr'>multitudo</span> <span class='ocrx_word' id='word_1_61' title='bbox 2145 1263 2484 1331; x_wconf 85' lang='lat' dir='ltr'>Tartarice</span> <span class='ocrx_word' id='word_1_62' title='bbox 2514 1262 2728 1349; x_wconf 85' lang='lat' dir='ltr'>gentis</span> <span class='ocrx_word' id='word_1_63' title='bbox 2776 1269 3071 1331; x_wconf 86' lang='lat' dir='ltr'>nostrum</span> 
     </span>
     <span class='ocr_line' id='line_1_11' title="bbox 813 1371 3065 1460; baseline -0.002 -18"><span class='ocrx_word' id='word_1_64' title='bbox 813 1378 1106 1460; x_wconf 79' lang='lat' dir='ltr'>Regnum</span> <span class='ocrx_word' id='word_1_65' title='bbox 1136 1374 1507 1459; x_wconf 85' lang='lat' dir='ltr'>inuasisset,</span> <span class='ocrx_word' id='word_1_66' title='bbox 1543 1382 1608 1442; x_wconf 92' lang='lat' dir='ltr'>et</span> <span class='ocrx_word' id='word_1_67' title='bbox 1638 1394 1757 1444; x_wconf 91' lang='lat' dir='ltr'>nos</span> <span class='ocrx_word' id='word_1_68' title='bbox 1789 1394 1931 1442; x_wconf 90' lang='lat' dir='ltr'>cum</span> <span class='ocrx_word' id='word_1_69' title='bbox 1965 1373 2360 1456; x_wconf 89' lang='lat' dir='ltr'>quibusdam</span> <span class='ocrx_word' id='word_1_70' title='bbox 2392 1373 2603 1458; x_wconf 84' lang='lat' dir='ltr'>Regni</span> <span class='ocrx_word' id='word_1_71' title='bbox 2639 1372 2845 1441; x_wconf 85' lang='lat' dir='ltr'>nostri</span> <span class='ocrx_word' id='word_1_72' title='bbox 2874 1371 3065 1440; x_wconf 90' lang='lat' dir='ltr'>nobi·</span> 
     </span>
     <span class='ocr_line' id='line_1_12' title="bbox 813 1479 3068 1572; baseline -0.001 -20"><span class='ocrx_word' id='word_1_73' title='bbox 813 1485 985 1553; x_wconf 90' lang='lat' dir='ltr'>libus</span> <span class='ocrx_word' id='word_1_74' title='bbox 1016 1485 1105 1552; x_wconf 87' lang='lat' dir='ltr'>ad</span> <span class='ocrx_word' id='word_1_75' title='bbox 1132 1493 1356 1572; x_wconf 90' lang='lat' dir='ltr'>partes</span> <span class='ocrx_word' id='word_1_76' title='bbox 1408 1483 1768 1552; x_wconf 88' lang='lat' dir='ltr'>maritimas</span> <span class='ocrx_word' id='word_1_77' title='bbox 1799 1504 1917 1570; x_wconf 88' lang='lat' dir='ltr'>pro</span> <span class='ocrx_word' id='word_1_78' title='bbox 1949 1480 2253 1551; x_wconf 82' lang='lat' dir='ltr'>habendo</span> <span class='ocrx_word' id='word_1_79' title='bbox 2308 1479 2594 1551; x_wconf 89' lang='lat' dir='ltr'>remedio</span> <span class='ocrx_word' id='word_1_80' title='bbox 2623 1490 2690 1547; x_wconf 88' lang='lat' dir='ltr'>et</span> <span class='ocrx_word' id='word_1_81' title='bbox 2729 1479 3068 1565; x_wconf 88' lang='lat' dir='ltr'>querendo</span> 
     </span>
     <span class='ocr_line' id='line_1_13' title="bbox 815 1589 3072 1681; baseline -0.003 -19"><span class='ocrx_word' id='word_1_82' title='bbox 815 1592 1109 1662; x_wconf 87' lang='lat' dir='ltr'>subsidio</span> <span class='ocrx_word' id='word_1_83' title='bbox 1161 1592 1451 1681; x_wconf 87' lang='lat' dir='ltr'>peruecti</span> <span class='ocrx_word' id='word_1_84' title='bbox 1501 1591 1872 1678; x_wconf 85' lang='lat' dir='ltr'>fuissemus,</span> <span class='ocrx_word' id='word_1_85' title='bbox 1928 1591 2127 1677; x_wconf 89' lang='lat' dir='ltr'>ijdem</span> <span class='ocrx_word' id='word_1_86' title='bbox 2163 1589 2556 1677; x_wconf 84' lang='lat' dir='ltr'>Ladyzlaus,</span> <span class='ocrx_word' id='word_1_87' title='bbox 2606 1589 2952 1677; x_wconf 88' lang='lat' dir='ltr'>Philippus</span> <span class='ocrx_word' id='word_1_88' title='bbox 3002 1598 3072 1657; x_wconf 88' lang='lat' dir='ltr'>et</span> 
     </span>
     <span class='ocr_line' id='line_1_14' title="bbox 815 1695 3064 1788; baseline -0.002 -18"><span class='ocrx_word' id='word_1_89' title='bbox 815 1702 1171 1788; x_wconf 79' lang='lat' dir='ltr'>Gregorius</span> <span class='ocrx_word' id='word_1_90' title='bbox 1202 1700 1436 1771; x_wconf 88' lang='lat' dir='ltr'>deuote</span> <span class='ocrx_word' id='word_1_91' title='bbox 1469 1699 1803 1769; x_wconf 86' lang='lat' dir='ltr'>fidelitatis</span> <span class='ocrx_word' id='word_1_92' title='bbox 1836 1699 2184 1769; x_wconf 81' lang='lat' dir='ltr'>famulatus</span> <span class='ocrx_word' id='word_1_93' title='bbox 2236 1699 2478 1767; x_wconf 88' lang='lat' dir='ltr'>ibidem</span> <span class='ocrx_word' id='word_1_94' title='bbox 2517 1695 2939 1767; x_wconf 87' lang='lat' dir='ltr'>laudabiliter</span> <span class='ocrx_word' id='word_1_95' title='bbox 2968 1699 3064 1766; x_wconf 93' lang='lat' dir='ltr'>in-</span> 
     </span>
     <span class='ocr_line' id='line_1_15' title="bbox 814 1806 3065 1898; baseline -0 -22"><span class='ocrx_word' id='word_1_96' title='bbox 814 1810 1198 1898; x_wconf 89' lang='lat' dir='ltr'>penderunt.</span> <span class='ocrx_word' id='word_1_97' title='bbox 1248 1810 1333 1875; x_wconf 89' lang='lat' dir='ltr'>Et</span> <span class='ocrx_word' id='word_1_98' title='bbox 1364 1810 1516 1877; x_wconf 90' lang='lat' dir='ltr'>licet</span> <span class='ocrx_word' id='word_1_99' title='bbox 1541 1829 1582 1877; x_wconf 89' lang='lat' dir='ltr'>a</span> <span class='ocrx_word' id='word_1_100' title='bbox 1613 1811 1826 1895; x_wconf 84' lang='lat' dir='ltr'>Regia</span> <span class='ocrx_word' id='word_1_101' title='bbox 1876 1807 2327 1876; x_wconf 89' lang='lat' dir='ltr'>munificencia</span> <span class='ocrx_word' id='word_1_102' title='bbox 2364 1806 2633 1875; x_wconf 89' lang='lat' dir='ltr'>minima</span> <span class='ocrx_word' id='word_1_103' title='bbox 2664 1806 3065 1892; x_wconf 89' lang='lat' dir='ltr'>uiderentur,</span> 
     </span>
     <span class='ocr_line' id='line_1_16' title="bbox 814 1914 3069 2004; baseline -0.001 -19"><span class='ocrx_word' id='word_1_104' title='bbox 814 1937 941 2002; x_wconf 86' lang='lat' dir='ltr'>que</span> <span class='ocrx_word' id='word_1_105' title='bbox 970 1915 1059 1985; x_wconf 85' lang='lat' dir='ltr'>ad</span> <span class='ocrx_word' id='word_1_106' title='bbox 1086 1935 1356 2004; x_wconf 89' lang='lat' dir='ltr'>presens</span> <span class='ocrx_word' id='word_1_107' title='bbox 1388 1917 1664 2003; x_wconf 80' lang='lat' dir='ltr'>agimus,</span> <span class='ocrx_word' id='word_1_108' title='bbox 1703 1924 2000 2003; x_wconf 86' lang='lat' dir='ltr'>respectu</span> <span class='ocrx_word' id='word_1_109' title='bbox 2019 1936 2240 1984; x_wconf 88' lang='lat' dir='ltr'>eorum</span> <span class='ocrx_word' id='word_1_110' title='bbox 2265 1934 2392 2000; x_wconf 87' lang='lat' dir='ltr'>que</span> <span class='ocrx_word' id='word_1_111' title='bbox 2421 1914 2639 1984; x_wconf 85' lang='lat' dir='ltr'>facere</span> <span class='ocrx_word' id='word_1_112' title='bbox 2669 1915 3069 1984; x_wconf 85' lang='lat' dir='ltr'>intendimus</span> 
     </span>
     <span class='ocr_line' id='line_1_17' title="bbox 815 2023 3072 2112; baseline 0 -19"><span class='ocrx_word' id='word_1_113' title='bbox 815 2031 883 2093; x_wconf 90' lang='lat' dir='ltr'>et</span> <span class='ocrx_word' id='word_1_114' title='bbox 919 2032 1259 2111; x_wconf 86' lang='lat' dir='ltr'>merentur,</span> <span class='ocrx_word' id='word_1_115' title='bbox 1311 2024 1632 2110; x_wconf 88' lang='lat' dir='ltr'>quasdam</span> <span class='ocrx_word' id='word_1_116' title='bbox 1678 2031 1892 2092; x_wconf 87' lang='lat' dir='ltr'>terras</span> <span class='ocrx_word' id='word_1_117' title='bbox 1924 2024 2138 2094; x_wconf 84' lang='lat' dir='ltr'>Castri</span> <span class='ocrx_word' id='word_1_118' title='bbox 2184 2024 2391 2093; x_wconf 88' lang='lat' dir='ltr'>nostri</span> <span class='ocrx_word' id='word_1_119' title='bbox 2423 2023 2505 2091; x_wconf 91' lang='lat' dir='ltr'>de</span> <span class='ocrx_word' id='word_1_120' title='bbox 2535 2023 2840 2112; x_wconf 87' lang='lat' dir='ltr'>Wolkou,</span> <span class='ocrx_word' id='word_1_121' title='bbox 2888 2026 3072 2095; x_wconf 88' lang='lat' dir='ltr'>Koos</span> 
     </span>
     <span class='ocr_line' id='line_1_18' title="bbox 815 2129 3065 2219; baseline 0.001 -19"><span class='ocrx_word' id='word_1_122' title='bbox 815 2132 1118 2201; x_wconf 84' lang='lat' dir='ltr'>videlicet</span> <span class='ocrx_word' id='word_1_123' title='bbox 1150 2132 1308 2201; x_wconf 79' lang='lat' dir='ltr'>cum&#39;</span> <span class='ocrx_word' id='word_1_124' title='bbox 1324 2134 1462 2201; x_wconf 88' lang='lat' dir='ltr'>suis</span> <span class='ocrx_word' id='word_1_125' title='bbox 1492 2132 1930 2219; x_wconf 77' lang='lat' dir='ltr'>pertinenciJS,</span> <span class='ocrx_word' id='word_1_126' title='bbox 1966 2133 2304 2199; x_wconf 90' lang='lat' dir='ltr'>Dumbrou</span> <span class='ocrx_word' id='word_1_127' title='bbox 2336 2137 2401 2219; x_wconf 85' lang='lat' dir='ltr'>et</span> <span class='ocrx_word' id='word_1_128' title='bbox 2432 2129 2843 2219; x_wconf 79' lang='lat' dir='ltr'>Kendchapa</span> <span class='ocrx_word' id='word_1_129' title='bbox 2870 2154 3065 2203; x_wconf 84' lang='lat' dir='ltr'>voca-</span> 
     </span>
     <span class='ocr_line' id='line_1_19' title="bbox 816 2240 3071 2333; baseline 0 -22"><span class='ocrx_word' id='word_1_130' title='bbox 816 2249 943 2333; x_wconf 85' lang='lat' dir='ltr'>tas,</span> <span class='ocrx_word' id='word_1_131' title='bbox 994 2262 1138 2311; x_wconf 93' lang='lat' dir='ltr'>cum</span> <span class='ocrx_word' id='word_1_132' title='bbox 1169 2243 1469 2311; x_wconf 91' lang='lat' dir='ltr'>omnibus</span> <span class='ocrx_word' id='word_1_133' title='bbox 1521 2242 1914 2309; x_wconf 79' lang='lat' dir='ltr'>utilitatibus</span> <span class='ocrx_word' id='word_1_134' title='bbox 1947 2248 2012 2308; x_wconf 89' lang='lat' dir='ltr'>et</span> <span class='ocrx_word' id='word_1_135' title='bbox 2054 2240 2478 2330; x_wconf 87' lang='lat' dir='ltr'>pertinencijs</span> <span class='ocrx_word' id='word_1_136' title='bbox 2510 2244 2674 2328; x_wconf 89' lang='lat' dir='ltr'>suis,</span> <span class='ocrx_word' id='word_1_137' title='bbox 2726 2244 2794 2311; x_wconf 91' lang='lat' dir='ltr'>in</span> <span class='ocrx_word' id='word_1_138' title='bbox 2835 2243 3071 2313; x_wconf 88' lang='lat' dir='ltr'>eodem</span> 
     </span>
     <span class='ocr_line' id='line_1_20' title="bbox 818 2349 3067 2438; baseline 0.001 -21"><span class='ocrx_word' id='word_1_139' title='bbox 818 2352 1143 2420; x_wconf 74' lang='lat' dir='ltr'>comitatu</span> <span class='ocrx_word' id='word_1_140' title='bbox 1192 2350 1566 2435; x_wconf 84' lang='lat' dir='ltr'>existentes,</span> <span class='ocrx_word' id='word_1_141' title='bbox 1616 2351 1735 2418; x_wconf 91' lang='lat' dir='ltr'>sub</span> <span class='ocrx_word' id='word_1_142' title='bbox 1785 2349 2066 2437; x_wconf 77' lang='lat' dir='ltr'>hiJsdem</span> <span class='ocrx_word' id='word_1_143' title='bbox 2118 2349 2308 2417; x_wconf 84' lang='lat' dir='ltr'>metis</span> <span class='ocrx_word' id='word_1_144' title='bbox 2358 2356 2425 2416; x_wconf 91' lang='lat' dir='ltr'>et</span> <span class='ocrx_word' id='word_1_145' title='bbox 2460 2349 2778 2436; x_wconf 88' lang='lat' dir='ltr'>terminis,</span> <span class='ocrx_word' id='word_1_146' title='bbox 2830 2352 3067 2438; x_wconf 87' lang='lat' dir='ltr'>quibus</span> 
     </span>
     <span class='ocr_line' id='line_1_21' title="bbox 819 2458 3068 2546; baseline 0.002 -19"><span class='ocrx_word' id='word_1_147' title='bbox 819 2460 1043 2528; x_wconf 89' lang='lat' dir='ltr'>eedem</span> <span class='ocrx_word' id='word_1_148' title='bbox 1094 2465 1266 2528; x_wconf 89' lang='lat' dir='ltr'>terre</span> <span class='ocrx_word' id='word_1_149' title='bbox 1318 2459 1404 2525; x_wconf 90' lang='lat' dir='ltr'>ad</span> <span class='ocrx_word' id='word_1_150' title='bbox 1456 2458 1820 2546; x_wconf 90' lang='lat' dir='ltr'>predictum</span> <span class='ocrx_word' id='word_1_151' title='bbox 1870 2458 2172 2527; x_wconf 80' lang='lat' dir='ltr'>Castrum</span> <span class='ocrx_word' id='word_1_152' title='bbox 2220 2466 2510 2528; x_wconf 89' lang='lat' dir='ltr'>nostrum</span> <span class='ocrx_word' id='word_1_153' title='bbox 2559 2460 3068 2531; x_wconf 88' lang='lat' dir='ltr'>dinoscebantur</span> 
     </span>
     <span class='ocr_line' id='line_1_22' title="bbox 815 2568 3068 2658; baseline 0.002 -21"><span class='ocrx_word' id='word_1_154' title='bbox 815 2570 1161 2658; x_wconf 88' lang='lat' dir='ltr'>pertinere,</span> <span class='ocrx_word' id='word_1_155' title='bbox 1216 2574 1282 2636; x_wconf 91' lang='lat' dir='ltr'>et</span> <span class='ocrx_word' id='word_1_156' title='bbox 1331 2569 1610 2638; x_wconf 88' lang='lat' dir='ltr'>limitate</span> <span class='ocrx_word' id='word_1_157' title='bbox 1639 2570 1898 2637; x_wconf 86' lang='lat' dir='ltr'>fuerant</span> <span class='ocrx_word' id='word_1_158' title='bbox 1945 2587 2023 2635; x_wconf 85' lang='lat' dir='ltr'>ac</span> <span class='ocrx_word' id='word_1_159' title='bbox 2054 2587 2381 2658; x_wconf 89' lang='lat' dir='ltr'>possesse,</span> <span class='ocrx_word' id='word_1_160' title='bbox 2432 2568 2678 2638; x_wconf 91' lang='lat' dir='ltr'>eisdem</span> <span class='ocrx_word' id='word_1_161' title='bbox 2727 2570 3068 2656; x_wconf 85' lang='lat' dir='ltr'>Ladizlao,</span> 
     </span>
     <span class='ocr_line' id='line_1_23' title="bbox 818 2679 3071 2769; baseline 0.001 -22"><span class='ocrx_word' id='word_1_162' title='bbox 818 2679 1117 2768; x_wconf 88' lang='lat' dir='ltr'>Philippo</span> <span class='ocrx_word' id='word_1_163' title='bbox 1149 2686 1215 2747; x_wconf 92' lang='lat' dir='ltr'>et</span> <span class='ocrx_word' id='word_1_164' title='bbox 1245 2679 1582 2766; x_wconf 79' lang='lat' dir='ltr'>Gregorio,</span> <span class='ocrx_word' id='word_1_165' title='bbox 1635 2686 1704 2746; x_wconf 93' lang='lat' dir='ltr'>et</span> <span class='ocrx_word' id='word_1_166' title='bbox 1733 2699 1855 2767; x_wconf 88' lang='lat' dir='ltr'>per</span> <span class='ocrx_word' id='word_1_167' title='bbox 1885 2700 1999 2748; x_wconf 89' lang='lat' dir='ltr'>eos</span> <span class='ocrx_word' id='word_1_168' title='bbox 2031 2680 2167 2748; x_wconf 89' lang='lat' dir='ltr'>suis</span> <span class='ocrx_word' id='word_1_169' title='bbox 2204 2679 2572 2766; x_wconf 89' lang='lat' dir='ltr'>heredibus,</span> <span class='ocrx_word' id='word_1_170' title='bbox 2622 2681 3071 2769; x_wconf 85' lang='lat' dir='ltr'>heredumque</span> 
     </span>
     <span class='ocr_line' id='line_1_24' title="bbox 819 2786 3073 2876; baseline 0.003 -22"><span class='ocrx_word' id='word_1_171' title='bbox 819 2804 1077 2856; x_wconf 80' lang='lat' dir='ltr'>suorum</span> <span class='ocrx_word' id='word_1_172' title='bbox 1109 2788 1509 2875; x_wconf 90' lang='lat' dir='ltr'>inposterum</span> <span class='ocrx_word' id='word_1_173' title='bbox 1532 2788 2037 2871; x_wconf 87' lang='lat' dir='ltr'>successoribus,</span> <span class='ocrx_word' id='word_1_174' title='bbox 2070 2786 2390 2876; x_wconf 88' lang='lat' dir='ltr'>dedimus,</span> <span class='ocrx_word' id='word_1_175' title='bbox 2423 2787 2810 2859; x_wconf 88' lang='lat' dir='ltr'>donauimus</span> <span class='ocrx_word' id='word_1_176' title='bbox 2835 2797 2904 2859; x_wconf 89' lang='lat' dir='ltr'>et</span> <span class='ocrx_word' id='word_1_177' title='bbox 2922 2813 3073 2861; x_wconf 90' lang='lat' dir='ltr'>con·</span> 
     </span>
     <span class='ocr_line' id='line_1_25' title="bbox 821 2895 3071 2985; baseline 0.002 -22"><span class='ocrx_word' id='word_1_178' title='bbox 821 2895 1104 2981; x_wconf 88' lang='lat' dir='ltr'>tulimus,</span> <span class='ocrx_word' id='word_1_179' title='bbox 1138 2897 1278 2964; x_wconf 90' lang='lat' dir='ltr'>iure</span> <span class='ocrx_word' id='word_1_180' title='bbox 1307 2904 1622 2985; x_wconf 86' lang='lat' dir='ltr'>perpetuo</span> <span class='ocrx_word' id='word_1_181' title='bbox 1656 2903 1722 2964; x_wconf 91' lang='lat' dir='ltr'>et</span> <span class='ocrx_word' id='word_1_182' title='bbox 1751 2895 2278 2966; x_wconf 88' lang='lat' dir='ltr'>inreuocabiliter</span> <span class='ocrx_word' id='word_1_183' title='bbox 2310 2895 2579 2984; x_wconf 87' lang='lat' dir='ltr'>pacifice</span> <span class='ocrx_word' id='word_1_184' title='bbox 2606 2896 3071 2984; x_wconf 85' lang='lat' dir='ltr'>possidendas,</span> 
     </span>
     <span class='ocr_line' id='line_1_26' title="bbox 821 3004 3067 3095; baseline 0 -22"><span class='ocrx_word' id='word_1_185' title='bbox 821 3026 862 3073; x_wconf 90' lang='lat' dir='ltr'>a</span> <span class='ocrx_word' id='word_1_186' title='bbox 881 3004 1338 3075; x_wconf 89' lang='lat' dir='ltr'>iurisdiccione</span> <span class='ocrx_word' id='word_1_187' title='bbox 1356 3012 1421 3072; x_wconf 90' lang='lat' dir='ltr'>et</span> <span class='ocrx_word' id='word_1_188' title='bbox 1452 3012 1774 3094; x_wconf 83' lang='lat' dir='ltr'>potestate</span> <span class='ocrx_word' id='word_1_189' title='bbox 1805 3006 2011 3095; x_wconf 89' lang='lat' dir='ltr'>ipsius</span> <span class='ocrx_word' id='word_1_190' title='bbox 2031 3004 2248 3074; x_wconf 84' lang='lat' dir='ltr'>Castri</span> <span class='ocrx_word' id='word_1_191' title='bbox 2281 3025 2398 3093; x_wconf 89' lang='lat' dir='ltr'>per</span> <span class='ocrx_word' id='word_1_192' title='bbox 2419 3005 2636 3075; x_wconf 88' lang='lat' dir='ltr'>omnia</span> <span class='ocrx_word' id='word_1_193' title='bbox 2654 3007 3067 3077; x_wconf 87' lang='lat' dir='ltr'>exhimendo.</span> 
     </span>
     <span class='ocr_line' id='line_1_27' title="bbox 823 3112 3072 3201; baseline 0.001 -19"><span class='ocrx_word' id='word_1_194' title='bbox 823 3115 905 3182; x_wconf 93' lang='lat' dir='ltr'>Vt</span> <span class='ocrx_word' id='word_1_195' title='bbox 934 3114 1133 3201; x_wconf 86' lang='lat' dir='ltr'>igitur</span> <span class='ocrx_word' id='word_1_196' title='bbox 1164 3115 1356 3182; x_wconf 90' lang='lat' dir='ltr'>huius</span> <span class='ocrx_word' id='word_1_197' title='bbox 1387 3120 1610 3184; x_wconf 88' lang='lat' dir='ltr'>nostre</span> <span class='ocrx_word' id='word_1_198' title='bbox 1643 3114 2028 3185; x_wconf 87' lang='lat' dir='ltr'>collacionis</span> <span class='ocrx_word' id='word_1_199' title='bbox 2066 3135 2182 3183; x_wconf 89' lang='lat' dir='ltr'>seu</span> <span class='ocrx_word' id='word_1_200' title='bbox 2214 3112 2599 3184; x_wconf 80' lang='lat' dir='ltr'>donacionis</span> <span class='ocrx_word' id='word_1_201' title='bbox 2636 3116 2843 3184; x_wconf 88' lang='lat' dir='ltr'>series</span> <span class='ocrx_word' id='word_1_202' title='bbox 2875 3117 3072 3187; x_wconf 91' lang='lat' dir='ltr'>robur</span> 
     </span>
     <span class='ocr_line' id='line_1_28' title="bbox 825 3223 3073 3316; baseline 0.002 -26"><span class='ocrx_word' id='word_1_203' title='bbox 825 3223 1117 3291; x_wconf 89' lang='lat' dir='ltr'>obtineat</span> <span class='ocrx_word' id='word_1_204' title='bbox 1145 3230 1452 3311; x_wconf 90' lang='lat' dir='ltr'>perpetue</span> <span class='ocrx_word' id='word_1_205' title='bbox 1481 3225 1828 3311; x_wconf 87' lang='lat' dir='ltr'>firmitatis,</span> <span class='ocrx_word' id='word_1_206' title='bbox 1876 3243 1997 3291; x_wconf 89' lang='lat' dir='ltr'>uec</span> <span class='ocrx_word' id='word_1_207' title='bbox 2029 3226 2161 3294; x_wconf 92' lang='lat' dir='ltr'>ullo</span> <span class='ocrx_word' id='word_1_208' title='bbox 2196 3245 2500 3310; x_wconf 90' lang='lat' dir='ltr'>umquam</span> <span class='ocrx_word' id='word_1_209' title='bbox 2537 3229 2829 3313; x_wconf 88' lang='lat' dir='ltr'>tempore</span> <span class='ocrx_word' id='word_1_210' title='bbox 2858 3233 3073 3316; x_wconf 87' lang='lat' dir='ltr'>possit</span> 
     </span>
     <span class='ocr_line' id='line_1_29' title="bbox 795 3332 3072 3422; baseline 0.002 -22"><span class='ocrx_word' id='word_1_211' title='bbox 795 3354 938 3422; x_wconf 70' lang='lat' dir='ltr'>=per</span> <span class='ocrx_word' id='word_1_212' title='bbox 969 3332 1338 3421; x_wconf 89' lang='lat' dir='ltr'>quempiam</span> <span class='ocrx_word' id='word_1_213' title='bbox 1389 3332 1454 3400; x_wconf 90' lang='lat' dir='ltr'>in</span> <span class='ocrx_word' id='word_1_214' title='bbox 1485 3333 1740 3403; x_wconf 88' lang='lat' dir='ltr'>irritum</span> <span class='ocrx_word' id='word_1_215' title='bbox 1770 3335 2084 3420; x_wconf 89' lang='lat' dir='ltr'>reuocari,</span> <span class='ocrx_word' id='word_1_216' title='bbox 2120 3341 2456 3422; x_wconf 88' lang='lat' dir='ltr'>presentes</span> <span class='ocrx_word' id='word_1_217' title='bbox 2497 3335 2937 3406; x_wconf 77' lang='lat' dir='ltr'>concessimus</span> <span class='ocrx_word' id='word_1_218' title='bbox 2965 3337 3072 3405; x_wconf 90' lang='lat' dir='ltr'>lit·</span> 
     </span>
     <span class='ocr_line' id='line_1_30' title="bbox 820 3423 3074 3534; baseline 0.002 -25"><span class='ocrx_word' id='word_1_219' title='bbox 820 3449 1018 3527; x_wconf 86' lang='lat' dir='ltr'>teras,</span> <span class='ocrx_word' id='word_1_220' title='bbox 1070 3442 1273 3528; x_wconf 90' lang='lat' dir='ltr'>sigilli</span> <span class='ocrx_word' id='word_1_221' title='bbox 1322 3442 1530 3512; x_wconf 89' lang='lat' dir='ltr'>nostri</span> <span class='ocrx_word' id='word_1_222' title='bbox 1560 3423 1841 3531; x_wconf 81' lang='lat' dir='ltr'>duplicis</span> <span class='ocrx_word' id='word_1_223' title='bbox 1871 3442 2228 3511; x_wconf 89' lang='lat' dir='ltr'>munimine</span> <span class='ocrx_word' id='word_1_224' title='bbox 2268 3443 2626 3511; x_wconf 84' lang='lat' dir='ltr'>roboratas.</span> <span class='ocrx_word' id='word_1_225' title='bbox 2678 3444 2924 3514; x_wconf 82' lang='lat' dir='ltr'>Datum</span> <span class='ocrx_word' id='word_1_226' title='bbox 2955 3467 3074 3534; x_wconf 93' lang='lat' dir='ltr'>per</span> 
     </span>
     <span class='ocr_line' id='line_1_31' title="bbox 822 3550 3069 3638; baseline 0.002 -21"><span class='ocrx_word' id='word_1_227' title='bbox 822 3569 1051 3618; x_wconf 88' lang='lat' dir='ltr'>manus</span> <span class='ocrx_word' id='word_1_228' title='bbox 1082 3550 1449 3636; x_wconf 87' lang='lat' dir='ltr'>Smaragdy</span> <span class='ocrx_word' id='word_1_229' title='bbox 1471 3550 1778 3620; x_wconf 88' lang='lat' dir='ltr'>Albensis</span> <span class='ocrx_word' id='word_1_230' title='bbox 1797 3551 2090 3620; x_wconf 90' lang='lat' dir='ltr'>Ecclesie</span> <span class='ocrx_word' id='word_1_231' title='bbox 2108 3551 2432 3638; x_wconf 88' lang='lat' dir='ltr'>Prepositi</span> <span class='ocrx_word' id='word_1_232' title='bbox 2465 3551 2614 3620; x_wconf 90' lang='lat' dir='ltr'>aule</span> <span class='ocrx_word' id='word_1_233' title='bbox 2645 3559 2864 3621; x_wconf 91' lang='lat' dir='ltr'>nostre</span> <span class='ocrx_word' id='word_1_234' title='bbox 2883 3555 3069 3622; x_wconf 86' lang='lat' dir='ltr'>Vice-</span> 
     </span>
     <span class='ocr_line' id='line_1_32' title="bbox 825 3655 3069 3750; baseline 0.003 -25"><span class='ocrx_word' id='word_1_235' title='bbox 825 3656 1239 3745; x_wconf 74' lang='lat' dir='ltr'>CancellariJ,</span> <span class='ocrx_word' id='word_1_236' title='bbox 1264 3657 1472 3726; x_wconf 87' lang='lat' dir='ltr'>Electi</span> <span class='ocrx_word' id='word_1_237' title='bbox 1503 3661 1795 3728; x_wconf 86' lang='lat' dir='ltr'>Ecclesie</span> <span class='ocrx_word' id='word_1_238' title='bbox 1817 3659 2236 3729; x_wconf 88' lang='lat' dir='ltr'>Colochensis</span> <span class='ocrx_word' id='word_1_239' title='bbox 2269 3659 2491 3727; x_wconf 88' lang='lat' dir='ltr'>dilecti</span> <span class='ocrx_word' id='word_1_240' title='bbox 2509 3668 2574 3730; x_wconf 85' lang='lat' dir='ltr'>et</span> <span class='ocrx_word' id='word_1_241' title='bbox 2601 3655 2812 3729; x_wconf 84' lang='lat' dir='ltr'>fidelis</span> <span class='ocrx_word' id='word_1_242' title='bbox 2842 3665 3069 3750; x_wconf 87' lang='lat' dir='ltr'>nostri,</span> 
     </span>
     <span class='ocr_line' id='line_1_33' title="bbox 823 3765 3072 3860; baseline 0.003 -26"><span class='ocrx_word' id='word_1_243' title='bbox 823 3787 991 3837; x_wconf 89' lang='lat' dir='ltr'>anno</span> <span class='ocrx_word' id='word_1_244' title='bbox 1002 3766 1261 3835; x_wconf 90' lang='lat' dir='ltr'>Domini</span> <span class='ocrx_word' id='word_1_245' title='bbox 1280 3766 1371 3833; x_wconf 71' lang='grc' dir='ltr'>Μο</span> <span class='ocrx_word' id='word_1_246' title='bbox 1382 3765 1511 3836; x_wconf 82' lang='lat'>00⁰</span> <span class='ocrx_word' id='word_1_247' title='bbox 1529 3768 2067 3857; x_wconf 84' lang='lat' dir='ltr'>quinquagesimo</span> <span class='ocrx_word' id='word_1_248' title='bbox 2086 3774 2342 3854; x_wconf 83' lang='lat' dir='ltr'>octauo,</span> <span class='ocrx_word' id='word_1_249' title='bbox 2361 3774 2590 3839; x_wconf 85' lang='lat' dir='ltr'>octauo</span> <span class='ocrx_word' id='word_1_250' title='bbox 2611 3767 2757 3839; x_wconf 87' lang='lat' dir='ltr'>idus</span> <span class='ocrx_word' id='word_1_251' title='bbox 2769 3771 3072 3860; x_wconf 87' lang='lat' dir='ltr'>Augusti,</span> 
     </span>
     <span class='ocr_line' id='line_1_34' title="bbox 823 3876 2324 3962; baseline -0.001 -17"><span class='ocrx_word' id='word_1_252' title='bbox 823 3876 1035 3962; x_wconf 85' lang='lat' dir='ltr'>Regni</span> <span class='ocrx_word' id='word_1_253' title='bbox 1066 3881 1282 3944; x_wconf 89' lang='lat' dir='ltr'>autem</span> <span class='ocrx_word' id='word_1_254' title='bbox 1313 3878 1515 3946; x_wconf 88' lang='lat' dir='ltr'>nostri</span> <span class='ocrx_word' id='word_1_255' title='bbox 1550 3899 1726 3948; x_wconf 89' lang='lat' dir='ltr'>anno</span> <span class='ocrx_word' id='word_1_256' title='bbox 1758 3880 2067 3947; x_wconf 86' lang='lat' dir='ltr'>vicesimo</span> <span class='ocrx_word' id='word_1_257' title='bbox 2103 3879 2324 3948; x_wconf 90' lang='lat' dir='ltr'>tercio.</span> 
     </span>
    </p>
   </div>
   <div class='ocr_carea' id='block_1_4' title="bbox 826 4073 3067 4241">
    <p class='ocr_par' dir='ltr' id='par_1_4' title="bbox 826 4073 3067 4241">
     <span class='ocr_line' id='line_1_35' title="bbox 826 4073 3067 4151; baseline 0.003 -23"><span class='ocrx_word' id='word_1_258' title='bbox 826 4073 1098 4146; x_wconf 85' lang='lat' dir='ltr'>(Eredetie</span> <span class='ocrx_word' id='word_1_259' title='bbox 1136 4075 1464 4144; x_wconf 63' lang='lat' dir='ltr'>b6rhartyan</span> <span class='ocrx_word' id='word_1_260' title='bbox 1488 4118 1501 4141; x_wconf 86' lang='lat'>,</span> <span class='ocrx_word' id='word_1_261' title='bbox 1548 4079 1802 4146; x_wconf 85' lang='lat' dir='ltr'>melynek</span> <span class='ocrx_word' id='word_1_262' title='bbox 1840 4077 2183 4147; x_wconf 59' lang='lat' dir='ltr'>votos-sama</span> <span class='ocrx_word' id='word_1_263' title='bbox 2221 4078 2677 4146; x_wconf 73' lang='lat' dir='ltr'>selyemzsinoron</span> <span class='ocrx_word' id='word_1_264' title='bbox 2716 4082 2939 4149; x_wconf 68' lang='lat' dir='ltr'>fiiggsstt</span> <span class='ocrx_word' id='word_1_265' title='bbox 2978 4101 3067 4151; x_wconf 89' lang='lat' dir='ltr'>pe·</span> 
     </span>
     <span class='ocr_line' id='line_1_36' title="bbox 1171 4167 2722 4241; baseline 0.001 -22"><span class='ocrx_word' id='word_1_266' title='bbox 1171 4167 1342 4234; x_wconf 71' lang='lat' dir='ltr'>csetje</span> <span class='ocrx_word' id='word_1_267' title='bbox 1369 4170 1645 4233; x_wconf 76' lang='lat' dir='ltr'>elveszett,</span> <span class='ocrx_word' id='word_1_268' title='bbox 1687 4186 1720 4222; x_wconf 86' lang='lat' dir='ltr'>a</span> <span class='ocrx_word' id='word_1_269' title='bbox 1747 4171 1909 4223; x_wconf 86' lang='lat' dir='ltr'>budai</span> <span class='ocrx_word' id='word_1_270' title='bbox 1938 4172 2039 4222; x_wconf 86' lang='lat' dir='ltr'>kir.</span> <span class='ocrx_word' id='word_1_271' title='bbox 2068 4172 2315 4223; x_wconf 77' lang='lat' dir='ltr'>kamarai</span> <span class='ocrx_word' id='word_1_272' title='bbox 2345 4168 2722 4241; x_wconf 60' lang='lat' dir='ltr'>lovslthrban.)</span> 
     </span>
    </p>
   </div>
   <div class='ocr_carea' id='block_1_5' title="bbox 1682 4443 2205 4458">
    <p class='ocr_par' dir='ltr' id='par_1_5' title="bbox 1682 4443 2205 4458">
     <span class='ocr_line' id='line_1_37' title="bbox 1682 4443 2205 4458; baseline 0.006 -5"><span class='ocrx_word' id='word_1_273' title='bbox 1682 4446 1825 4455; x_wconf 40' lang='lat' dir='ltr'>³..-ss</span> <span class='ocrx_word' id='word_1_274' title='bbox 1844 4443 1965 4455; x_wconf 45' lang='lat' dir='ltr'>„fia—u</span> <span class='ocrx_word' id='word_1_275' title='bbox 1984 4451 1991 4455; x_wconf 74' lang='lat'><strong>.</strong></span> <span class='ocrx_word' id='word_1_276' title='bbox 2016 4443 2205 4458; x_wconf 37' lang='lat' dir='ltr'>amq-⁴³..—</span> 
     </span>
    </p>
   </div>
  </div>
 </body>
</html>
