3359 5250
1787 290 1876 356 22

699 496 1061 575 erexerant,
1115 489 1362 573 destruj
1413 487 1710 572 fecimus,
1763 493 1827 554 et
1873 487 2228 555 secundum
2278 491 2488 552 metas
2536 490 2792 551 ueteres
2841 501 2962 568 per

695 599 975 666 eundem
1007 597 1326 667 Comitem
1357 596 1626 681 limitarj
1661 596 2183 684 prenominatam
2234 605 2473 661 terram
2512 600 2577 658 et
2628 588 2958 675 assignari

695 715 760 775 et
808 708 1060 794 restituj
1098 705 1393 773 Ecclesie
1442 704 1785 771 antediote.
1839 704 1914 770 In
1952 704 2135 769 cuius
2186 701 2283 768 rei
2326 700 2772 769 testimonium
2816 718 2960 785 pre-

695 822 914 882 sentes
948 814 1246 881 dedimus
1277 811 1531 879 litteras
1582 817 1952 880 nostrorum
1985 810 2352 895 sigillorum
2375 809 2740 899 munimine
2777 806 2962 874 robo-

694 927 897 990 ratas.
961 923 1195 988 Aetam
1245 940 1418 987 anno
1480 920 1566 985 ab
1615 919 2081 985 Incarnacione
2131 918 2397 984 Domini
2446 919 2539 983 Μ’
2572 915 2704 982 00⁰
2736 914 2960 982 XXX⁶

697 1037 905 1115 sexto,
937 1048 1160 1097 mense
1191 1027 1408 1096 Junio.

900 1226 998 1292 (ΔΖ
1026 1228 1228 1280 eredeti
1253 1224 1387 1281 uun
1410 1230 1602 1280 Knauz
1630 1224 1866 1286 Nindor,
1893 1228 2123 1292 Magyar
2147 1226 2277 1277 Sion
2308 1227 2381 1276 11.
2408 1225 2520 1277 kot.
2549 1226 2670 1276 434.
2698 1225 2756 1289 l.)

1572 1509 2092 1522 ...—-.-————-———

1793 1956 1901 2024 13.

705 2138 1020 2204 Bertazan
1073 2139 1412 2222 veszprdmi
1428 2137 1685 2223 pilspbk
1716 2140 1782 2203 ὄσ
1814 2135 2134 2201 ῘοίῙοϋΙᾶὅιι
2178 2135 2522 2201 birdtdreai
2549 2134 2815 2222 Somoqy
2843 2157 2961 2199 me·

701 2247 935 2333 9y6ben
994 2241 1282 2308 Borhold
1335 2241 1709 2330 helyedqnek
1769 2241 2403 2328 birtokviezoreyairdl
2447 2240 2697 2309 ite'lnek.
2760 2243 2961 2311 1236.

921 2438 1369 2505 Bartolomeus
1417 2436 1542 2504 Dei
1594 2436 1821 2522 gracia
1851 2439 2220 2525 Episcopus
2259 2437 2786 2523 Vesprimiensis‚
2839 2438 2963 2504 La-

706 2546 961 2614 dizlaus
1014 2545 1245 2612 Comes
1293 2544 1748 2632 symigiensis,
1800 2544 1998 2632 Iseph
2050 2544 2384 2631 Magister,
2437 2542 2790 2613 Ladizlaus
2841 2545 2962 2613 Co·

708 2676 866 2740 mes,
917 2654 1222 2741 Mychael
1274 2652 1508 2720 Comes
1529 2705 1547 2738 ,
1598 2651 1953 2736 Martinus,
2005 2652 2295 2721 Jacobus
2319 2703 2337 2737 ,
2394 2654 2753 2739 Johannes,
2803 2655 2963 2721 Her-

708 2765 899 2849 ricus,
950 2766 1095 2847 Bot,
1146 2763 1326 2828 Luca
1375 2767 1439 2827 et
1491 2760 1604 2845 alij
1660 2779 1885 2827 eorum
1938 2761 2122 2845 socii,
2172 2762 2591 2848 inquisitores
2641 2762 2724 2829 de
2767 2766 2962 2830 terris

708 2873 777 2939 in
827 2871 1143 2956 Simigi05
1199 2869 1497 2937 omnibus
1535 2876 1872 2957 presentes
1925 2870 2181 2938 litteras
2231 2871 2626 2959 inspecturis
2683 2874 2962 2941 salutem

706 2982 775 3048 in
827 2978 1106 3047 Domino
1159 2978 1201 3046 J
1203 2998 1320 3045 esu
1370 2976 1651 3045 Christo.
1713 2977 1820 3044 Ad
1869 2977 2318 3047 vniuersitatis
2367 2989 2585 3049 vestre
2650 2981 2960 3049 noticiam

705 3090 1006 3159 volumus
1067 3086 1411 3174 peruenire
1432 3138 1451 3172 ,
1522 3085 1699 3172 quod
1763 3106 1909 3153 cum
1971 3106 2261 3155 essemus
2322 3088 2737 3173 inquisitores
2799 3090 2963 3156 veri-

704 3196 859 3263 tatis
919 3196 988 3261 in
1036 3194 1395 3261 Parrochia
1443 3193 1822 3278 Simigiensi
1885 3215 2084 3281 super
2132 3197 2330 3264 terris
2380 3204 2446 3263 et
2499 3197 2654 3282 alijs
2716 3196 2963 3264 iuribus

705 3303 1166 3386 Ecclesiamm,
1217 3302 1647 3368 serviencium
1678 3303 1899 3389 Regis,
1937 3305 2388 3389 castrensium,
2439 3305 2962 3387 vduarnicorum‚

705 3408 1095 3497 populorum
1127 3407 1396 3493 Regine,
1449 3428 1492 3472 a
1522 3406 1784 3474 domino
1816 3409 1977 3476 Bela
2006 3413 2188 3496 Rege
2229 3412 2580 3497 constituti,
2616 3411 2703 3479 ad
2733 3413 2964 3479 villam

706 3514 969 3584 Borhod
1017 3514 1434 3595 accessimus,
1487 3522 1552 3581 et
1582 3515 1825 3582 ibidem
1876 3519 2225 3587 multorum
2272 3521 2622 3608 proborum
2673 3520 2961 3589 virorum

700 3621 1072 3691 testimonio
1105 3622 1380 3706 occulta,
1438 3622 1795 3709 suptilique
1826 3643 1905 3691 ac
1953 3625 2297 3712 indaganti
2343 3627 2708 3696 invenimus
2755 3628 2964 3714 inqui·

702 3732 970 3817 sicione,
1028 3727 1202 3813 quod
1233 3728 1558 3815 Georgius
1592 3728 1825 3799 Comes
1874 3732 2046 3801 filius
2083 3736 2270 3802 Mour
2299 3742 2591 3802 trecenta
2641 3744 2705 3802 et
2736 3736 2963 3803 decem

705 3843 938 3925 iugera
983 3844 1157 3905 terre
1206 3838 1622 3925 campestria,
1677 3846 1743 3904 et
1775 3841 2213 3926 quadraginta
2260 3842 2497 3926 iugera
2542 3850 2738 3928 terre,
2786 3843 2965 3928 quod

704 3950 904 4033 uulgo
939 3947 1174 4014 dicitur
1205 3948 1367 4011 taluc
1396 3945 1667 4031 habuit;
1701 3947 1930 4016 vineas
1962 3970 2217 4035 quoque
2258 3958 2574 4037 quatuor;
2629 3961 2694 4018 et
2725 3951 2961 4019 siluam

701 4058 770 4123 in
804 4055 1056 4123 duobus
1087 4052 1270 4136 locis,
1309 4074 1505 4121 vnam
1540 4074 1669 4138 que
1700 4063 1974 4123 vocatur
2003 4057 2164 4141 ders,
2207 4064 2272 4124 et
2303 4057 2505 4124 aliam
2536 4079 2663 4144 que
2694 4066 2965 4128 vocatur

703 4163 1050 4230 micheam
1070 4159 1265 4248 (igy),
1298 4168 1363 4227 et
1391 4161 1677 4228 fenetum
1696 4162 1762 4228 in
1793 4170 2072 4248 quatuor
2096 4164 2282 4249 locis,
2318 4165 2399 4231 de
2419 4165 2655 4250 quibus
2686 4166 2816 4233 sibi
2844 4186 2964 4255 per

702 4276 1072 4338 castrenses
1124 4267 1207 4335 de
1256 4266 1486 4334 eadem
1536 4270 1701 4336 villa
1750 4272 2334 4355 contradicebatur,
2387 4292 2553 4355 quas
2602 4274 2688 4338 ab
2741 4276 2960 4343 antico

703 4379 877 4446 inste
910 4384 974 4444 et
1004 4377 1222 4459 quiete
1252 4377 1568 4464 possedit,
1617 4388 1683 4446 et
1713 4378 1918 4446 libere
1950 4386 2018 4446 et
2049 4380 2435 4448 inconcusse
2481 4380 2822 4468 possidere
2854 4383 2964 4450 de·

705 4486 864 4552 buit.
896 4482 1084 4550 Vnde
1114 4505 1235 4553 nos
1254 4484 1533 4552 scientes
1567 4486 1663 4552 rei
1683 4487 2042 4571 veritatem,
2091 4489 2264 4572 quod
2298 4490 2518 4556 omnia
2550 4509 2758 4576 supra
2788 4489 2967 4556 dicta

695 4592 792 4659 ad
821 4590 1148 4679 prefatum
1195 4593 1552 4676 Georgium
1584 4592 1905 4662 Comitem
1954 4594 2093 4660 iure
2142 4595 2539 4664 hereditario
2570 4598 2967 4684 pertineant,
