3359 5250
1347 351 1532 420 ·337

332 548 466 615 rius
497 547 885 633 continetur,
919 548 1352 615 concedentes
1384 548 1798 616 concedimus
1830 555 1897 617 et
1927 548 2433 620 determinamus
2470 573 2582 620 no-

329 657 506 723 mine
537 663 604 723 et
636 657 780 725 vice
810 654 1290 743 praedictorum
1322 656 1595 725 Comitis
1626 664 1696 725 et
1725 656 2260 727 consiliariorum
2302 665 2369 727 et
2401 658 2585 727 Com-

330 763 546 832 munis
564 763 834 849 Jadrae,
856 771 929 831 ut
955 761 1195 831 amodo
1217 764 1544 832 Jadretini
1562 762 1647 832 de
1679 767 2021 853 mercibus,
2044 786 2209 852 quas
2241 766 2592 835 detulerint

329 870 644 941 Venetias
677 872 760 938 de
789 872 1019 956 Regno
1052 870 1320 939 Siciliae
1359 873 1500 940 sive
1530 873 1835 959 Apuliae,
1889 881 1956 941 et
1986 874 2069 942 de
2108 876 2260 942 aliis
2291 875 2590 961 partibus

330 978 781 1065 undecunque,
831 979 995 1046 illud
1045 979 1296 1047 datium
1336 978 1677 1051 Communi
1718 982 2141 1050 venetiarum
2189 983 2260 1050 in
2293 982 2589 1051 Venetiis

331 1088 493 1155 dare
530 1096 597 1156 et
644 1089 899 1155 soluere
951 1085 1236 1155 debeant
1283 1097 1350 1155 et
1380 1096 1740 1175 teneantur,
1792 1090 1968 1175 quod
2001 1091 2420 1160 constitutum
2466 1099 2585 1176 est,

329 1197 440 1263 vel
473 1195 557 1265 de
588 1204 804 1264 cetero
833 1195 1029 1264 fuerit
1057 1197 1475 1265 constitutum
1506 1218 1624 1285 per
1653 1196 1986 1267 dominnm
2019 1202 2263 1267 Ducem
2302 1206 2369 1267 et
2398 1200 2584 1267 Com-

331 1322 528 1371 mune
549 1304 963 1372 Venetiarum
997 1305 1202 1372 dandi
1225 1312 1293 1373 et
1322 1305 1623 1375 solvendi
1654 1309 1743 1375 ab
1774 1307 2146 1376 bominibus
2166 1308 2586 1376 venetiarum

333 1413 405 1479 in
437 1411 729 1481 Venetiis
761 1412 1099 1481 Communi
1132 1414 1551 1483 Venetiarnm
1600 1434 1719 1500 pro
1762 1414 1942 1483 datio
1995 1417 2315 1484 dictorum
2366 1417 2588 1485 merci-

333 1520 714 1604 moniorum,
749 1540 914 1606 quas
945 1521 1176 1587 Veneti
1197 1521 1512 1589 Venetias
1542 1529 2005 1611 apportarent3
2037 1525 2134 1592 ita
2165 1522 2341 1609 quod
2359 1522 2591 1592 Jadre-

333 1629 452 1696 tini
490 1628 557 1694 in
607 1629 803 1696 dictis
854 1628 1229 1696 dationibus
1280 1630 1591 1715 aequales
1642 1649 1789 1698 esse
1838 1629 2124 1698 debeant
2177 1633 2589 1700 Venetorum.

329 1738 549 1805 Tenor
577 1743 795 1804 autem
826 1735 1326 1823 commissionis,
1374 1739 1562 1824 cujus
1594 1742 1697 1805 est
1728 1735 1957 1805 habita
1988 1740 2285 1825 superius
2322 1740 2586 1824 mentio,

330 1844 488 1914 talis
518 1850 656 1913 est:

547 1956 624 2021 In
654 1950 916 2021 nomine
945 1951 1070 2020 Dei
1088 1951 1351 2019 Aeterni
1368 1954 1601 2020 Amen.
1632 1953 1824 2022 Anno
1858 1954 1945 2020 ab
1977 1953 2435 2022 Incarnatione
2456 1955 2585 2023 Do-

333 2063 491 2132 mini
509 2061 732 2131 Nostri
753 2060 914 2128 Jesu
935 2060 1173 2128 Christi
1194 2061 1542 2129 millesimo
1573 2061 2018 2130 ducentesimo
2051 2061 2586 2148 quinquagesimo

333 2174 564 2259 primo,
593 2188 816 2238 mense
848 2169 1010 2238 Julii
1041 2169 1148 2236 die
1179 2176 1412 2253 quarto
1444 2169 1748 2255 intrante,
1779 2168 2139 2238 Indictione
2170 2172 2286 2238 IX.
2318 2169 2583 2237 Jadrae.

334 2279 822 2347 Committentes
870 2277 1328 2345 committimus
1377 2297 1498 2346 nos
1547 2276 1810 2362 quidem
1861 2277 2238 2345 Banduinus
2281 2277 2587 2357 Quirinus

335 2387 460 2456 Dei
491 2386 710 2473 gratia
740 2386 974 2454 Comes
1003 2386 1267 2472 Jadrae,
1306 2393 1373 2454 et
1401 2387 1693 2454 Joannes
1726 2386 2090 2471 Delphinus
2112 2438 2129 2472 ,
2181 2406 2260 2453 ac
2291 2388 2588 2472 Rapbael

333 2497 591 2580 Betaui,
625 2496 817 2562 ambo
838 2494 1238 2580 Consiliarii,
1272 2501 1470 2578 atque
1519 2515 1665 2562 enm
1699 2494 1938 2561 nostris
1969 2492 2314 2560 Judieibus
2362 2494 2587 2562 Preste

335 2603 656 2689 Materni,
704 2605 887 2691 Papo
920 2603 1306 2689 Pretognae,
1355 2609 1420 2670 et
1452 2600 1625 2670 Cosa
1663 2598 1988 2686 Saladini‚
2023 2621 2153 2669 una
2184 2621 2329 2668 cum
2361 2610 2588 2671 nostro

334 2711 623 2781 Consilio
683 2711 988 2779 universo
1052 2710 1139 2778 ad
1189 2730 1420 2778 sonum
1488 2729 1857 2797 campanae
1908 2709 1974 2776 in
2026 2709 2322 2778 Ecclesia
2367 2712 2587 2779 Sancti

338 2820 518 2887 Petri
547 2819 700 2887 novi
752 2839 926 2886 more
974 2818 1165 2886 solito
1197 2825 1616 2903 congregato,
1668 2838 1785 2904 per
1815 2838 1935 2885 nos
1965 2824 2029 2883 et
2074 2817 2448 2886 universum
2476 2840 2585 2886 no·

334 2937 538 2995 strum
574 2926 932 2995 Commune
963 2924 1329 3009 Jadretino,
1363 2925 1549 2994 vobis
1584 2945 1867 3009 namque
1904 2925 2231 2993 nobilibus
2263 2927 2420 2994 viris
2452 2929 2590 2994 Ste-

337 3036 556 3121 phano
591 3034 672 3102 de
703 3033 952 3120 Piciga,
985 3040 1051 3101 et
1082 3032 1289 3101 Cerne
1321 3027 1404 3100 de
1433 3033 1684 3117 Mergio
1717 3031 1975 3100 dilectis
2008 3035 2247 3101 nostris
2287 3035 2589 3104 fidelibus

335 3150 399 3209 et
428 3141 684 3209 nunciis
733 3140 1152 3227 specialibus,
1203 3139 1378 3225 quod
1411 3138 1506 3207 ire
1539 3161 1657 3227 pro
1711 3140 1899 3208 nobis
1952 3149 2017 3207 et
2048 3148 2271 3208 nostro
2325 3141 2586 3209 nomine

334 3250 635 3320 debeatis
685 3248 775 3318 ad
822 3249 1024 3337 pedes
1073 3247 1510 3318 Illustrissimi
1562 3269 1642 3316 ac
1693 3250 2024 3334 Magnifici
2074 3247 2321 3316 domini
2384 3250 2587 3317 nostri

331 3357 570 3427 Marini
620 3345 1016 3427 Maur-oceno
1041 3358 1165 3425 Dei
1218 3358 1438 3442 gratia
1469 3357 1886 3425 Venetiarum
1939 3365 2061 3424 etc.
2096 3358 2297 3425 Ducis
2346 3364 2467 3425 etc.
2501 3358 2585 3425 ad

331 3467 682 3555 petendum
733 3466 1018 3553 gratiam
1069 3474 1135 3534 et
1186 3464 1701 3534 misericordiam
1751 3467 1835 3533 ab
1869 3466 2095 3534 eodem
2146 3466 2230 3534 de
2267 3466 2587 3552 omnibuS,

333 3595 500 3661 quae
535 3573 722 3643 vobis
752 3572 1083 3642 videbitur
1133 3572 1524 3641 conveniens
1557 3581 1757 3659 atque
1790 3572 2050 3659 decens,
2092 3581 2157 3640 et
2187 3572 2253 3639 in
2287 3574 2588 3659 augendo

332 3685 476 3754 sive
505 3682 858 3752 minuendo
876 3702 958 3750 ac
991 3680 1376 3767 corrigendo
1407 3689 1670 3770 pactum
1704 3681 1873 3749 inter
1892 3682 2201 3749 Venetiae
2233 3689 2298 3750 et
2316 3681 2588 3749 Jadram

332 3792 718 3878 confectum,
751 3791 1202 3879 promittentes
1232 3791 1487 3857 firmum
1520 3796 1586 3857 et
1615 3797 1829 3858 ratum
1860 3789 2125 3875 habere,
2168 3788 2486 3875 quidquid
2518 3791 2586 3857 in

331 3903 630 3970 omnibus
681 3908 749 3968 et
775 3921 897 3988 per
926 3900 1149 3969 omnia
1182 3920 1379 3987 super
1410 3899 1512 3968 his
1545 3898 1865 3968 duxeritis
1913 3898 2305 3966 faciendum.
2354 3900 2586 3967 Actum

331 4018 430 4079 est
478 4011 604 4077 hoc
653 4007 719 4076 in
751 4010 985 4095 Majori
1035 4008 1345 4093 Consilio,
1400 4015 1465 4075 et
1493 4008 1817 4075 firmatum
1873 4006 2171 4075 omnibus
2228 4006 2584 4094 praesenti-

331 4118 456 4185 bus
491 4118 560 4184 in
585 4114 930 4204 praedicta
961 4117 1263 4185 Ecclesia
1294 4116 1523 4184 Sancti
1554 4115 1735 4183 Petri
1767 4114 1920 4184 novi
1954 4114 2036 4181 de
2068 4113 2294 4181 Jadra.

551 4226 692 4310 Ego
711 4224 1075 4294 Balduinus
1096 4224 1366 4304 Quirino
1390 4225 1624 4292 Comes
1643 4223 1686 4291 J
1689 4224 1892 4292 adrae
1925 4244 2120 4291 manu
2147 4243 2297 4291 mea
2327 4223 2588 4310 scripsi.

328 4369 417 4383 -
447 4332 592 4418 Ego
617 4334 908 4402 Joannes
929 4334 1278 4420 Delphyno
1306 4331 1704 4400 Consiliator
1733 4328 1981 4398 Jadrae
2011 4352 2096 4399 m.
2120 4352 2201 4399 m.
2227 4351 2315 4399 ss,
2340 4368 2426 4380 -
2445 4332 2587 4417 Ego

329 4443 633 4530 Raphael
664 4442 902 4511 Betani
932 4442 1331 4513 Consiliator
1360 4464 1444 4510 m.
1468 4465 1553 4511 m.
1577 4462 1665 4510 ss.
1705 4477 1792 4489 -
1820 4442 2091 4527 Signum
2121 4441 2588 4527 suprascripto·

331 4571 470 4618 rum
494 4552 728 4622 Preste
755 4557 822 4619 et
842 4552 1056 4620 Cosae
1073 4551 1402 4635 Judicum,
1436 4549 1544 4636 qui
1579 4551 1701 4617 boc
1732 4552 2126 4635 rogaverunt
2156 4546 2316 4614 fieri.
2338 4583 2426 4597 —·
2447 4548 2588 4633 Ego

331 4659 513 4747 Papo
566 4658 651 4728 de
678 4660 964 4727 Petrona
993 4658 1212 4727 Judex
1259 4681 1346 4725 m.
1379 4680 1463 4726 m.
1495 4679 1583 4727 ss.
1618 4693 1708 4707 -
1739 4658 1881 4741 Ego
1915 4655 2455 4723 Bartholomaeus
2505 4656 2588 4722 de

420 4793 627 4833 nom.
660 4794 826 4834 unua.
859 4793 1000 4833 mur.
1037 4805 1113 4818 -
1151 4796 1295 4833 nm..
1329 4783 1398 4825 12·
2179 4774 2261 4832 22
