3359 5250
1410 342 1539 408 105

333 535 666 604 Homerici
715 539 1193 624 predecessoris
1245 539 1450 606 nostri
1484 546 1548 606 et
1580 537 1841 607 Andree
1894 539 2208 623 genitoris
2240 540 2446 609 nostri
2478 539 2597 605 Re-

334 666 490 730 gum
541 646 880 732 Hungarie
929 647 1293 714 Illustrium
1328 645 1616 715 indebite
1666 647 1973 733 alienata,
2028 648 2110 714 de
2160 649 2493 717 uoluntate
2533 652 2599 714 et

334 773 665 822 consensu
716 754 1053 823 karissimi
1104 755 1323 823 fratris
1375 756 1580 824 nostri
1635 756 1973 823 Colomani
2025 757 2226 843 Regis
2279 762 2345 823 et
2395 758 2596 826 Ducis

335 866 556 931 tocius
589 865 956 949 Sclavenie,
992 885 1071 932 ac
1103 864 1386 932 omnium
1418 864 1747 932 Baronum
1778 873 2143 934 nostrorum
2176 866 2468 952 consilio,
2504 885 2596 932 re-

333 991 769 1057 uocaremus3
819 972 1187 1040 inuenimus
1217 979 1457 1042 terram
1490 974 1821 1059 quandam
1853 976 2067 1041 Ratun
2107 973 2370 1043 nomine
2403 995 2445 1041 a
2477 974 2592 1042 Ca·

333 1087 474 1149 stro
509 1079 825 1151 Nitriensi
876 1090 1221 1170 exceptam
1252 1102 1372 1170 per
1400 1089 1651 1170 patrem
1686 1090 1977 1151 nostrum
2018 1083 2374 1168 predictum
2407 1084 2593 1153 Nico-

334 1188 444 1256 lao
479 1196 548 1256 et
576 1189 790 1275 Tump
837 1189 989 1257 filiis
1021 1191 1223 1258 Zetes
1257 1190 1339 1257 de
1369 1191 1532 1258 uilla
1560 1190 1878 1258 Tulmach
1913 1189 2057 1258 sore
2087 1191 2417 1277 collatam,
2469 1213 2594 1278 que

337 1318 490 1365 cum
523 1306 744 1367 castro
778 1300 1153 1387 supradicto
1184 1298 1416 1368 fuisset
1448 1299 1764 1382 restituta,
1814 1301 1981 1368 sicut
2012 1299 2093 1368 de
2124 1300 2263 1368 iure
2296 1302 2592 1387 decebat,

330 1406 540 1492 ijdcm
572 1428 693 1476 nos
724 1408 1057 1475 humiliter
1087 1414 1484 1496 rogauerunt
1523 1414 1588 1476 et
1619 1408 1940 1476 instanter
1973 1448 2061 1459 --
2082 1447 2169 1459 —-
2189 1429 2337 1479 cere
2370 1411 2594 1498 digna·

333 1534 557 1582 remur
590 1552 680 1564 -—-
699 1553 787 1564 —-
808 1555 895 1566 —
917 1516 1427 1602 considerantes,
1460 1514 1634 1600 quod
1668 1517 1949 1587 donacio
1971 1555 2593 1570 ——————

332 1631 583 1691 terram
622 1625 873 1692 culture
902 1624 1177 1693 duorum
1209 1633 1573 1693 aratrorum
1622 1625 2052 1694 sufficientem
2099 1628 2183 1694 de
2214 1635 2387 1696 terra
2418 1635 2591 1697 ante·

334 1731 518 1799 dicta
550 1730 801 1798 eisdem
853 1733 1154 1801 duximus
1205 1734 1715 1821 relinquendam,
1767 1742 1901 1802 tam
1933 1735 2018 1803 ab
2048 1733 2235 1824 ipsis,
2273 1757 2465 1822 quam
2507 1738 2592 1805 ab

335 1840 663 1923 omnibus,
712 1840 823 1925 qui
857 1840 942 1907 ab
991 1841 1157 1927 ipsis
1208 1841 1664 1911 descenderint
1711 1843 1853 1911 iure
1895 1850 2208 1931 perpetuo
2256 1845 2592 1929 possiden·

333 1945 530 2032 dam5
583 1947 702 2014 tali
727 1954 950 2015 tamen
984 1949 1362 2018 condicione
1400 1948 1664 2035 inserta,
1717 1958 1790 2019 ut
1820 1960 2110 2041 tempore
2145 1954 2592 2041 expedicionis

334 2064 558 2125 nostre
592 2075 789 2124 unum
822 2057 1092 2125 militem
1141 2059 1343 2128 armis
1375 2058 1768 2128 militaribus
1799 2063 1965 2129 bene
2013 2071 2436 2150 preparatum
2467 2066 2589 2134 sub

331 2162 579 2234 uexillo
629 2165 836 2251 Regio
885 2165 1407 2253 progredientem
1458 2167 1545 2236 ad
1588 2177 1883 2238 nostrum
1931 2171 2285 2242 exercitum
2333 2174 2589 2242 mittere

329 2280 700 2360 teneantur,
731 2273 844 2358 qui
874 2294 1021 2342 cum
1051 2276 1293 2346 nostris
1321 2277 1635 2346 militibus
1667 2275 2044 2365 descendat,
2082 2282 2247 2349 nulli
2276 2282 2347 2350 in
2379 2284 2582 2352 socie·

328 2388 468 2450 tate
498 2384 830 2450 Baronum
878 2389 1242 2451 nostrorum
1270 2385 1638 2453 adiunctus.
1693 2388 1905 2467 Quam
1935 2389 2155 2474 utique
2185 2399 2427 2460 terram
2471 2412 2590 2481 per

330 2489 595 2559 fidelem
644 2495 937 2560 nostrum
973 2491 1292 2561 Comitem
1327 2492 1708 2581 Obepanum
1739 2496 1823 2563 de
1855 2494 2108 2565 Chasar
2142 2499 2354 2567 eidem
2385 2503 2587 2569 statui

329 2607 395 2669 et
412 2598 611 2668 certis
631 2597 1132 2689 circumquaque
1151 2598 1343 2671 metis
1372 2601 1645 2672 fecimus
1678 2603 2028 2690 assignari.
2061 2605 2147 2674 Vt
2173 2605 2374 2693 igitur
2397 2609 2587 2678 huius

333 2716 557 2778 nostre
587 2707 973 2780 donacionis
1020 2712 1230 2782 series
1262 2711 1453 2781 salua
1501 2732 1759 2803 semper
1804 2719 1870 2784 et
1898 2714 2288 2785 inconcussa
2334 2738 2587 2805 perma-

328 2824 509 2906 neat,
560 2837 682 2886 nec
728 2817 941 2908 possit
980 2821 1067 2886 ab
1115 2821 1338 2907 aliquo
1388 2821 1792 2909 inposterum
1837 2827 2197 2912 retractari,
2246 2836 2586 2915 presentes

332 2927 584 2996 eisdem
618 2927 1058 2998 concessimus
1105 2929 1358 2998 litteras
1388 2930 1719 3019 dupplicis
1750 2931 1953 3019 sigilli
1993 2934 2201 3005 nostri
2235 2935 2586 3005 munimine
2709 3024 2714 3030 Ι

328 3036 817 3124 perhempniter
848 3037 1211 3108 roboratas.
1244 3040 1488 3107 Datum
1520 3058 1641 3127 per
1666 3061 1901 3111 manus
1919 3044 2225 3127 Magistri
2248 3044 2585 3114 Benedicti

329 3143 660 3231 Prepositi
679 3142 986 3213 Albensis
1005 3147 1158 3216 aule
1178 3155 1398 3217 nostre
1420 3147 1841 3235 Cancellarij,
1880 3151 2107 3237 quinto
2127 3149 2282 3218 Idus
2305 3154 2582 3239 Augusti

326 3270 496 3320 anno
557 3252 784 3338 gracie
844 3253 1193 3325 millesimo
1254 3256 1699 3327 ducentesimo
1768 3258 2269 3346 quadragesimo
2289 3311 2308 3347 ‚
2373 3263 2581 3348 Regni

326 3365 545 3429 autem
573 3361 781 3429 nostri
812 3380 985 3432 anno
1017 3364 1262 3448 quinto.

583 3522 682 3626 ⁶(A
709 3557 907 3628 kiralyi
932 3563 1095 3617 karta
1119 3560 1497 3620 lex-«sutram
1524 3569 1702 3623 sumt
1726 3564 1843 3635 regi
1869 3567 2281 3639 periratokbbl.)

1191 3850 1717 3864 ῌ--ιῡ-ῠ
