3359 5250
1872 326 2005 397 508

806 544 963 592 rem.
996 524 1278 592 Proinde
1311 523 1754 592 vniuersorum
1785 526 2026 594 noticie
2059 532 2287 594 tenore
2318 525 2734 612 presencium
2767 526 3070 593 volumus

803 631 942 700 fieri
977 631 1411 717 manifestum,
1466 632 1640 718 quod
1688 634 1925 701 fratres
1958 633 2496 719 Cysterchienses
2547 632 2630 700 de
2668 634 3067 702 Monasterio

806 741 1197 808 Victoriensi
1242 741 1432 809 nobis
1485 741 1737 809 litteras
1789 742 2108 810 Friderici
2159 743 2362 811 Ducis
2416 746 2528 831 pie
2577 741 3064 811 recordacionis

807 848 1026 915 fratris
1075 850 1281 916 nostri
1333 849 1666 916 karissimi
1720 851 2136 919 exhibuerint
2186 852 2309 919 sub
2360 852 2489 918 hac
2537 854 2769 919 forma.
2822 849 3067 935 Fryde·

804 959 979 1024 ricus
1012 959 1137 1025 Dei
1169 958 1420 1042 ‚gracia
1451 962 1600 1027 Dux
1634 957 1899 1027 Austrie
1947 965 2012 1026 et
2042 961 2239 1028 Stirie
2290 967 2354 1027 et
2385 960 2686 1029 dominus
2734 959 3064 1043 Carnyole

806 1068 1107 1135 omnibus
1128 1069 1298 1135 hanc
1316 1067 1601 1135 litteram
1633 1069 2026 1156 inspecturis
2062 1072 2345 1137 salutem
2380 1072 2832 1156 inperpetuum
2870 1064 2943 1155 (a
2961 1086 3066 1132 ne-

805 1182 1019 1243 vezett
1067 1175 1457 1245 klastromot
1506 1198 1621 1262 pro
1657 1176 1942 1244 remedio
1974 1175 2192 1245 anime
2242 1197 2359 1245 sne
2398 1185 2907 1261 cunctorumque
2955 1193 3065 1261 pa-

804 1292 1059 1353 rentum
1107 1302 1373 1352 suorum
1420 1284 1705 1371 kegyuri
1758 1284 2053 1352 vedelme
2084 1285 2196 1354 ala
2233 1286 2555 1373 fogadja.)
2608 1289 2854 1352 Datum
2888 1283 3065 1369 apud

805 1391 1077 1459 Leubun
1109 1411 1281 1461 anno
1314 1392 1400 1461 ab
1418 1394 1888 1461 Incarnacione
1909 1394 2172 1460 Domini
2204 1395 2296 1461 M⁰
2316 1391 2446 1460 00⁰
2467 1394 2679 1461 XLX⁰
2698 1392 2821 1460 111⁰
2851 1391 3063 1459 Indic-

806 1498 994 1567 cione
1022 1500 1171 1566 V11⁰
1204 1499 1521 1569 kalendas
1539 1502 1963 1589 Septembris.
2004 1501 2422 1570 Postulantes
2454 1500 2703 1569 anobis
2735 1498 3067 1567 humiliter

805 1615 871 1676 et
898 1607 1153 1694 deuote,
1203 1614 1275 1675 ut
1304 1607 1635 1695 predictas
1685 1609 1944 1677 litteras
1975 1612 2215 1679 nostris
2246 1609 2482 1677 litteris
2532 1610 2966 1677 insereremus
3000 1613 3066 1673 et

804 1716 1069 1785 eosdem
1101 1716 1468 1784 foueremus
1501 1716 1620 1786 sub
1653 1716 1885 1784 eadem
1919 1718 2138 1804 specie
2164 1718 2506 1785 libertatis.
2545 1717 2685 1785 Nos
2717 1736 2871 1785 vero
2907 1714 3064 1801 peti·

803 1823 1052 1892 cionem
1088 1824 1441 1892 eorundem
1488 1825 1727 1893 iustam
1763 1825 1903 1894 fore
1951 1826 2386 1911 attendentes,
2422 1825 2679 1892 litteras
2722 1831 3063 1912 presentes

804 1932 1075 2000 inscribi
1109 1932 1381 2001 fecimus
1411 1934 1493 2001 de
1523 1935 1723 2004 verbo
1763 1935 1849 2002 ad
1880 1935 2151 2002 verbum
2202 1933 2443 2002 nostris
2475 1933 2735 2018 litteris,
2768 1939 2835 1999 et
2864 1931 3064 1999 conti·

801 2044 1097 2110 nenciam
1129 2043 1483 2110 earundem
1530 2043 1856 2132 presentis
1887 2042 2222 2130 priuilegij
2255 2042 2460 2112 nostri
2508 2040 2876 2129 patrocinio
2910 2059 3058 2107 con·

800 2149 1154 2236 firmamus,
1188 2157 1254 2219 et
1282 2151 1460 2240 ipsos
1481 2152 1546 2218 in
1574 2151 1871 2238 predicta
1896 2152 2200 2218 libertate
2229 2153 2528 2219 volumus
2551 2157 2868 2237 perpetuo
2914 2168 3059 2216 eon-

806 2274 1091 2323 sernare.
1124 2258 1366 2326 Datum
1398 2280 1517 2347 per
1549 2277 1779 2327 manus
1800 2258 2102 2344 Magistri
2132 2258 2470 2327 Benedicti
2492 2257 2814 2346 Propositi
2835 2258 3058 2324 Eccle-

802 2363 897 2428 sie
926 2365 1150 2431 Sancti
1183 2365 1622 2434 Bartholomei
1655 2366 1737 2434 de
1769 2368 2062 2452 Frysaco
2109 2366 2261 2433 aule
2291 2372 2511 2433 nostre
2542 2362 3057 2433 Vico-Cancella·

801 2468 882 2554 rij
919 2491 1089 2539 anno
1121 2473 1388 2540 Domini
1415 2475 1505 2541 Μο
1527 2473 1758 2542 CC⁰L⁰
1787 2494 1978 2543 nono.

876 2648 944 2715 (A
969 2649 1117 2705 becsi
1144 2651 1312 2708 aasz.
1332 2657 1502 2711 titkos
1528 2655 1869 2711 leveltarnak
1896 2656 2134 2710 eredetie
2160 2654 2295 2709 utan
2320 2656 2470 2709 kozli
2497 2653 2729 2708 Hamae&
2752 2651 2987 2722 Mskdly.)

1662 2941 2183 2955 m

1853 3393 2009 3462 360.

800 3569 1018 3636 Istvcin
1048 3571 1250 3657 {fjabb
1298 3573 1506 3660 kirdly
1543 3576 1610 3639 ἐκ
1643 3572 1851 3639 Stiria
1880 3575 2277 3661 herczeqe'nek
2313 3577 2679 3664 adomdnya
2710 3577 3046 3645 Eberhard

1347 3683 1686 3768 marburgi
1703 3683 1939 3769 polydr
1968 3687 2281 3749 sza'mdra.
2320 3682 2514 3749 1259.

1016 3875 1156 3942 Nos
1189 3877 1562 3962 Stephanus
1593 3878 1718 3944 Dei
1770 3880 2000 3964 gracia
2030 3881 2191 3966 Reiz,
2244 3879 2723 3971 primogenitus
2772 3882 3052 3950 Illustris

796 3984 994 4068 Regis
1028 3983 1387 4069 Hungarie‚
1442 3990 1507 4051 et
1538 3986 1690 4052 Dux
1718 3987 1953 4072 Styrie,
2006 3995 2233 4055 tenore
2264 3987 2677 4074 presencium
2730 3989 3053 4074 significa-

794 4103 938 4158 mus
987 4092 1325 4179 vniuersis‚
1386 4092 1558 4179 quod
1598 4113 1718 4160 nos
1768 4095 2197 4163 consideratis
2252 4096 2636 4165 fidelitatnm
2686 4097 2940 4165 meritis
2993 4107 3055 4163 et

794 4199 1220 4269 seruiciornm
1269 4201 1631 4269 Eberhardi
1683 4203 1898 4270 fidelis
1931 4204 2095 4271 ciuis
2146 4207 2350 4273 nostri
2405 4207 2487 4273 de
2539 4207 2874 4294 Marpurg,
2928 4226 3052 4293 quo

792 4309 1055 4377 domino
1075 4309 1238 4396 Regi
1270 4310 1655 4378 charissimo
1677 4312 1853 4398 patri
1885 4317 2099 4380 nostro
2121 4320 2186 4380 et
2217 4315 2403 4382 nobis
2436 4313 2685 4382 studuit
2716 4316 3051 4385 inuiolabi-

793 4418 941 4483 liter
972 4417 1361 4505 obseruare;
1417 4441 1539 4487 nos
1570 4420 1635 4485 in
1686 4424 2365 4507 recompensacionem
2419 4423 2841 4491 seruiciornm
2884 4426 3049 4492 eius-

795 4524 965 4593 dem.
1018 4527 1128 4609 qui
1157 4527 1312 4593 licet
1343 4526 1535 4614 plura
1564 4534 1912 4612 mereatur,
1948 4530 2013 4594 in
2048 4530 2209 4598 villa
2249 4532 2575 4598 Walcuim
2609 4531 2834 4599 decem
2872 4552 3050 4599 man·

794 4651 923 4718 sos,
972 4634 1038 4698 in
1090 4635 1252 4703 villa
1303 4636 1502 4704 Chost
1551 4645 1829 4726 quatuor
1879 4657 2164 4732 mansos,
2230 4645 2296 4715 et
2343 4637 2408 4712 in
2460 4641 2622 4708 villa
2672 4640 2839 4710 Vdal
2891 4641 3052 4714 duos
