3359 5250
1838 820 1944 889 78.

759 996 875 1062 IX.
925 991 1193 1080 Geryely
1237 994 1416 1078 pcipa
1450 1010 1527 1051 az
1575 983 1945 1071 eszteryrzmi
1993 981 2248 1064 “v-select,
2299 1004 2330 1045 8
2382 978 3019 1065 Mayyarorszciqnak

1274 1094 1409 1160 tabl>
1431 1091 1763 1182 puspukeit
1795 1089 2079 1156 Rdmdba
2112 1088 2308 1174 hivja.
2343 1088 2538 1152 1241.

982 1275 1341 1365 Gregorius
1395 1272 1763 1358 Episcopus
1812 1287 2041 1336 seruus
2103 1288 2436 1334 seruorum
2489 1267 2614 1333 Dei
2662 1265 3031 1334 venerabili

766 1385 956 1456 fratri
989 1437 1004 1452 .
1029 1436 1045 1453 .
1070 1436 1086 1451 .
1121 1378 1632 1468 Archiepiscopo
1665 1376 2105 1461 Strigoniensi
2156 1377 2437 1442 salutem
2480 1382 2545 1443 et
2574 1376 3031 1461 Apostolicam

773 1492 1307 1564 benedictionem.
1363 1490 1607 1555 Eterna
1639 1486 2053 1573 providentia
2099 1485 2447 1552 conditoris
2480 1488 2788 1552 Sanctam
2819 1492 2884 1552 et
2914 1486 3035 1551 im-

769 1603 1165 1670 maculatam
1196 1597 1561 1665 Ecclesiam
1607 1615 1650 1661 a
1683 1613 1799 1660 sue
1831 1592 2235 1659 fundationis
2283 1591 2550 1660 exordio
2584 1610 2661 1658 eo
2692 1592 2897 1660 voluit
2929 1612 3035 1658 or-

768 1711 921 1776 dine
954 1706 1324 1795 gubernari,
1380 1712 1452 1771 ut
1481 1703 1592 1771 uni
1625 1701 1900 1789 pastori,
1952 1701 2300 1786 potestatis
2348 1700 2820 1788 plenitudinem
2867 1700 3038 1768 obti-

768 1819 970 1903 nenti,
1007 1816 1206 1884 ceteri
1238 1822 1490 1902 partem
1520 1810 1981 1880 sollicitudinis
2014 1817 2444 1895 assumentes,
2484 1818 2798 1893 tanquam
2828 1829 3033 1875 mem-

771 1930 892 1995 bra
949 1928 1173 2015 capiti,
1226 1921 1715 1992 communicatis
1769 1922 2152 1987 alterutrum
2203 1920 2683 2006 emergentibus
2742 1918 3034 2004 casibus,

770 2039 1007 2105 unione
1026 2033 1463 2103 indissolubili
1494 2032 1893 2115 cohererent,
1927 2049 2045 2115 per
2076 2049 2274 2114 quam
2306 2030 2401 2097 eis
2434 2028 2856 2096 consensibus
2888 2048 3029 2094 mu-

770 2147 903 2213 tuis
923 2144 1247 2227 solidatis,
1291 2147 1487 2229 caput
1508 2138 1978 2207 famulantibus
2002 2137 2307 2205 membris
2331 2137 2623 2223 vigorem
2642 2144 3029 2223 assumeret,

774 2262 840 2321 et
890 2252 1323 2319 membrorum
1375 2247 1661 2316 conditio
1715 2247 1797 2314 de
1850 2246 1951 2312 sui
1999 2245 2306 2332 principii
2355 2244 2585 2314 robore
2639 2244 3031 2310 firmaretur.

774 2359 947 2441 Quia
965 2358 1164 2444 igitur
1197 2356 1481 2442 grandes
1503 2355 1883 2441 Apostolice
1911 2354 2100 2422 Sedis
2134 2359 2406 2422 eventus
2429 2361 2494 2421 et
2525 2373 2716 2421 casus
2752 2358 2819 2419 te
2849 2352 3036 2436 igno-

773 2489 924 2536 rare
957 2487 1085 2534 non
1118 2466 1441 2550 convenit,
1492 2471 1808 2550 tanquam
1839 2463 2279 2530 necessarium
2310 2462 2539 2529 matris
2579 2462 2869 2528 Ecclesie
2902 2481 3037 2528 mu-

782 2576 1158 2661 nimentum,
1210 2579 1478 2661 propter
1524 2592 1650 2658 que
1678 2571 2077 2639 necessitate
2129 2577 2402 2658 urgente
2432 2577 2614 2638 tuam
2663 2577 2728 2637 et
2758 2570 3035 2637 aliorum

778 2684 1078 2751 videmus
1133 2682 1543 2767 presenciam
1592 2680 1940 2767 plurimum
1973 2685 2379 2768 oportunam,
2431 2679 2905 2747 fraternitatem
2936 2699 3037 2745 ro-

776 2809 1008 2874 gamus
1043 2797 1107 2856 et
1139 2789 1475 2855 hortamur
1506 2792 1770 2873 attente,
1823 2806 1940 2874 per
1971 2787 2352 2873 Apostolica
2381 2787 2500 2853 tibi
2552 2788 2797 2872 scripta
2832 2787 3039 2872 preci-

777 2894 1020 2984 piendo
1052 2894 1462 2981 mandantes,
1516 2900 1839 2980 quatenus
1883 2914 2089 2979 usque
2122 2896 2208 2961 ad
2239 2896 2605 2981 proximum
2648 2896 2883 2961 festum
2913 2898 3039 2963 Re-

777 3004 1201 3073 surrectionis
1222 3001 1565 3071 Dominice
1599 3000 1686 3068 ad
1710 3010 2000 3072 nostram
2035 3004 2443 3088 presenciam
2470 3003 2900 3089 personaliter
2927 3023 3040 3069 ve-

779 3113 919 3179 nire
970 3131 1297 3197 procures,
1355 3110 1531 3179 omni
1581 3110 1928 3176 occasione
1960 3116 2277 3196 cessante,
2328 3116 2399 3175 ut
2446 3110 2690 3177 habeat
2735 3110 3039 3178 Ecclesia

779 3228 990 3287 mater
1021 3221 1089 3286 in
1139 3219 1272 3285 filio
1304 3225 1635 3305 speratum
1665 3218 1732 3283 in
1766 3225 1881 3284 tua
1918 3217 2290 3285 visitatione
2338 3218 2640 3286 solatium
2676 3228 2741 3286 et
2778 3224 3039 3303 gratum

781 3325 1044 3413 providi
1097 3326 1355 3392 consilii
1405 3325 1889 3410 fulcimentum3
1948 3325 2215 3411 proviso
2265 3333 2336 3393 ut
2379 3328 2447 3393 in
2498 3346 2924 3413 personarum
2973 3332 3041 3395 et

784 3431 1189 3500 evectionum
1222 3429 1554 3499 moderato
1605 3452 1873 3499 numero
1906 3434 2153 3521 venias,
2204 3455 2289 3501 ne
2340 3434 2533 3501 nimis
2584 3434 2878 3502 Ecclesie
2929 3442 3041 3501 tue

785 3559 1093 3608 onerosus
1127 3536 1394 3606 existas.
1425 3539 1732 3606 Preterea
1761 3540 2061 3609 volumus
2093 3547 2155 3609 et
2179 3541 2581 3628 mandamus,
2618 3549 2690 3609 ut
2720 3543 3041 3628 suffraga-

784 3668 1052 3715 neorum
1084 3655 1338 3716 tuorum
1370 3647 1710 3733 Capitulis,
1744 3648 2112 3718 Abbatibus
2144 3659 2209 3717 et
2239 3652 2519 3719 Prelatis
2570 3652 2720 3720 aliis
2751 3659 2859 3718 tue
2890 3675 3041 3739 pro·

788 3756 1021 3840 vincie‚
1067 3758 1177 3840 qui
1210 3756 1586 3843 specialiter
1630 3777 1761 3824 non
1793 3766 2127 3843 vocantur,
2162 3760 2547 3827 auctoritate
2578 3765 2804 3828 nostra
2834 3760 3045 3827 iniun-

785 3884 930 3949 gas,
965 3869 1037 3930 ut
1055 3883 1249 3950 super
1269 3863 1399 3931 hiis
1432 3863 1660 3932 eodem
1682 3865 1955 3932 termino
1990 3866 2077 3933 ad
2094 3866 2327 3933 Sedem
2348 3866 2794 3954 Apostolicam
2815 3867 3042 3935 fideles

783 3979 847 4038 et
865 3970 1176 4058 providos
1208 3966 1468 4039 nuntios
1491 3973 1745 4040 mittere
1778 3993 1908 4040 non
1939 3981 2356 4062 postponant.
2396 3976 2639 4042 Datum
2662 3976 2839 4063 apud
2859 3974 3043 4063 Grip-

780 4079 1224 4146 tamferratam
1255 4081 1333 4146 V.
1370 4079 1516 4147 idus
1547 4078 1851 4166 Augusti,
1878 4082 2329 4167 (Pontificatus
2361 4082 2596 4168 nostri)
2620 4104 2789 4151 anno
2821 4083 3034 4152 XIIII.

995 4187 1070 4251 In
1104 4206 1161 4251 e.
1196 4207 1279 4251 m.
1322 4184 1827 4273 Archiepiscopo
1879 4188 2240 4275 Colocensi,
2293 4188 2619 4276 Episcopo
2676 4189 3039 4278 Greuriensi,

781 4292 1111 4379 Episcopo
1132 4293 1585 4378 Zagrabiensi,
1620 4293 1947 4381 Episcopo
1974 4296 2680 4385 Quinqueecclesiensi,
2712 4300 3041 4387 Episcopo

781 4399 1243 4487 Ultrasilvano,
1278 4400 1522 4467 Abbati
1556 4399 1785 4468 Sancti
1816 4402 2083 4469 Martini
2115 4403 2196 4470 de
2225 4404 2585 4474 Pannonia.

785 4543 1047 4609 (Theiner
1070 4543 1143 4596 id.
1170 4562 1241 4597 m.
1267 4548 1309 4598 1.
1334 4548 1448 4601 kut.
1482 4549 1601 4600 179.
1627 4546 1663 4600 l.
1703 4548 1768 4599 V.
1796 4554 1844 4599 ὃ.
1870 4547 2034 4613 Fejer
2071 4549 2200 4601 cod.
2227 4550 2373 4617 Dipl.
2402 4552 2494 4605 IV.
2522 4554 2636 4605 kot.
2678 4556 2725 4604 1.
2757 4570 2798 4604 r.
2828 4556 2948 4607 184.
2975 4555 3037 4625 l.)
