3359 5250
1772 294 1900 360 226
1934 268 1938 271 ,

706 489 821 555 stri
850 488 1057 556 nostri
1083 486 1453 574 Nytriensis
1474 487 1818 557 Vduornuc
1851 488 2190 577 uocabulo,
2225 490 2339 558 ubi
2356 496 2723 562 castrenses
2753 493 2958 561 nostri

704 596 1285 682 commorabantur,
1337 603 1400 664 et
1429 593 1593 682 ipsis
1622 615 1742 683 per
1791 598 2105 666 Tartaron
2146 596 2555 686 interemptis
2603 618 2816 668 vacua
2865 619 2957 668 re-

704 710 1037 773 manserat
1083 711 1149 773 et
1197 704 1460 791 inculta,
1515 706 1807 793 exceptis
1840 711 2120 792 quatuor
2177 706 2627 776 mansionibus
2676 713 2960 778 castren·

703 812 869 880 sium
900 811 1413 900 supradictorum
1444 810 1690 880 ibidem
1723 813 2172 899 existencium,
2206 822 2681 902 prememorato
2706 814 2958 885 Thome

706 920 941 989 comiti
971 921 1150 990 fideli
1199 926 1418 991 nostro
1470 928 1533 989 et
1582 941 1700 1007 per
1749 941 1897 990 eum
1930 923 2065 992 suis
2116 922 2464 993 heredibus
2514 924 2959 1012 heredumque

702 1029 1181 1099 successoribus
1214 1029 1602 1099 contulimus
1635 1030 1775 1098 inre
1806 1037 2122 1119 perpetuo
2153 1031 2638 1120 possidendam.
2671 1033 2744 1101 In
2771 1033 2958 1101 cuius

699 1147 871 1209 terre
900 1139 1384 1228 possessionem
1437 1139 1837 1227 corporalem
1886 1141 2100 1226 ipsum
2152 1161 2269 1228 per
2322 1141 2624 1211 dilectum
2674 1141 2861 1212 nobis
2892 1149 2960 1208 et

700 1247 957 1316 fidelem
987 1248 1365 1318 Mauricium
1416 1246 1800 1334 Magistrum
1842 1247 2296 1334 Dapiferorum
2347 1258 2711 1320 nostrorum
2743 1255 2810 1318 et
2839 1248 2958 1318 Co·

702 1357 921 1426 mitem
973 1358 1262 1427 eiusdem
1314 1355 1530 1427 Oastri
1579 1357 1951 1444 Nytricnsis
2003 1358 2388 1428 auctoritate
2424 1360 2638 1445 Regia
2685 1358 2958 1427 fecimus

699 1465 1058 1552 introduci3
1110 1466 1482 1534 memoratis
1514 1485 1669 1535 nero
1704 1470 1979 1550 quatuor
2033 1466 2479 1536 mansionibus
2529 1465 2958 1537 castrensium

697 1574 766 1640 in
797 1592 930 1641 una
959 1579 1146 1660 parte
1196 1574 1487 1642 eiusdem
1537 1581 1708 1643 terre
1740 1594 1855 1661 per
1888 1595 1960 1644 se
1994 1575 2351 1661 collocatis,
2407 1581 2645 1644 terram
2678 1575 2762 1643 ad
2794 1593 2952 1659 qua-

696 1686 841 1749 tuor
871 1689 1091 1751 aratra
1120 1681 1541 1752 sufficientem
1572 1703 1688 1771 per
1719 1685 1853 1751 iam
1886 1683 2129 1753 dictum
2149 1685 2532 1754 Mauricium
2562 1683 2949 1769 Magistrum

700 1788 892 1858 certis
922 1789 1208 1873 undique
1246 1790 1436 1858 metis
1481 1787 1879 1876 distinctam,
1923 1790 2005 1858 de
2035 1796 2210 1861 terra
2256 1791 2632 1880 supradicta
2677 1790 2953 1860 fecimus

698 1896 1048 1985 assignari.
1085 1898 1172 1965 Vt
1206 1898 1405 1984 igitur
1432 1899 1555 1967 hec
1585 1919 1627 1966 a
1660 1899 1851 1968 nobis
1883 1897 2060 1968 facta
2109 1897 2388 1969 donacio
2421 1898 2755 1986 sepedicto
2787 1898 2954 1966 Tho-

699 2024 802 2072 me
835 2004 1071 2072 Comiti
1102 2011 1167 2074 et
1197 2005 1334 2074 suis
1366 2004 1851 2075 successoribus
1900 2013 2214 2094 perpetuo
2247 2004 2506 2075 illibata
2552 2013 2949 2094 perseueret,

697 2132 818 2180 nec
854 2134 1158 2200 umquam
1209 2134 1518 2203 processu
1568 2122 1934 2201 temporum
1986 2134 2105 2201 per
2156 2115 2525 2202 quempiam
2575 2114 2644 2181 in
2694 2114 2949 2184 irritum

696 2222 907 2307 possit
937 2230 1052 2292 aut
1082 2222 1320 2291 debeat
1349 2224 1664 2308 reuocari,
1705 2228 2042 2310 presentes
2081 2221 2294 2290 eidem
2324 2222 2766 2292 concessimus
2785 2222 2950 2290 litte-

695 2349 807 2397 ras
840 2329 1166 2418 dnpplicis
1198 2331 1403 2418 sigilli
1434 2331 1639 2401 nostri
1670 2330 2024 2399 munimine
2060 2331 2424 2401 roboratas.
2459 2332 2700 2399 Datum
2731 2330 2798 2398 in
2828 2331 2945 2399 Zo-

698 2437 832 2504 lum
885 2457 1055 2506 anno
1122 2440 1385 2509 Domini
1433 2442 1524 2508 21⁰
1560 2438 1694 2509 OG·
1729 2440 1873 2508 XL⁰
1909 2437 2061 2508 VII?
2115 2438 2402 2509 secundo
2452 2437 2602 2509 idus
2646 2437 2947 2526 Augusti,

694 2546 904 2635 Regni
933 2553 1151 2618 autem
1181 2551 1387 2620 nostri
1417 2569 1590 2620 anno
1621 2547 2029 2620 duodecimo.

693 2745 966 2811 (Eredctie
994 2744 1337 2815 b6rhartyan,
1380 2763 1416 2801 a
1440 2747 1736 2817 kiralynak
1762 2751 1960 2809 ketten,
1999 2745 2270 2802 kekvbrbs
2295 2746 2748 2815 selyemzsinoron
2775 2749 2947 2816 fflggti

1072 2837 1311 2905 pecsetJe
1335 2836 1489 2905 alatt,
1517 2854 1550 2890 a
1575 2838 1743 2892 budai
1769 2838 1871 2891 kir.
1898 2837 2144 2890 kamarai
2182 2834 2565 2904 leveltarbam)

1735 3567 1889 3637 152.

680 3745 729 3809 I
738 3746 805 3812 V.
856 3747 1016 3814 Be‘la
1063 3746 1264 3815 Jakab
1294 3749 1557 3831 bardtot,
1608 3773 1649 3814 α
1680 3747 2185 3831 ferenczrendick
2235 3752 2748 3835 mayyarorsqui
2795 3771 2941 3834 pro·

681 3855 1059 3938 υίποίαἶίεάι,
1081 3854 1365 3921 Rdma'ba
1396 3853 1521 3921 IV.
1553 3854 1734 3922 [ποτε
1759 3855 2055 3944 pdpdhoz
2092 3854 2288 3940 haldi,
2315 3856 2479 3941 hoyy
2512 3858 2576 3920 dt
2605 3879 2646 3919 a
2677 3876 2947 3941 maqyar

1046 3974 1049 3977 ’
1386 3964 1682 4052 izqyelwell
1712 3966 1995 4029 mesine.
2030 3957 2227 4027 1247.

892 4157 1320 4228 Sanctissimo
1372 4160 1441 4227 in
1474 4158 1733 4230 Christo
1784 4159 1981 4247 patri,
2031 4156 2293 4227 domino
2327 4158 2378 4224 1.
2413 4157 2660 4225 Diuina
2710 4156 2930 4244 proui-

677 4263 915 4332 dencia
943 4266 1376 4335 Sacrosancte
1429 4268 1724 4335 Romane
1754 4265 2049 4335 Ecclesie
2079 4263 2343 4334 Summo
2376 4262 2677 4333 Pontifici
2703 4264 2776 4329 Β.
2818 4265 2943 4330 Dei

676 4374 904 4457 gracia
932 4374 1073 4442 Rex
1104 4375 1561 4460 Hungarorum
1612 4373 2322 4445 recommendacionem
2355 4394 2501 4440 cum
2547 4372 2733 4440 filiali
2765 4390 2942 4440 reue·

675 4483 901 4551 rencia
934 4483 1158 4553 debita
1190 4493 1257 4552 et
1288 4482 1548 4555 deuota.
1602 4484 2036 4571 Negociorum
2068 4489 2433 4552 nostrorum
2470 4484 2708 4550 seriem
2739 4482 2941 4548 seria·

676 4587 793 4656 tim
824 4591 1174 4660 sanctitati
1204 4599 1423 4660 vestre
1475 4610 1592 4681 per
1623 4593 1763 4659 Deo
1818 4589 2167 4659 amabilem
2198 4590 2410 4659 virum
2459 4589 2502 4658 J
2505 4588 2779 4659 acobum
2829 4589 2942 4656 Mi-
