3359 5250
1339 367 1460 432 107

253 576 432 638 tores
466 571 757 653 eosdem,
810 575 1070 653 recepto
1105 568 1188 634 ab
1231 566 1392 653 ipsis
1446 565 1865 652 corporaliter
1914 566 2294 649 iuramentO,
2349 563 2522 648 quod

253 680 421 750 illud
456 679 587 749 sibi
619 679 895 747 fideliter
927 678 1379 762 assignabunt,
1419 676 1721 743 duximus
1745 673 2222 759 destinandum,
2257 680 2330 740 ut
2359 671 2522 739 illud

251 789 374 857 tibi
431 788 729 857 conferat
760 786 882 853 sub
915 786 1145 871 forma,
1200 806 1389 870 quam
1427 784 1487 852 ei
1528 784 1647 852 sub
1701 783 1880 851 bulla
1930 789 2158 851 nostra
2207 782 2523 849 mittimus

252 897 702 983 interclusam,
758 905 823 964 et
854 917 896 962 a
926 901 990 962 te
1021 895 1283 964 nomine
1332 900 1552 962 nostro
1586 894 1708 962 sub
1739 893 1971 978 forma,
2025 912 2223 979 quam
2269 891 2390 959 sub
2423 909 2526 958 ea-

256 1007 403 1074 dem
459 1005 642 1074 bulla
693 1004 1051 1089 dirigimus,
1106 1003 1437 1070 fidelitatis
1489 1002 1766 1089 recipiat
1814 1001 2212 1087 iuramenta3
2266 1006 2335 1067 tu
2367 1019 2522 1067 vero

253 1117 428 1183 intra
479 1114 849 1181 Ecclesiam
899 1121 1079 1180 tuam
1130 1111 1265 1179 illis
1316 1111 1548 1179 diebus
1596 1111 1826 1197 utaris,
1877 1111 1985 1196 qui
2036 1109 2410 1198 expressius
2458 1110 2526 1177 in

252 1225 466 1311 ipsius
515 1221 811 1290 Ecclesie
860 1220 1223 1309 privilegiis
1275 1220 1704 1289 continentur.
1765 1219 1854 1286 Ut
1907 1226 2123 1287 autem
2178 1219 2435 1307 signum
2485 1237 2527 1284 a

251 1330 630 1416 significato
662 1351 790 1397 non
831 1329 1189 1416 discrepat,
1223 1328 1343 1396 sed
1362 1325 1537 1415 quod
1557 1327 1730 1414 geris
1750 1327 2056 1413 exterius,
2094 1328 2270 1396 intus
2303 1347 2525 1398 serves

256 1438 316 1505 in
367 1444 614 1522 mente,
671 1436 1088 1525 prudentiam
1137 1445 1318 1503 tuam
1373 1455 1710 1504 monemus
1762 1442 2005 1504 attente
2057 1443 2122 1503 et
2169 1436 2525 1520 hortamur,

255 1545 570 1633 quatinus
602 1544 1033 1613 humilitatem
1066 1552 1131 1611 et
1160 1541 1497 1628 iustitiam,
1541 1543 1741 1611 dante
1771 1544 2073 1629 Domino,
2108 1544 2218 1631 qui
2252 1545 2366 1613 dat
2396 1566 2525 1614 mu·

254 1674 416 1721 nera
455 1660 522 1719 et
576 1654 830 1741 premia
860 1652 1194 1736 elargitur,
1249 1670 1638 1720 conservare
1670 1652 1960 1737 studeas,
2006 1673 2132 1737 que
2164 1672 2350 1720 suam
2399 1673 2524 1722 ser-

255 1772 419 1830 vant
473 1769 541 1829 et
593 1766 977 1849 promovent
1026 1766 1441 1846 servatorem,
1494 1764 1560 1827 et
1587 1760 2100 1846 Strigoniensem
2139 1760 2524 1846 Ecclesiam,

255 1890 578 1958 sponsam
620 1877 819 1957 tuam,
852 1868 1128 1937 sollicite
1167 1867 1454 1952 studeaS,
1498 1875 1763 1936 auctore
1796 1866 2098 1950 Domino,
2131 1868 2521 1951 gubernare.

260 1981 513 2047 Datum
537 1978 847 2048 Laterani
867 1977 951 2046 II.
985 1977 1212 2045 Nonas
1229 1975 1484 2061 Marcii,
1515 1976 1940 2046 Pontificatus
1959 1976 2162 2043 nostri
2182 1996 2356 2044 anno
2375 1977 2522 2043 XII.

259 2177 542 2250 (Theiner,
563 2179 912 2232 Monumenta
931 2179 1209 2232 Historica
1231 2178 1574 2245 Hungariam
1596 2176 1813 2247 Sacram
1835 2177 2180 2230 illustrantia.
2202 2178 2246 2229 1.
2266 2178 2321 2228 k.
2349 2178 2465 2228 1⁷4.
2488 2177 2523 2232 1.

1134 2464 1179 2474 -n

1511 2465 1669 2485 *·-'¹·=

1344 2893 1488 2994 oss

267 3104 480 3169 Endre
513 3104 1009 3191 orszdybirdmrk
1063 3105 1259 3171 ile‘lete
1288 3130 1330 3171 a
1363 3110 1618 3173 vasvciri
1665 3109 1976 3197 Ῐεάμίαἰαη
2011 3136 2039 3175 8
2076 3110 2247 3175 Putes
2295 3112 2356 3174 έε
2388 3110 2523 3175 Bas

555 3214 896 3298 comesfiai
925 3215 1081 3297 Ῐοόεε,
1117 3215 1355 3281 Kene'sz
1386 3215 1592 3281 birlolc
1626 3216 1996 3304 la‘rqydban.
2038 3218 2230 3282 1240.

475 3393 621 3459 Nos
652 3390 951 3458 Andreas
1001 3390 1234 3461 Comes
1271 3394 1695 3463 Posoniensis
1746 3401 1811 3462 et
1842 3396 2055 3464 Judex
2097 3394 2263 3463 Aule
2315 3397 2520 3482 Regie

263 3500 711 3587 significamus
741 3499 1038 3568 omnibus
1069 3521 1340 3593 presens
1371 3503 1683 3589 scriptum
1713 3502 2136 3590 intuentibus,
2171 3505 2344 3590 quod
2376 3524 2520 3572 cum

262 3608 343 3675 lis
394 3618 758 3678 uerteretur
807 3630 1024 3678 coram
1076 3611 1337 3680 domino
1385 3612 1567 3697 Rege
1614 3632 1810 3700 super
1860 3612 2144 3697 quadam
2195 3614 2520 3700 particula

260 3723 427 3786 terre
451 3718 793 3786 cuiusdam
823 3718 1086 3786 nomine
1103 3720 1360 3807 Kynyz,
1395 3722 1563 3788 inter
1583 3718 1955 3808 Capitulum
1978 3720 2272 3788 Ecclesie
2294 3720 2518 3788 Sancti

257 3825 647 3894 Michahelis
699 3825 783 3894 de
814 3826 1046 3896 Castro
1081 3830 1321 3898 Ferreo
1376 3849 1457 3896 ex
1488 3849 1622 3897 una
1658 3834 1865 3915 parte,
1919 3837 1984 3896 et
2015 3827 2185 3895 filios
2222 3829 2519 3912 Magistri

254 3935 434 4002 Pous
466 3940 534 4001 et
565 3936 699 4002 Bas
731 3933 1001 4002 Comitis
1034 3952 1116 4002 ex
1147 3938 1392 4022 altera3
1449 3937 1603 4004 licet
1631 3937 1860 4003 eadem
1914 3955 2120 4004 causa
2157 3935 2225 4002 in
2259 3955 2518 4022 presen-

254 4042 358 4109 cia
389 4040 643 4110 domini
693 4042 895 4126 Regis
944 4042 1054 4109 diu
1087 4042 1317 4111 fuisset
1365 4042 1704 4130 uentilata,
1760 4048 1825 4111 et
1869 4063 1952 4110 ex
2001 4051 2277 4129 utraque
2326 4052 2518 4130 parte

253 4150 339 4218 ad
372 4151 875 4237 produt-cionem
907 4152 1167 4218 testium
1199 4151 1508 4238 iudicata,
1549 4151 1817 4220 tandem
1848 4153 1916 4219 in
1943 4154 2215 4222 termino
2246 4153 2519 4240 produc-

249 4255 460 4324 cionis
510 4257 778 4324 testium
830 4257 1044 4342 ipsam
1102 4277 1365 4323 eausam
1417 4258 1717 4329 dominus
1770 4261 1908 4326 Rex
1961 4259 2148 4326 nobis
2200 4260 2520 4327 commisit

255 4365 803 4451 cognoscendam,
840 4372 905 4431 et
935 4367 1094 4432 iuris
1129 4364 1356 4434 ordine
1376 4366 1873 4434 terminandam.
1916 4367 2123 4451 Igitur
2141 4367 2208 4432 in
2240 4368 2516 4436 termino

250 4479 500 4540 statuto
554 4474 748 4540 ambe
800 4481 1020 4561 partes
1075 4495 1292 4542 coram
1326 4475 1516 4542 nobis
1553 4475 1925 4561 constitute,
1974 4473 2282 4544 videlieet
2312 4476 2516 4563 Magi-

253 4588 392 4646 ster
427 4580 798 4647 Demetrius
832 4581 1062 4649 Comes
1096 4581 1521 4651 Oenadiensis
1562 4605 1677 4668 pro
1713 4582 1868 4668 filijs
1902 4585 2096 4668 Pous,
2149 4591 2215 4651 et
2244 4586 2517 4651 Rennol-

259 4687 386 4753 dus
439 4686 522 4752 de
551 4686 712 4754 villa
763 4687 1056 4773 Bozthyh
1105 4698 1486 4775 procurator
1518 4690 1748 4775 Vgrini
1795 4690 2289 4777 Archiepiscopi
2336 4690 2518 4759 Colo-
