3359 5250
1394 347 1523 414 407

336 544 632 630 Mesees5
680 544 748 612 iu
780 563 913 630 qua
940 543 1053 612 via
1079 562 1309 631 parum
1358 543 1570 615 eundo
1607 561 1837 614 versus
1887 543 2222 615 meridiem
2274 547 2451 634 salyt
2496 546 2584 614 ad

337 651 676 738 orientem,
724 659 791 720 et
818 652 1155 742 perueniet
1203 651 1292 720 ad
1318 652 1571 740 priores
1603 661 1813 722 metas
1844 651 2169 740 lapideas,
2218 653 2302 722 de
2349 655 2584 740 quibus

336 759 810 848 inchoauimus,
842 767 908 830 et
938 760 1169 831 eodem
1189 763 1332 831 loso
1361 761 1809 831 terminantur.
1840 764 1978 832 Nos
2010 762 2207 848 igitur
2239 762 2325 830 ad
2343 763 2586 832 instan-

335 871 511 939 eiam
545 871 841 958 pareium
871 870 1196 939 eommuni
1225 868 1497 940 fratrum
1527 878 1893 942 nostrorum
1930 891 2251 940 consensu
2288 871 2585 941 dedimus

336 979 601 1048 litteras
628 985 968 1066 presentes
1017 978 1221 1067 sigilli
1252 982 1460 1048 nostri
1511 980 1865 1051 munimine
1893 980 2257 1050 roboratas.
2304 981 2459 1050 Istis
2488 988 2584 1051 ta-

340 1108 490 1157 men
522 1089 929 1176 presentibus
955 1088 1231 1158 Nioolao
1265 1090 1624 1177 Preposito,
1658 1091 1969 1159 Fareasio
1991 1089 2294 1177 Cantore,
2333 1090 2585 1160 Thoma

337 1200 636 1284 Lectore,
686 1198 880 1267 Petro
910 1196 1213 1284 Custode,
1264 1197 1515 1269 Jaeobo
1545 1200 1631 1269 de
1680 1200 1992 1285 Sumbun,
2025 1199 2286 1268 Vrbano
2335 1197 2419 1267 de
2456 1200 2582 1266 Zo-

337 1307 555 1393 boleh,
589 1305 809 1376 Maroo
840 1305 923 1373 de
942 1307 1177 1394 anh,
1199 1308 1516 1395 Magistro
1534 1309 1833 1378 Jobanne
1865 1308 1949 1376 de
1967 1308 2242 1394 Bursua,
2281 1307 2583 1377 Johanne

339 1414 425 1483 de
456 1417 706 1500 Kemey
724 1415 1243 1501 Archidiaeonis,
1276 1424 1343 1485 et
1371 1417 1525 1504 alijs
1561 1416 1805 1502 multis,
1839 1437 2008 1485 anno
2038 1416 2304 1485 Domini
2340 1416 2431 1482 Μο
2452 1414 2583 1484 CC⁰

339 1523 887 1611 quinquagesimo
919 1525 1164 1611 quinto.
1215 1526 1554 1612 Regnante
1584 1526 1872 1611 glorioso
1903 1524 2066 1594 Bela
2111 1526 2294 1611 Rege
2321 1525 2584 1610 Hunga-

336 1634 459 1717 rie,
509 1632 861 1707 Benedieto
910 1633 1425 1721 Arehiepiseopo
1473 1634 1927 1720 strigoniensi,
1979 1633 2240 1703 domino
2286 1641 2354 1703 et
2397 1640 2585 1722 patre

339 1747 566 1809 nostro
596 1743 950 1830 Lamperto
980 1743 1323 1830 Agriensis
1354 1743 1646 1812 Eeelesie
1687 1744 2014 1832 Episeopo
2048 1743 2384 1813 existente.

594 1940 764 2013 (XVI.
790 1937 1006 1995 szdsadi
1030 1940 1261 1998 mdsolst
1283 1959 1320 1997 a
1342 1943 1510 1997 budai
1534 1944 1640 1997 kir.
1669 1944 1917 1997 kamarai
1940 1939 2320 2009 leveltdrbsn.)

1394 2751 1550 2821 289.

343 2954 446 3019 ΑΖ
475 2956 612 3040 egri
639 2953 1065 3041 kdptalannak
1094 2954 1624 3041 bizonysdylevele‚
1655 2955 1817 3039 luryy
1846 2943 2137 3040 L‘anqeus
2173 2972 2368 3016 comes
2400 2956 2462 3015 e's
2491 2955 2583 3015 έν·-

342 3063 665 3130 dektdrsai
701 3061 960 3129 Tuclma
1003 3062 1441 3149 mzetee'qblil
1480 3062 1653 3127 Pan·
1699 3060 2043 3126 hirwkukat
2086 3057 2337 3145 Mffidly
2385 3060 2588 3123 scirosi

998 3169 1392 3258 flilspoinnak
1420 3167 1685 3235 eladtdk.
1717 3166 1913 3233 1255.

562 3365 876 3435 Omnibus
907 3364 1148 3435 Christi
1176 3364 1479 3433 fidelibus
1508 3370 1645 3432 tam
1678 3363 2097 3452 presentibus
2126 3382 2323 3450 quam
2353 3361 2588 3430 futuris

343 3474 717 3563 Capitulum
746 3474 1042 3543 Eeelesie
1073 3472 1417 3559 Agriensis
1468 3473 1751 3542 salutem
1796 3471 1866 3541 in
1901 3471 2186 3542 omnium
2233 3472 2584 3541 saluatore.

342 3585 450 3651 Ad
479 3583 926 3652 uniuersorum
967 3582 1276 3651 noticiam
1307 3582 1606 3652 uolumus
1636 3580 2002 3670 peruenire,
2052 3581 2227 3667 quod
2255 3580 2590 3652 constituti

341 3712 565 3762 eoram
583 3692 773 3761 nobis
793 3694 1100 3777 Langeus
1119 3691 1377 3779 Comes,
1409 3693 1646 3762 Zovlat
1664 3696 1731 3759 et
1749 3694 1968 3760 Kenez
1988 3691 2069 3760 de
2099 3710 2336 3779 genere
2357 3690 2586 3759 Tuleb·

341 3822 434 3869 ua
461 3800 552 3869 ab
581 3820 714 3868 una
742 3806 931 3887 parte
951 3852 970 3886 ,
1013 3801 1298 3888 Bolosoy
1340 3801 1573 3870 Comes
1604 3800 1906 3870 officialis
1943 3798 2280 3868 Miohaelis
2320 3796 2592 3868 Comitis

344 3910 429 3977 de
459 3909 667 3977 Sarus
708 3929 828 3997 pro
859 3908 1004 3997 ipso
1051 3909 1369 3977 Miehaele
1407 3910 1655 3978 Comite
1686 3929 1771 3978 ex
1817 3908 2067 3995 altera3
2117 3913 2593 3995 proposuerunt

342 4019 620 4108 predicti
668 4021 996 4105 Langeus,
1044 4020 1283 4087 Zoulat
1329 4027 1395 4088 et
1443 4020 1664 4088 Kenez
1683 4071 1703 4106 ,
1754 4019 1928 4105 quod
1976 4017 2306 4106 quandam
2351 4026 2589 4086 terram

346 4149 571 4198 eornm
602 4127 866 4197 nomine
895 4128 1078 4196 Petri
1108 4128 1291 4196 iuxta
1319 4129 1580 4198 Horrad
1607 4129 1949 4217 iacentem,
1986 4148 2113 4214 que
2140 4129 2225 4198 de
2256 4127 2435 4198 Cheb
2466 4129 2591 4195 ele-

345 4238 484 4308 rieo
515 4237 604 4306 ad
650 4238 831 4325 ipsos
878 4236 1092 4306 fuerat
1138 4237 1470 4325 deuoluta,
1519 4237 1641 4306 sub
1672 4237 1919 4308 eisdem
1969 4240 2164 4308 eertis
2204 4238 2419 4321 metis,
2469 4236 2592 4304 sub

344 4347 582 4434 quibus
611 4346 744 4435 ipsi
774 4344 1224 4433 possederant,
1276 4366 1360 4415 ex
1389 4365 1710 4415 consensu
1742 4347 2072 4434 Kazmerij
2120 4346 2343 4416 fratris
2383 4345 2593 4434 ipsius

346 4457 591 4542 Kenez,
642 4455 826 4524 ouius
856 4475 1241 4525 eonsensum
1290 4455 1467 4524 idem
1494 4458 1715 4525 Kenez
1765 4456 1955 4524 nobis
2006 4455 2327 4544 exposuit,
2372 4454 2593 4524 uendi·

347 4563 607 4632 dissent
649 4563 909 4650 prefato
940 4564 1248 4634 Michaeli
1278 4564 1516 4634 Comiti
1546 4583 1664 4652 pro
1697 4571 1843 4633 oeto
1890 4565 2128 4633 mareis
2158 4564 2415 4651 argenti
2452 4583 2594 4652 per-

347 4680 549 4761 petuo
581 4672 1071 4762 possidendam,
1105 4681 1172 4742 et
1198 4673 1541 4761 peeuniam
1571 4673 1768 4763 plene
1786 4694 1862 4744 se
1890 4674 1977 4743 ab
2006 4674 2235 4743 eodem
2271 4673 2593 4763 recepisse
