3359 5250
1682 362 1906 460 -„4¹2

717 557 797 621 Et
828 557 883 622 si
933 556 1170 640 aliquis
1204 559 1414 643 ipsum
1465 558 1723 624 Nanam
1774 558 2108 643 Comitem,
2166 557 2272 625 uel
2323 559 2463 624 eius
2516 538 2788 624 hciedes
2838 565 2953 625 aut

716 669 1025 749 cognatos
1059 684 1255 752 super
1305 666 1674 734 memoratis
1723 667 2034 735 infestare
2072 673 2487 753 presumeret,
2540 665 2667 752 ipsi
2716 666 2950 736 fratres

715 773 1108 842 Laurcncius
1140 775 1508 844 etJacobus
1537 781 1836 843 tenentur
1866 775 2131 843 eosdem
2163 776 2247 841 ab
2281 775 2633 862 impetente
2664 775 2952 861 quolibet

715 884 1026 952 liberare.v
1068 882 1257 963 Quod
1288 890 1358 950 ut
1387 888 1598 951 ratum
1632 890 1697 950 et
1728 885 1979 951 firmum
2016 892 2409 972 permaneat,
2449 886 2536 952 ad
2565 884 2953 952 instanciam

714 1011 977 1078 precum
1025 992 1376 1060 eorundem
1424 993 1697 1059 fratrum
1743 998 2111 1080 presentem
2144 994 2457 1080 paginam
2510 993 2714 1062 nostri
2753 993 2959 1078 sigilli

719 1101 1118 1188 appensione
1151 1101 1520 1169 roboratam
1569 1100 1895 1168 conscribi
1927 1101 2200 1169 fecimus
2230 1103 2324 1169 rei
2361 1109 2547 1187 geste
2577 1102 2957 1170 memoriam

718 1208 1171 1294 continentem,
1223 1229 1397 1277 anno
1448 1209 1713 1276 Domini
1763 1210 1853 1275 Μο
1874 1206 2005 1275 CC⁰
2025 1211 2103 1275 L⁰
2135 1210 2399 1294 quinto,
2451 1228 2673 1277 mense
2722 1211 2956 1296 Μᾶγος

716 1317 1018 1384 Tristano
1052 1318 1351 1404 Cantor-e,
1404 1317 1747 1385 Theodoro
1777 1315 2080 1399 Custode,
2114 1319 2500 1387 Wencezlao
2532 1321 2820 1403 Decano,
2861 1339 2959 1384 cc·

714 1426 999 1510 terisque
1030 1425 1519 1514 quampluribus
1549 1425 1790 1493 ibidem
1821 1427 2272 1496 existentibus.
2312 1429 2549 1495 Datum
2588 1449 2708 1516 per
2724 1448 2956 1495 manus

713 1533 1011 1617 Magistri
1043 1533 1216 1601 Petri
1247 1534 1539 1602 Lectoris
1572 1531 2310 1617 Quinqueecclesiensis.

715 1730 990 1803 (Eredetie
1011 1730 1357 1799 bo‘rhartyan,
1379 1735 1600 1801 melyro'l
1620 1750 1655 1784 a
1680 1731 1939 1801 kaptalan
1966 1732 2203 1800 pccsetje
2221 1730 2711 1800 Sarga-violaszinii
2730 1735 2957 1801 selyem-

1107 1823 1356 1875 asinoron
1385 1824 1537 1890 fiigg,
1566 1840 1600 1875 a
1619 1822 1784 1875 budai
1814 1824 1915 1873 kir.
1936 1823 2179 1874 kamarai
2207 1820 2581 1889 leveltarbau.)

1764 2652 1919 2719 293.

712 2855 775 2917 A
799 2858 968 2941 pe'csi
1011 2855 1435 2942 lca'ptalannak
1486 2853 2023 2940 bizonysdqlevele,
2073 2856 2239 2939 hoqy
2270 2854 2433 2919 Poch
2474 2876 2667 2919 comes
2722 2853 2954 2918 Lucidc

2567 2962 2822 2984 ttttt

1312 3075 1507 3154 se'qdre
1535 3074 1716 3133 ndzve
1744 3068 2106 3154 kiele'qae'tette.
2144 3067 2339 3137 1255.

917 3266 1123 3335 Jurko
1153 3267 1523 3353 Prepositus
1543 3255 2316 3351 Quinque-Ecclesiensi8‚
2354 3265 2774 3351 ejusdemque
2805 3268 2944 3334 loci

710 3376 1102 3460 Capitulum,
1132 3374 1428 3443 omnibus
1457 3393 1724 3459 presens
1755 3372 2066 3458 scriptum
2097 3372 2511 3441 cernentibus
2556 3373 2834 3441 salutem
2876 3374 2946 3441 in

708 3485 1005 3552 Domino.
1039 3481 1142 3550 Ad
1167 3483 1607 3551 uniuersorum
1628 3479 1934 3547 noticiam
1968 3487 2188 3548 tenore
2217 3478 2624 3567 presencium
2643 3483 2946 3551 volumus

710 3592 1087 3680 pervenire:
1136 3591 1307 3676 quod
1339 3590 1628 3660 secunda
1654 3589 1825 3656 feria
1872 3590 2174 3676 proxima
2204 3596 2355 3676 post
2392 3591 2803 3657 Dominicam
2832 3590 2951 3657 Ju-

709 3702 876 3790 dica,
930 3701 1193 3770 domina
1225 3699 1424 3767 Lucia
1474 3700 1611 3766 filia
1659 3699 1987 3783 quondam
2020 3701 2230 3768 Pouse
2262 3699 2533 3769 Comitis
2584 3701 2701 3787 filij
2737 3702 2951 3785 Nane‚

709 3821 866 3882 nota
895 3810 1081 3877 nobis
1115 3830 1414 3899 persona,
1464 3830 1581 3896 per
1611 3808 1928 3894 quosdam
1976 3810 2265 3877 homines
2313 3815 2590 3895 nostros,
2642 3809 2949 3877 videlicet

712 3942 828 4008 per
859 3921 1285 3989 venceslaum
1335 3922 1669 3988 Decanum
1717 3926 2029 4004 nostrum,·
2065 3926 2129 3987 et
2158 3920 2346 4006 alios,
2394 3920 2627 3987 relicta
2666 3919 2948 3985 Wechsh

709 4032 821 4119 filij
876 4031 1102 4099 Weich
1153 4030 1234 4097 de
1282 4049 1521 4117 genere
1568 4029 1855 4116 Csanad,
1908 4049 2036 4097 una
2084 4049 2231 4097 cum
2279 4029 2578 4098 Johanne
2626 4028 2758 4097 filio
2806 4048 2950 4112 suo,

713 4161 933 4209 coram
981 4146 1227 4208 statuta
1257 4140 1324 4207 in
1376 4146 1602 4207 nostra
1650 4138 1993 4226 presencia
2040 4137 2345 4207 confessa
2390 4144 2510 4222 est,
2563 4156 2757 4225 super
2794 4135 2952 4204 dote
2999 4230 3004 4235 ,

711 4249 939 4319 matris
969 4269 1085 4317 sue
1133 4247 1393 4317 domine
1422 4246 1765 4315 Elizabeth
1811 4248 1949 4315 filia
1978 4248 2305 4331 quondam
2335 4247 2511 4316 Poch
2542 4233 2836 4330 Comitis,
2880 4254 2952 4313 et

709 4380 920 4428 rerum
952 4357 1235 4429 omnium
1255 4377 1473 4426 secum
1504 4356 1830 4425 addictum
1852 4357 2025 4425 Poch
2047 4356 2362 4424 Comitem
2399 4361 2949 4442 transportatum,

709 4490 827 4538 nec
856 4489 988 4536 non
1017 4474 1082 4534 et
1113 4486 1308 4553 super
1336 4472 1573 4551 quarta
1602 4464 1895 4550 ejusdem
1925 4464 2186 4532 domine
2217 4465 2440 4549 Lucic,
2488 4485 2532 4531 a
2563 4461 2767 4532 nobili
2807 4464 2951 4532 viro

708 4579 905 4648 Nana
935 4577 1184 4647 Comite
1218 4577 1350 4646 filio
1381 4576 1656 4645 condam
1688 4575 1898 4643 Pouse
1927 4572 2194 4643 Comitis
2231 4574 2468 4642 ibidem
2517 4573 2798 4662 presenti
2831 4594 2965 4643 unr

708 4687 920 4755 decim
950 4686 1196 4754 marcis
1228 4685 1310 4753 de
1340 4689 1613 4771 argento
1636 4683 1777 4769 ,iam
1804 4684 2086 4771 receptis
2122 4684 2216 4750 ita
2245 4682 2540 4769 plenarie
2590 4681 2792 4750 fuisse
2823 4681 2951 4748 sibi
