3359 5250
1771 369 1902 435 372

1766 1038 1923 1108 261.

712 1243 939 1311 Gallus
968 1212 1204 1327 erde'lyi
1228 1240 1468 1327 piicpo‘k
1497 1245 1557 1303 ἐς
1589 1220 1760 1303 ΑἸεοε
1787 1249 2003 1302 mester
2055 1236 2250 1301 budai
2271 1242 2525 1323 pre'post
2563 1261 2604 1301 a
2632 1236 2967 1323 kirdlynak

704 1350 1228 1439 meqhaqydsdbdl
1253 1375 1293 1414 a
1312 1348 1670 1435 bakonybe'li
1692 1352 1962 1435 apdtsdq
1991 1351 2053 1410 e's
2071 1345 2582 1432 olcolijobbdqyai
2598 1345 2758 1410 ko'zti
2789 1370 2929 1433 eqye
2942 1382 2963 1391 -

1333 1454 1761 1541 netlense'qeket
1790 1454 2085 1519 elinte'zik.
2140 1452 2336 1519 1254.

920 1673 1058 1740 Nos
1088 1671 1319 1739 Gallus
1351 1670 1595 1738 Diuina
1627 1670 2056 1739 miseracione
2076 1671 2443 1756 Episcopus
2464 1671 2955 1753 TransiluanuS,

708 1790 772 1851 et
789 1782 1103 1868 Magister
1114 1782 1287 1848 Acus
1311 1781 1686 1867 Prepositus
1706 1780 2029 1847 Budensis
2051 1780 2201 1847 aule
2219 1779 2500 1846 Illustris
2520 1779 2768 1864 Regine
2786 1778 2959 1845 Hun-

708 1893 891 1978 garie
912 1889 1380 1975 Cancellarius,
1417 1888 1882 1973 significamus,
1916 1888 2089 1974 quod
2109 1907 2253 1954 cum
2292 1908 2577 1974 causam,
2632 1908 2759 1973 que
2789 1888 2959 1955 inter

706 2001 1029 2068 Abbatem
1050 2005 1115 2066 et
1134 1999 1539 2066 Conuentum
1558 1998 1640 2064 de
1657 1997 1818 2065 Beel
1839 2017 1920 2064 ex
1940 2018 2072 2064 vna
2090 2006 2294 2085 parte,
2320 2019 2398 2065 ac
2432 1997 2710 2086 populos
2731 2019 2959 2067 eorun-

707 2109 854 2177 dem
887 2109 971 2177 de
1001 2107 1164 2175 villa
1185 2106 1357 2176 Okol
1374 2129 1457 2175 ex
1489 2110 1699 2176 altera
1717 2108 1986 2174 vertitur
2020 2127 2215 2194 super
2246 2107 2634 2193 quibusdam
2666 2109 2957 2175 articulis

707 2218 1155 2286 condicionum
1175 2217 1331 2284 dicti
1351 2218 1594 2305 populi,
1616 2215 1917 2285 dominus
1939 2218 2077 2284 Rex
2097 2217 2286 2285 nobis
2304 2217 2627 2285 commisit
2644 2215 2955 2285 iudiciali·

705 2334 805 2393 ter
824 2325 1343 2411 cognoscendam
1374 2346 1490 2392 seu
1523 2325 1988 2409 decidendam;
2023 2326 2247 2394 Abbas
2278 2348 2394 2415 pro
2426 2347 2500 2395 se
2532 2333 2596 2393 et
2619 2327 2953 2394 Conuentu

705 2455 823 2504 suo
849 2433 1318 2519 jobagionibus
1341 2434 1633 2501 Ecclesie
1662 2454 1779 2502 sue
1809 2433 1932 2500 sibi
1955 2434 2369 2502 adstantibus
2401 2436 2758 2522 proposuit,
2783 2437 2955 2521 quod

707 2543 929 2629 populi
953 2540 1264 2608 antedicti
1295 2542 1628 2610 renitendo
1659 2542 2126 2610 contumaciter
2149 2541 2564 2630 denegabant
2593 2545 2870 2611 seruicia
2890 2553 2956 2611 et

704 2651 927 2720 debita
957 2671 1151 2736 quam
1183 2651 1484 2739 plurima,
1520 2653 1753 2738 quibus
1775 2652 2070 2720 Ecclesie
2099 2672 2216 2720 sue
2244 2654 2649 2738 tenebantur,
2692 2654 2950 2722 exhibe-

704 2782 795 2849 re,
817 2782 944 2846 que
966 2763 1184 2828 omnia
1213 2761 1280 2827 in
1299 2762 1506 2828 forma
1536 2763 1931 2848 peticionum
1965 2782 2226 2830 suarum
2249 2764 2642 2831 articulatim
2665 2783 2955 2850 compre·

707 2867 1069 2955 hendebat;
1105 2869 1362 2955 populis
1402 2890 1484 2937 ex
1515 2870 1797 2937 aduerso
1836 2871 2399 2958 respondentibus,
2432 2871 2606 2957 quod
2624 2869 2954 2957 predictus

705 2977 932 3044 Abbas
952 2982 1017 3043 et
1030 2976 1399 3044 Conuentus
1420 2977 1709 3044 indebite
1728 2998 1841 3045 eos
1863 2987 1928 3046 et
1947 2978 2269 3065 superflue
2291 2979 2662 3064 grauabant
2673 2981 2843 3046 vltra
2862 2980 2953 3063 id,

706 3106 902 3169 quam
933 3085 1131 3152 fuerit
1162 3105 1205 3151 a
1235 3085 1459 3173 primis
1492 3087 2020 3172 progenitoribus
2053 3084 2296 3155 domini
2316 3088 2515 3171 Regis
2548 3088 2950 3172 institutum3

707 3203 1052 3283 propterea
1082 3193 1491 3260 vendicando
1523 3194 1974 3281 specificantes
2027 3215 2147 3262 sua
2181 3195 2401 3263 debita
2432 3203 2498 3262 et
2528 3196 2807 3263 seruicia
2852 3216 2955 3264 co·

706 3325 844 3370 ram
876 3304 1089 3386 nobis,
1123 3303 1431 3370 videlicet
1461 3303 1633 3388 quod
1666 3324 1710 3370 a
1737 3303 1907 3371 festo
1930 3303 2156 3371 Sancti
2176 3305 2379 3390 Regis
2399 3306 2713 3391 Stephani
2746 3326 2954 3390 vsque

704 3411 792 3478 ad
823 3412 1251 3480 Natiuitatem
1285 3412 1569 3500 Domini,
1621 3413 1922 3480 similiter
1953 3420 2017 3479 et
2048 3434 2090 3479 a
2127 3412 2577 3500 Oarnispriuio
2610 3436 2815 3500 vsque
2864 3416 2953 3482 ad

703 3519 939 3585 festum
972 3520 1195 3586 Sancti
1226 3520 1547 3588 Johannis
1579 3520 1881 3606 Baptiste
1913 3521 2039 3589 duo
2073 3529 2138 3588 et
2168 3523 2296 3588 duo
2328 3542 2446 3608 per
2475 3523 2772 3607 singulas
2801 3525 2951 3590 heb·

706 3625 1023 3695 domadas
1072 3629 1141 3694 in
1192 3649 1386 3716 opere
1435 3634 1873 3715 carpentaneo
1931 3630 2177 3696 seruire
2229 3631 2624 3698 Monastcrio
2676 3638 2951 3698 tantum·

705 3736 894 3804 modo
946 3738 1370 3821 tenebantur3
1423 3739 1685 3805 nomine
1737 3758 1888 3806 vero
1940 3738 2337 3804 decimarum
2390 3758 2517 3806 non
2572 3742 2718 3826 plus
2749 3759 2951 3824 quam

706 3846 866 3912 duos
899 3846 1188 3934 cubuloS,
1223 3867 1419 3913 vnum
1451 3847 1531 3913 de
1560 3848 1904 3932 frumento,
1959 3846 2156 3913 alium
2191 3846 2273 3913 de
2304 3846 2565 3935 hordeo,
2601 3856 2665 3916 et
2694 3849 2951 3935 singule

706 3943 1077 4024 mansiones
1103 3935 1199 4020 ‘ad
1228 3956 1522 4040 singulas
1555 3955 1841 4039 gallinas
1873 3955 2174 4050 similiter
2204 3962 2538 4044 tenentur-5
2585 3964 2950 4026 tornatores

704 4083 856 4132 vero
889 4064 1149 4132 nonnisi
1169 4064 1239 4131 in
1269 4065 1474 4133 tribus
1504 4064 1694 4132 festis
1727 4064 1810 4131 de
1843 4066 2117 4150 singulis
2141 4066 2589 4134 mansionibus
2621 4067 2708 4134 ad
2736 4068 2951 4155 singu-

702 4175 803 4240 las
854 4171 1081 4240 decem
1114 4173 1425 4241 scutellas
1476 4178 1542 4240 et
1579 4173 1708 4240 tria
1739 4173 2038 4259 peccaria
2064 4151 2307 4240 'danda
2345 4193 2461 4242 seu
2509 4175 2948 4262 persoluenda

702 4292 852 4351 sunt
881 4283 1193 4369 obligati3
1246 4282 1334 4348 ad
1363 4283 1499 4350 alia
1530 4301 1707 4366 vero,
1761 4302 1887 4367 que
1917 4282 2145 4350 Abbas
2193 4283 2476 4371 petebat,
2530 4283 2840 4352 dicebant
2873 4305 2949 4352 se

699 4394 957 4478 penitus
1006 4412 1133 4458 non
1166 4391 1393 4459 teneri.
1444 4390 1580 4459 Nos
1623 4411 1776 4458 vero
1826 4390 2071 4458 auditis
2123 4391 2490 4460 racionibus
2535 4391 2828 4478 parcium
2880 4400 2949 4459 ct

700 4500 955 4587 plenius
985 4498 1349 4585 intellectis,
1384 4499 1477 4566 ita
1506 4497 1811 4565 duximus
1834 4497 2329 4584 interloquendo
2361 4500 2941 4588 pronunciandum,

701 4615 770 4676 vt
788 4610 1118 4698 predictus
1139 4608 1368 4677 Abbas
1400 4614 1792 4677 memoratos
1812 4608 2086 4696 populos
2119 4628 2249 4677 non
2269 4610 2355 4677 ad
2376 4608 2699 4696 ampliora
2736 4616 2944 4677 arcta·

700 4738 792 4804 re,
825 4737 1021 4801 quam
1052 4717 1138 4785 ad
1169 4738 1270 4804 ea,
1304 4737 1429 4801 que
1458 4718 1758 4806 superius
1792 4737 2104 4803 expressa
2132 4728 2282 4788 sunt
2312 4739 2428 4807 per
2470 4718 2942 4788 confessionem
