3359 5250
1437 340 1524 408 69

340 531 501 602 inde
554 534 644 603 ad
677 536 987 621 myas-ndo,
1041 533 1213 604 unde
1246 555 1473 603 uersus
1523 537 1895 622 aquilonem
1948 560 2064 625 per
2095 541 2270 608 idem
2320 544 2488 608 aruh
2526 544 2613 610 ad

339 640 505 724 Huz,
539 641 626 711 de
648 663 775 727 quo
808 641 896 708 ad
926 642 1206 730 primam
1238 651 1478 710 metam
1500 644 1943 713 Moluneuren.
1981 645 2237 733 Omnia,
2282 669 2409 732 que
2441 650 2611 719 infra

341 757 557 817 metas
602 750 764 818 istas
815 750 1237 836 continentur,
1273 757 1336 819 et
1366 750 1635 818 fluuium
1667 752 1900 840 Hydus
1940 773 2086 821 cum
2119 754 2337 823 insula
2367 757 2610 826 Molun-

334 876 542 922 euren
592 876 795 941 usque
848 857 936 925 ad
987 856 1220 944 Hydus
1268 858 1517 943 Scege‚
1569 859 2004 945 prenominati
2054 860 2277 930 Abbas
2328 869 2394 930 et
2442 864 2607 932 Con-

336 969 580 1030 uentus
632 962 845 1031 eidem
897 963 1136 1033 Chertu
1187 972 1252 1032 et
1284 966 1583 1052 cognatis
1634 968 1771 1035 suis
1821 977 2316 1054 concesserunt3
2373 971 2607 1040 dantes

332 1070 515 1139 infra
545 1071 618 1138 in
650 1073 858 1159 pratis
892 1081 957 1141 et
991 1074 1059 1141 in
1094 1074 1520 1160 arundinetis,
1555 1095 1682 1160 que
1714 1085 1864 1145 sunt
1895 1078 2066 1145 ultra
2098 1079 2363 1146 fluuium
2396 1079 2606 1149 Hidus

338 1197 575 1247 uersus
607 1178 1030 1265 occidentem,
1082 1188 1474 1268 potestatem
1504 1181 1794 1250 falcandi
1826 1184 2067 1267 fenum,
2104 1186 2385 1254 metendi
2419 1207 2605 1254 arun·

333 1285 529 1354 dines
580 1286 668 1353 ad
720 1307 904 1355 nsum
953 1290 1240 1374 ipsorum
1289 1289 1702 1358 sufficienter.
1756 1288 1926 1369 Quia
1973 1313 2123 1359 nero
2175 1291 2307 1359 iam
2358 1295 2604 1365 tociens

335 1391 501 1460 dicti
533 1392 776 1462 Chertu
807 1393 1092 1464 fidelitas
1125 1418 1255 1466 non
1288 1416 1372 1464 ex
1403 1397 1728 1483 condigno
1760 1397 1973 1466 fuerat
2003 1419 2122 1484 per
2153 1402 2275 1468 hoc
2308 1422 2603 1473 remune-

333 1509 504 1584 rata,
559 1520 705 1568 cum
737 1523 866 1570 non
913 1504 980 1569 in
1013 1524 1260 1572 meram
1291 1504 1661 1573 libertatem
1713 1505 1926 1592 ipsum
1970 1513 2035 1573 et
2083 1516 2397 1592 cognatos
2447 1529 2601 1580 suos

331 1611 900 1698 transtuleramus,
935 1614 1052 1681 sed
1074 1612 1140 1680 in
1161 1613 1401 1681 liberos
1421 1613 1810 1700 iobagiones
1834 1615 2148 1702 Ecclesie‚
2191 1616 2357 1686 sicut
2376 1639 2601 1707 supra·

335 1715 668 1800 diximus3
721 1719 892 1788 hanc
924 1720 1052 1787 sibi
1100 1720 1365 1804 suisque
1411 1722 1712 1807 cognatis
1764 1723 2273 1792 antenominatis
2312 1724 2600 1810 graciam

334 1825 782 1893 concessimus
833 1828 1204 1912 specialem,
1260 1835 1331 1895 ut
1380 1847 1783 1913 quecumque
1835 1830 2109 1896 collecta
2157 1830 2262 1897 uel
2310 1832 2600 1914 quelibet

333 1932 600 2001 exactio
652 1934 716 1999 in
748 1934 978 2020 Regno
1017 1943 1236 2005 nostro
1287 1938 1640 2021 emerserit,
1693 1935 1820 2024 ipsi
1854 1937 1939 2004 ab
1991 1955 2210 2005 earum
2264 1938 2598 2008 solucione

335 2039 531 2109 liberi
561 2041 696 2108 sint
724 2042 988 2129 penitus
1018 2049 1085 2111 et
1111 2043 1426 2129 inmunes,
1460 2064 1579 2111 nec
1617 2043 1964 2111 occasione
2012 2064 2237 2112 earum
2278 2046 2595 2129 aliquate-

331 2167 460 2216 nus
492 2147 934 2217 molestentur.
985 2151 1072 2217 vt
1101 2150 1301 2236 igitur
1331 2151 1451 2218 hec
1482 2159 1709 2219 nostra
1757 2150 2095 2218 ordinacio
2127 2172 2207 2220 ac
2262 2155 2596 2223 concessio

329 2256 632 2343 legitime
677 2256 856 2325 facta
907 2257 1097 2325 salua
1146 2278 1403 2346 semper
1457 2266 1521 2326 et
1569 2259 1958 2327 inconcussa
2007 2266 2421 2347 permaneat,
2476 2281 2595 2329 nec

329 2366 548 2454 possit
572 2365 988 2452 imposterum
1020 2386 1136 2453 per
1167 2366 1538 2453 quempiam
1573 2366 1955 2452 retractari;
1990 2374 2325 2454 presentes
2358 2369 2425 2436 in
2457 2389 2595 2454 per·

331 2479 601 2562 petuam
636 2472 731 2540 rei
761 2475 1136 2542 memoriam
1188 2482 1254 2542 et
1283 2474 1653 2542 firmitatem
1685 2474 1943 2543 litteras
1974 2474 2276 2544 duximus
2324 2497 2579 2546 concen-

336 2584 618 2667 dendas‚
676 2580 958 2671 duplicis
1006 2581 1208 2669 sigilli
1239 2583 1442 2651 nostri
1496 2581 1848 2650 munimine
1881 2582 1947 2648 in
1980 2590 2357 2670 perpetuum
2408 2585 2591 2654 robo-

331 2700 535 2761 ratas.
589 2693 834 2760 Datum
863 2710 981 2778 per
1014 2710 1244 2759 manus
1277 2691 1576 2777 Magistri
1607 2689 1947 2757 Benedicti
1977 2689 2300 2776 Prepositi
2346 2692 2597 2760 Buden-

331 2800 451 2885 sis‚
501 2801 654 2866 aule
705 2806 924 2867 nostre
954 2796 1555 2882 Uice-Cancellarij‚
1615 2817 1788 2865 anno
1838 2798 2101 2864 Domini
2134 2800 2226 2864 M?
2251 2798 2383 2867 CC?
2415 2799 2595 2869 trice·

333 2908 501 2975 simo
555 2927 757 2990 nono,
809 2905 1161 2974 tredecimo
1207 2904 1531 2973 kalendas
1581 2906 1763 2990 Maij,
1799 2905 2007 2990 Regni
2058 2914 2275 2974 autem
2332 2905 2595 2996 (nostri)

331 3036 507 3084 anno
547 3021 799 3101 quarto.

524 3212 624 3278 (ΑΒ
652 3213 858 3267 eredeti
882 3210 1015 3266 utari
1039 3214 1201 3280 Nagy
1226 3214 1386 3273 Imre,
1411 3212 1587 3264 Huzai
1613 3206 1953 3277 Okmanytar
1975 3211 2073 3263 1v.
2098 3211 2212 3264 kot.
2244 3213 2328 3263 22.
2354 3212 2413 3279 1.)
