3359 5250
1736 372 1767 378 ,
1782 280 2056 381 ,5-39...

764 496 885 564 pro
936 475 1179 543 salario
1227 474 1419 542 nobis
1470 494 1785 543 concesso
1834 475 2040 543 libras
2082 476 2253 544 DCC
2285 477 2571 545 Venetas
2618 496 2865 565 parvas
2884 529 2902 563 ‚
2953 485 3017 547 et

763 583 969 652 libras
1001 582 1107 651 CC
1140 583 1377 651 babere
1427 583 1664 650 debeat
1704 585 1786 651 N.
1818 578 1896 650 V.
1932 585 2318 652 Laurentius
2349 584 2645 672 Teupulo
2685 582 2895 654 donec
2924 586 3014 652 vi·

766 694 952 778 xerit‚
987 700 1050 761 et
1083 715 1160 762 eo
1191 690 1547 760 decedente
1576 692 1797 759 dictae
1829 692 2039 759 librae
2074 691 2178 759 CC
2210 694 2278 759 in
2318 690 2667 761 Commune
2699 691 3012 761 Venetam

762 800 1044 870 debeant
1093 801 1298 868 libere
1330 799 1652 867 devenire.
1708 801 2058 868 Praeterea
2090 799 2626 887 quandocumque
2677 821 2794 888 pro
2827 800 3009 870 Com·

764 907 941 976 muni
992 908 1242 974 Veneto
1283 906 1704 974 armabuntur
1735 905 1973 990 galeae
2018 907 2127 974 vel
2166 928 2208 973 a
2257 907 2527 990 triginta
2558 908 2882 996 superius,
2912 928 3011 976 ar·

763 1018 932 1084 mari
974 1014 1212 1082 debeat
1262 1033 1392 1080 una
1429 1014 1629 1099 galea
1658 1032 1778 1100 per
1802 1013 2095 1082 homines
2127 1014 2331 1101 ipsius
2375 1012 2756 1101 Comitatus,
2797 1035 3013 1084 eorum

764 1125 1106 1211 expensis;
1162 1130 1226 1190 et
1257 1123 1315 1192 si
1347 1122 1728 1209 magnitudo
1759 1122 1994 1219 Veneti
2043 1121 2363 1191 exereitus
2414 1122 2536 1189 ibit
2562 1144 2685 1209 per
2724 1125 3012 1213 partitio·

762 1252 933 1318 nem,
968 1233 1144 1319 quod
1175 1252 1340 1299 unus
1373 1251 1455 1300 ex
1488 1229 1850 1298 Comitibus
1885 1230 1967 1298 de
1999 1231 2191 1300 domo
2223 1232 2472 1317 Veglae
2503 1231 2624 1298 ibit
2659 1233 3012 1318 personali·

761 1348 863 1409 ter
894 1340 961 1407 in
995 1338 1171 1409 dicto
1202 1338 1529 1424 exereitu3
1580 1347 1646 1406 et
1677 1339 1894 1425 stabit,
1929 1339 2138 1408 donec
2170 1340 2284 1407 alii
2318 1339 2589 1408 Nobiles
2619 1340 2704 1409 de
2735 1341 3013 1410 Venetia

765 1450 1206 1531 morabuntur,
1260 1468 1483 1515 eorum
1536 1446 1857 1515 Comitum
1907 1448 2272 1535 sumptibus
2324 1455 2388 1515 et
2437 1448 2764 1536 expensis.
2828 1449 3010 1533 Item,

763 1556 940 1642 quod
971 1557 1141 1624 infra
1173 1556 1397 1624 decem
1430 1575 1638 1624 annos
1670 1556 1969 1642 proxime
2008 1563 2313 1625 venturos
2345 1554 2628 1624 debeant
2656 1562 2723 1623 et
2752 1565 3011 1626 tenean-

763 1672 868 1733 tur
898 1665 1056 1735 dieti
1080 1665 1383 1751 Comites,
1416 1670 1550 1731 tam
1583 1662 1821 1732 Comes
1852 1663 2210 1750 Schinessa,
2243 1672 2310 1732 et
2340 1662 2476 1748 filii,
2512 1669 2577 1731 et
2606 1682 2832 1732 eorum
2862 1662 3011 1732 hae-

760 1771 991 1858 redes3
1047 1792 1241 1858 qnam
1275 1772 1597 1860 praedicti
1647 1771 2041 1857 Fridericus,
2096 1771 2628 1839 Bartholomaeus
2679 1778 2746 1840 et
2777 1771 3009 1856 Cnido,

763 1890 829 1951 et
858 1900 1078 1950 eorum
1099 1880 1435 1968 haeredes,
1476 1900 1721 1968 ponere
1751 1882 1818 1948 in
1838 1880 2132 1948 Venetiis
2162 1880 2230 1947 in
2262 1880 2792 1968 possessionibus
2823 1880 3010 1947 libra·

761 2010 898 2058 rum
932 1989 1160 2058 decem
1209 1989 1419 2057 millia
1450 1990 1847 2058 Venetarnm
1877 2008 2244 2076 parvarum,
2296 1987 2593 2075 ponendo
2624 1985 2936 2056 videlieet
2972 2008 3012 2054 a

770 2102 1046 2184 quatuor
1064 2096 1252 2165 annis
1272 2097 1586 2184 proximis
1607 2098 1671 2164 in
1694 2104 1888 2166 antea
1904 2096 2192 2182 quolibet
2213 2117 2383 2167 anno
2410 2102 2679 2180 tantum,
2701 2102 3012 2181 quantum

766 2203 1008 2274 sufficit
1039 2205 1235 2291 pretii
1251 2227 1370 2293 pro
1389 2212 1539 2272 rata
1568 2206 1635 2272 in
1655 2205 1952 2293 deposito
1973 2226 2091 2293 pro
2112 2204 2275 2291 ipsis
2295 2202 2821 2291 possessionibus
2839 2223 3010 2272 com·

765 2312 1094 2401 parandis,
1131 2313 1214 2381 de
1241 2314 1478 2400 quibus
1512 2314 1928 2383 medietatem
1964 2313 2282 2402 praedicti
2318 2311 2708 2397 Friderieus,
2741 2311 3011 2380 Bartho-

766 2421 1058 2491 lomaeus
1078 2427 1145 2489 et
1165 2422 1401 2508 fluido,
1443 2431 1509 2491 et
1528 2443 1750 2492 eorum
1779 2421 2120 2508 haeredes,
2156 2422 2358 2488 aliam
2378 2420 2789 2490 medietatem
2825 2439 3013 2507 prae·

763 2525 975 2597 dictus
1006 2529 1351 2617 Schinella‚
1387 2536 1453 2599 et
1478 2529 1617 2617 filii,
1651 2536 1717 2621 et
1747 2550 1968 2599 eorum
1987 2527 2300 2597 haeredes
2330 2547 2573 2616 ponere
2592 2527 2896 2596 debeant.
2932 2529 3014 2594 Et

764 2637 823 2706 si
852 2638 1184 2724 acciderit,
1233 2638 1408 2725 quod
1439 2638 1798 2709 Comitatus
1848 2639 1992 2727 ipse
2037 2640 2106 2705 in
2138 2636 2325 2706 nobis
2374 2645 2708 2706 remaneat
2753 2658 2871 2725 per
2900 2635 3010 2704 de·

762 2745 1000 2815 fectum
1036 2747 1561 2832 masculinorum,
1595 2748 1708 2833 qui
1742 2766 1872 2813 non
1905 2752 2121 2814 essent
2146 2746 2216 2812 in
2247 2735 2761 2831 domo'Veglae3
2795 2729 3011 2812 dictae

763 2854 1214 2942 possessiones
1244 2853 1406 2941 ipsis
1437 2862 1824 2923 remaneant
1851 2854 2103 2922 liberae
2139 2859 2207 2919 et
2236 2872 2456 2920 eornm
2480 2850 2890 2936 haeredibus,
2923 2850 3011 2919 ad

761 2959 1130 3030 faciendum
1163 2981 1246 3030 ex
1277 2961 1373 3029 eis
1396 2983 1515 3049 pro
1546 2960 1768 3029 anima
1799 2967 1867 3028 et
1896 2981 2184 3048 corpore,
2221 2958 2534 3045 quidquid
2552 2957 2878 3027 voluerint
2909 2980 3009 3028 or-

767 3069 1015 3138 dinare.
1053 3072 1215 3136 Item
1247 3071 1784 3157 quandocumque
1816 3070 2005 3137 nobis
2030 3077 2095 3137 et
2127 3068 2360 3138 nostris
2397 3068 2906 3152 successoribus,
2944 3072 3011 3134 et

766 3177 1104 3246 Communi
1135 3179 1387 3246 Veneto
1416 3198 1689 3247 necesse
1720 3179 1916 3266 fuerit
1947 3178 2187 3245 habere
2223 3184 2481 3263 gentem
2514 3197 2630 3263 pro
2669 3176 3007 3245 Communi

763 3286 1206 3373 venetiarum,
1244 3293 1588 3356 teneantur
1607 3287 1764 3355 dicti
1799 3289 2107 3371 Comites,
2142 3285 2293 3353 dum
2326 3285 2625 3370 vixerint,
2665 3283 2827 3353 dare
2854 3303 3007 3372 ope·

763 3414 924 3479 ram,
947 3393 1121 3481 quod
1140 3395 1210 3462 in
1240 3394 1457 3464 insula
1474 3396 1743 3481 Veglae,
1779 3402 1845 3463 et
1866 3394 2210 3480 Comitatn,
2240 3413 2319 3460 ae
2352 3393 2504 3459 aliis
2524 3392 2713 3460 terris
2743 3392 3004 3460 circum·

761 3504 1107 3588 stantibus,
1139 3504 1555 3574 inveniantur
1585 3505 1673 3572 ad
1705 3505 1960 3573 soldum
1984 3502 2355 3571 Communis
2374 3502 2603 3568 Veneti
2624 3520 2829 3586 nsque
2859 3520 3004 3568 ceu-

759 3619 896 3680 tum
915 3613 1019 3681 vel
1040 3612 1388 3682 ducentum
1406 3615 1703 3684 homines
1722 3637 1838 3703 pro
1858 3615 1979 3682 tali
2000 3612 2210 3698 soldo,
2228 3612 2507 3696 qualiter
2523 3610 2789 3678 dabitur
2806 3611 3007 3678 Vene-

759 3719 907 3807 tiis3
941 3726 1007 3788 et
1038 3723 1578 3808 quandocumque
1607 3722 2001 3791 frumentum
2041 3720 2285 3788 valebit
2315 3722 2381 3788 in
2415 3718 2702 3786 Venetiis
2738 3719 3005 3803 triginta

759 3826 1005 3898 solidos
1037 3850 1391 3917 parvorum
1424 3831 1724 3918 superius
1754 3850 1876 3918 pro
1906 3830 2201 3917 quolibet
2225 3835 2424 3912 staro,
2459 3824 2708 3893 dabunt
2738 3846 3006 3913 operam

759 3934 918 4004 dicti
965 3936 1249 4008 Comites
1299 3940 1475 4007 bona
1523 3938 1673 4023 fide,
1730 3940 1881 4006 dum
1928 3938 2228 4021 vixerint,
2282 3934 2659 4019 aequaliter,
2711 3933 2883 4019 quod
2922 3934 3009 4001 de

760 4045 1087 4116 Comitatu
1119 4045 1476 4133 praedicto,
1530 4052 1597 4113 et
1627 4046 1778 4115 aliis
1810 4048 2000 4115 terris
2051 4042 2744 4129 circumadjacentibus
2773 4043 2839 4110 in
2871 4063 3002 4109 ma·

753 4155 880 4241 jori
912 4153 1300 4240 quantitate,
1351 4175 1546 4240 quam
1577 4163 1904 4242 poterunt,
1957 4151 2356 4223 conducatur
2384 4150 2692 4218 Venetiae
2733 4150 2821 4217 ad
2850 4170 2992 4218 ven·

757 4260 1060 4331 dendnm.
1113 4261 1198 4327 Et
1229 4266 1330 4330 est
1360 4261 1721 4351 sciendum,
1755 4262 1928 4349 quod
1962 4261 2424 4331 decedentibus
2463 4259 2758 4327 omnibus
2791 4257 3000 4326 Comi·

759 4370 932 4438 tibus
983 4368 1398 4456 supradietis,
1451 4377 1516 4437 et
1548 4372 1942 4441 haeredibus
1992 4368 2389 4455 masculiniS,
2442 4369 2536 4435 ita
2567 4366 2739 4450 quod
2786 4365 3003 4434 nullus

758 4476 1083 4544 masculus
1103 4480 1501 4566 supervivat,
1526 4478 1740 4548 dictus
1764 4479 2124 4548 Comitatus
2143 4499 2286 4546 oum
2306 4477 2599 4544 omnibus
2619 4497 2821 4564 supra
2849 4497 2999 4543 eon·

754 4585 1046 4654 cessisin
1079 4607 1198 4653 nos
1233 4597 1299 4656 et
1322 4589 1675 4657 Commune
1695 4590 2118 4658 venetiarum
2150 4588 2386 4656 debeat
2419 4587 2621 4656 libere
2654 4587 3001 4672 devenire;
