3359 5250
1734 326 1866 396 276

1735 900 1890 970 195.

671 1088 739 1153 A
766 1087 1020 1152 vasvdri
1044 1082 1470 1172 Icciptalannak
1498 1082 2030 1172 bizonysdylevele,
2069 1082 2229 1169 hoyy
2258 1080 2461 1148 Jalcab
2490 1076 2815 1147 Jdnosnak
2824 1078 2931 1163 fla

719 1196 1004 1282 bizonyos
1013 1190 1428 1277 fo'ldbirtokot
1454 1191 1697 1278 neje‘nek
1726 1190 2000 1256 Lorincz
2032 1190 2255 1278 Tyvdu
2265 1187 2497 1274 οίὶάηιύο
2533 1188 2888 1275 dtenyedett.

1708 1298 1907 1365 1248.

893 1497 1032 1564 Nos
1066 1494 1440 1584 Capitulum
1470 1494 1766 1561 Eeelesie
1796 1495 2022 1562 Sancti
2052 1494 2392 1563 Michaelis
2424 1495 2507 1562 de
2527 1493 2757 1561 Castro
2789 1493 2940 1558 Fer·

680 1627 793 1674 reo
842 1605 1140 1672 omnibus
1186 1610 1410 1671 notum
1455 1602 1748 1689 facimus,
1798 1603 1972 1689 quod
2007 1603 2326 1689 Georgius
2356 1604 2528 1671 filius
2556 1602 2771 1687 Wota,
2805 1604 2933 1687 Ty-

683 1712 942 1780 bureius
971 1713 1146 1780 filius
1176 1713 1327 1778 Inse
1358 1718 1422 1778 et
1452 1710 1618 1778 Paul
1646 1711 1821 1778 filius
1854 1712 2081 1779 Matha
2112 1712 2200 1778 ad
2224 1719 2518 1779 nostram
2551 1711 2937 1777 aecedentes

683 1821 1093 1908 presenciam
1113 1817 1391 1905 professi
1423 1825 1596 1903 sunt,
1631 1818 1808 1903 quod
1841 1820 2363 1903 consanguineus
2384 1838 2625 1904 eorum,
2648 1818 2939 1885 Jaeobus

686 1929 937 1996 scilieet
965 1928 1137 1995 filius
1154 1927 1471 1994 Johannis
1503 1935 1745 1995 terram
1777 1948 1962 1997 suam
1996 1929 2370 2014 emptieiam
2403 1948 2484 1994 ex
2517 1934 2706 2014 parte
2738 1926 2941 1993 Endri

688 2035 774 2101 ad
805 2035 1019 2120 ipsum
1052 2034 1423 2102 deuolutam
1475 2032 1768 2101 dedisset
1800 2055 1881 2101 ex
1914 2055 2136 2102 eorum
2187 2055 2506 2103 eonsensu
2537 2057 2776 2120 genero
2823 2056 2941 2103 suo

689 2141 1050 2210 Laurenoio
1103 2142 1354 2209 scilieet
1381 2142 1515 2209 filio
1560 2143 1836 2229 Tywan‚
1886 2144 2326 2227 relinquentes
2376 2146 2652 2212 eandem
2701 2151 2943 2211 terram

689 2250 821 2338 ipsi
849 2249 1212 2316 Laureneio
1263 2249 1406 2315 sine
1437 2248 1964 2317 eontradieeione
2011 2248 2284 2335 paeifiee
2321 2256 2386 2316 et
2432 2258 2748 2340 perpetuo
2797 2272 2945 2319 eum

693 2360 993 2426 omnibus
1025 2359 1298 2443 edifieijs
1349 2366 1416 2426 et
1443 2360 1589 2426 loeo
1618 2359 1816 2426 turris
1843 2360 2313 2446 possidendam
2339 2387 2355 2447 ;
2388 2362 2641 2429 seilieet
2675 2381 2821 2427 eum
2854 2360 2946 2426 in·

694 2467 858 2550 sula,
891 2466 960 2531 in
991 2484 1121 2548 qua
1151 2465 1361 2533 dietus
1393 2465 1683 2535 Jacobus
1731 2466 1963 2534 turrim
1992 2465 2354 2554 inchoarat,
2402 2468 2499 2534 ita
2529 2467 2703 2551 quod
2736 2467 2946 2534 eciam

695 2574 1060 2641 antedictus
1093 2573 1416 2660 Georgius
1461 2594 1536 2642 se
1566 2573 1889 2659 obligauit
1917 2573 2005 2641 ad
2054 2573 2538 2642 iustificandam
2572 2583 2639 2643 et
2667 2576 2947 2643 liberan-

696 2681 848 2748 dam
879 2681 1151 2748 eandem
1183 2688 1422 2749 terram
1454 2683 1540 2748 ab
1580 2682 1755 2750 omni
1785 2682 1919 2749 lite.
1954 2683 2301 2768 Egreditur
2330 2684 2568 2770 itaque,
2604 2683 2773 2750 sieut
2800 2703 2947 2771 pre·

698 2788 890 2855 dietis
937 2788 1096 2855 uiris
1127 2788 1550 2857 referentibus
1603 2787 1969 2876 didicimus,
2019 2797 2197 2857 terra
2233 2791 2613 2876 supradicta
2662 2791 2747 2857 ab
2776 2810 2951 2874 aqua

696 2898 906 2964 Mirod
955 2917 1182 2966 versus
1232 2897 1566 2965 meridiem
1614 2900 1737 2972 sub
1789 2895 2161 2964 molendino
2188 2898 2505 2984 Fareasij,
2555 2898 2810 2967 habens
2856 2898 2952 2964 ibi

698 3014 934 3074 metam
966 3006 1086 3072 sub
1117 3006 1293 3092 piro;
1333 3006 1486 3073 inde
1514 3004 1725 3073 tendit
1754 3003 1841 3070 ad
1874 3005 2431 3092 septemtrionem,
2465 3014 2530 3073 et
2559 3008 2645 3074 ad
2671 3007 2951 3092 longitu-

698 3113 916 3181 dinem
935 3114 1126 3180 unius
1142 3112 1391 3198 ingeris
1421 3113 1622 3179 habet
1652 3112 1816 3180 duas
1838 3118 2064 3201 metas,
2103 3114 2172 3179 in
2195 3133 2465 3197 quarum
2485 3114 2699 3181 medio
2718 3115 2954 3182 transit

702 3224 813 3290 uia
843 3241 1121 3307 magna3
1173 3220 1330 3286 item
1361 3221 1614 3288 vadens
1664 3221 1754 3287 ad
1785 3222 2311 3307 septemtrionem
2341 3222 2534 3289 unius
2583 3222 2828 3316 iugeris
2867 3224 2955 3290 ad

701 3330 1173 3414 longitudinem
1222 3329 1407 3397 uenit
1436 3329 1524 3396 ad
1553 3349 1863 3415 magnum
1913 3330 2165 3415 collem,
2218 3351 2408 3415 quem
2456 3330 2832 3418 relinquens
2866 3332 2954 3399 ad

702 3439 1217 3526 septemtriorem
1266 3439 1545 3506 flectitur
1580 3458 1811 3506 versus
1862 3439 2179 3506 orientem
2225 3438 2293 3504 in
2345 3440 2454 3506 uia
2505 3441 2592 3507 ad
2643 3443 2955 3527 angulum

701 3546 833 3613 luci
862 3547 932 3613 in
963 3549 1091 3614 fine
1123 3546 1280 3613 uille
1330 3546 1400 3613 in
1432 3546 1648 3633 eapite
1697 3545 1915 3614 fontis.
1963 3547 2048 3614 Vt
2078 3546 2275 3631 igitur
2318 3547 2440 3614 hee
2486 3549 2757 3617 donacio
2809 3558 2957 3617 rata

703 3653 891 3720 sitin
939 3661 1324 3741 perpetuum
1369 3674 1641 3741 presens
1693 3655 2009 3740 seriptum
2060 3654 2449 3722 contulimus
2497 3654 2697 3742 sigilli
2751 3658 2958 3725 nostri

700 3760 923 3828 federe
947 3761 1428 3829 communitum.
1476 3764 1683 3829 Paulo
1718 3761 2035 3829 existente
2067 3770 2288 3829 nostro
2320 3762 2683 3850 Preposito‚
2727 3764 2959 3832 Canto·

701 3870 804 3935 ria
831 3871 1126 3956 vaeanie,
1162 3869 1420 3936 Ombud
1447 3870 1751 3957 Custode,
1786 3870 2110 3955 Eymirieo
2130 3871 2434 3956 Decano.
2473 3869 2662 3939 Anno
2696 3873 2960 3939 Domini

703 3978 792 4044 Μο
813 3976 944 4043 00⁰
965 3979 1110 4045 ΧΠ
1129 3977 1329 4046 ἯΙΡ.

705 4176 985 4242 (Eredetie
1010 4192 1047 4228 a
1067 4177 1247 4243 Bumy
1273 4172 1459 4229 esalad
1483 4174 1895 4240 leveltarabam
1920 4174 2187 4228 masolata
2205 4192 2240 4227 a
2256 4179 2488 4243 Magyar
2508 4177 2810 4230 Akadomia
2834 4175 2961 4230 kez-

1497 4269 1624 4319 irati
1644 4266 2174 4334 gyfijtomhnyeben.)
