3359 5250
1419 326 1552 404 527

353 548 434 598 eo
467 529 959 601 benedictiones
990 531 1367 602 monialium
1399 531 1789 601 auctoritate
1817 529 2010 599 Sedis
2039 530 2420 619 Apostolice
2450 528 2613 599 reci·

355 661 515 726 pere
545 640 847 709 valeatis.
902 643 1064 709 Cum
1097 643 1319 707 autem
1370 639 1678 725 generale
1730 638 2147 706 interdictum
2196 646 2371 707 terre
2399 636 2616 723 fuerit,

357 750 558 819 liceat
588 752 794 836 vobis,
826 752 1071 819 clausis
1101 749 1340 836 ianuis,
1394 747 1976 819 excommunicatis
2009 757 2076 817 et
2114 749 2479 818 interdictis
2512 768 2623 816 ex·

358 857 580 946 clusis,
629 880 758 926 non
790 857 1069 944 pulsatis
1121 857 1483 944 campanis,
1537 857 1868 924 submissa
1898 876 2085 944 voce,
2118 854 2361 923 Divina
2398 855 2622 926 officia

359 966 715 1033 celebrare.
767 966 1070 1034 Obeunte
1100 985 1255 1032 vero
1286 971 1372 1050 te,
1404 984 1577 1032 nunc
1608 964 1902 1033 eiusdem
1938 965 2068 1032 loci
2101 962 2479 1053 Abbatissa,
2511 966 2622 1034 vel

359 1083 617 1143 tuarum
666 1076 962 1161 qualibet
1011 1073 1420 1158 succedente,
1472 1074 1656 1142 nulla
1688 1073 1779 1140 ibi
1830 1074 2126 1160 qualibet
2173 1075 2618 1162 subreptionis

361 1182 609 1251 astutia
637 1204 754 1252 seu
804 1184 1118 1252 violentia
1148 1188 1565 1271 preponatur,
1616 1182 1746 1250 nisi
1778 1203 1972 1268 quam
2005 1202 2263 1252 sorores
2296 1185 2622 1251 communi

363 1313 707 1380 consensu,
764 1295 869 1362 vel
902 1315 1125 1362 earum
1158 1293 1365 1362 maior
1415 1314 1569 1380 pars
1601 1292 1857 1360 consilii
1909 1292 2214 1381 sanioris,
2262 1292 2621 1363 secundum

363 1403 579 1470 Deum
628 1409 695 1469 et
723 1404 1018 1488 regulam
1068 1401 1471 1489 providerint
1522 1401 1923 1488 eligendam.
1972 1404 2177 1472 Porro
2216 1403 2275 1470 si
2306 1402 2621 1490 Episcopi

363 1511 471 1577 vol
520 1510 638 1577 alii
690 1509 1133 1579 Ecclesiarum
1183 1512 1492 1579 Rectores
1522 1509 1592 1576 in
1641 1510 2109 1577 Monasterium
2160 1516 2469 1596 vestrum,
2520 1511 2625 1578 vel

369 1637 691 1705 personas
721 1621 1061 1703 regulares
1092 1618 1255 1686 inibi
1275 1619 1557 1687 Domino
1589 1617 1986 1687 famulantes
2007 1619 2482 1706 suspensionis,
2517 1639 2624 1686 ex-

367 1727 970 1797 communicationis
1034 1726 1141 1795 vel
1199 1726 1528 1795 interdicti
1590 1726 1982 1795 sententiam
2044 1728 2622 1814 promulgaverint,

366 1834 578 1923 ipsam
638 1842 975 1921 tamquam
1027 1843 1254 1906 contra
1303 1835 1492 1905 Sedis
1545 1838 1597 1903 A
1604 1836 1922 1923 postolice
1981 1835 2237 1905 indulta
2300 1838 2624 1926 prolatam

369 1942 773 2013 decernimus
822 1965 953 2013 non
984 1952 1227 2014 tenere.
1279 1944 1441 2012 Paci
1490 1962 1749 2029 quoque
1796 1950 1863 2012 et
1898 1943 2359 2030 tranquillitati
2409 1954 2622 2014 vestre

369 2059 643 2139 paterna
671 2054 1092 2140 imposterum
1125 2052 1567 2122 sollicitudine
1598 2052 1945 2140 providere
1976 2053 2295 2140 volentes,
2342 2056 2624 2123 auctori-

369 2167 507 2229 tate
555 2163 942 2250 Apostolica
989 2162 1407 2252 prohibemus
1428 2216 1446 2249 ,
1505 2169 1576 2230 ut
1622 2161 1799 2231 infra
1850 2162 2192 2231 clausuras
2242 2163 2624 2232 Monasterii

369 2271 573 2339 vestri
624 2272 842 2341 nullus
893 2271 1197 2359 rapinam
1248 2289 1366 2338 seu
1410 2270 1649 2339 furtum
1699 2270 1918 2339 facere
1938 2321 1957 2356 ,
2009 2270 2228 2357 ignem
2274 2291 2625 2359 apponere,

370 2381 757 2467 sanguinem
809 2381 1101 2467 fundere,
1150 2381 1479 2449 hominem
1529 2387 1774 2450 temere
1805 2401 2043 2468 capere
2091 2380 2198 2449 vel
2240 2382 2625 2469 interficere,

374 2510 492 2557 seu
522 2490 871 2558 violentias
909 2487 1154 2557 audeat
1203 2505 1527 2556 exercere.
1581 2488 1890 2556 Preterea
1920 2509 2144 2557 omnes
2194 2489 2530 2561 libertates
2563 2501 2631 2560 et

374 2600 839 2686 immunitates,
874 2618 1039 2686 quas
1058 2597 1455 2667 Monasterio
1487 2604 1712 2667 vestro
1746 2597 2141 2666 venerabilis
2176 2599 2380 2670 frater
2408 2608 2629 2671 noster

378 2759 393 2775 .
431 2759 446 2776 .
482 2760 498 2776 .
532 2709 1086 2798 Archiepiscopus
1117 2707 1462 2776 Jadrensis
1514 2707 1598 2774 de
1626 2707 1915 2794 Capituli
1964 2708 2067 2775 sui
2099 2729 2377 2779 assensu
2423 2710 2633 2777 indul-

375 2817 539 2886 sisse
592 2816 954 2885 dinoscitur
972 2868 991 2903 ,
1043 2818 1212 2884 sicut
1260 2816 1331 2884 in
1381 2835 1603 2883 eorum
1651 2814 1889 2884 litteris
1936 2816 2197 2903 plenius
2248 2820 2631 2905 continetur,

377 2926 764 2995 auctoritate
795 2925 1181 3015 Apostolica
1229 2927 1684 2993 confirmamus
1716 2932 1782 2993 et
1812 2926 2134 3013 presentis
2179 2929 2407 3015 scripti
2438 2928 2632 3016 privi—

375 3033 551 3121 legio
585 3033 1072 3103 communimus.
1127 3037 1447 3104 Tenorem
1498 3040 1715 3102 autem
1747 3033 2116 3101 litterarum
2166 3035 2455 3121 ipsarum
2491 3056 2633 3124 pre-

378 3144 583 3212 sentis
617 3143 946 3232 privilegii
975 3143 1176 3211 inseri
1207 3144 1499 3230 fecimus,
1534 3143 1647 3230 qui
1677 3141 1832 3210 talis
1865 3148 1967 3209 est
2000 3165 2016 3207 ε

595 3252 769 3333 Quia
795 3252 981 3320 iuxta
1030 3272 1355 3321 canonum
1402 3252 1774 3321 sanctiones
1822 3251 1992 3320 bone
2023 3249 2121 3319 rei
2168 3251 2330 3319 dare
2378 3250 2633 3321 consul-

378 3366 513 3428 tum
545 3362 673 3429 stb.
708 3358 1135 3447 (hovetkezik
1168 3359 1441 3428 Lorincz
1481 3359 1707 3447 jadrai
1739 3358 2072 3428 erseknek
2107 3360 2378 3430 1260-ki
2410 3359 2634 3430 okma-

378 3491 535 3557 nya,
569 3470 730 3537 mint
760 3468 959 3537 alabb
989 3471 1074 3538 37
1081 3471 1145 3537 8.
1178 3489 1271 3539 sz.
1303 3470 1393 3557 a.)

596 3579 1024 3646 Decernimus
1056 3598 1233 3663 ergo,
1287 3585 1360 3645 ut
1388 3577 1557 3646 nulli
1589 3577 1926 3646 hominum
1972 3577 2172 3646 liccat
2200 3579 2377 3647 idem
2418 3583 2638 3651 Mona·

384 3685 649 3755 sterium
680 3693 922 3755 temere
952 3687 1353 3773 perturbare,
1406 3693 1521 3754 aut
1550 3687 1691 3754 eius
1722 3688 2175 3774 possessiones
2207 3689 2481 3777 auferre,
2528 3690 2637 3758 vel

385 3793 647 3864 ablatas
677 3796 973 3883 retinere,
1009 3796 1301 3864 minuere
1320 3794 1426 3862 vel
1459 3796 1824 3865 temerariis
1854 3796 2313 3866 vexationibus
2331 3797 2637 3885 fatigare,

384 3902 501 3973 sed
533 3904 755 3972 omnia
784 3906 1040 3992 integra
1070 3912 1533 3974 conserventur
1562 3926 1804 3993 eorum,
1856 3926 1977 3992 pro
2011 3925 2285 3991 quorum
2314 3907 2635 3991 guberna·

386 4014 571 4082 tione
602 4019 668 4080 et
713 4013 1186 4082 sustentatione
1210 4031 1524 4081 concessa
1554 4019 1725 4099 sunt,
1776 4013 1999 4082 usibus
2047 4013 2436 4083 omnimodis
2483 4037 2638 4104 pro·

383 4120 619 4209 futura,
657 4119 846 4191 salva
876 4124 944 4191 in
975 4124 1273 4192 omnibus
1294 4121 1485 4191 Sedis
1505 4122 1881 4210 Apostolice
1900 4124 2306 4195 auctoritate.
2330 4124 2432 4192 Ad
2463 4122 2629 4193 indi·

385 4230 555 4298 cium
587 4237 804 4299 autem
837 4232 1027 4300 huius
1059 4237 1367 4322 precepte
1399 4251 1442 4297 a
1461 4229 1632 4298 Sede
1650 4229 2038 4320 Apostolica
2059 4230 2402 4319 libertatis,
2435 4253 2632 4301 uuam

387 4338 622 4407 libram
671 4360 819 4408 cere
868 4341 1056 4408 nobis
1080 4393 1097 4427 ,
1150 4340 1520 4427 nostrisque
1571 4339 2060 4408 successoribus
2114 4341 2304 4410 annis
2360 4341 2641 4427 singulis

387 4447 794 4535 persolvetis.
835 4449 906 4517 Si
937 4470 1067 4536 qua
1099 4449 1300 4535 igitur
1329 4449 1398 4515 in
1430 4447 1715 4517 futurum
1747 4445 2203 4518 ecclesiastica
2240 4449 2640 4518 secularisve

387 4576 671 4642 persona
698 4557 872 4624 hanc
891 4563 1110 4625 nostre
1142 4557 1623 4626 constitutionis
1652 4558 1969 4645 paginam
1990 4558 2203 4625 sciens
2236 4562 2464 4625 contra
2495 4578 2641 4627 eam

388 4675 634 4735 temere
662 4665 888 4733 venire
936 4665 1380 4753 temptaverit,
1431 4664 1739 4752 secundo,
1790 4666 2079 4734 terciove
2126 4666 2539 4754 commonita,
2586 4666 2647 4735 si
