3359 5250
1302 403 1313 408 ·
1404 305 1531 375 193

1388 883 1537 950 126.

317 1061 435 1128 IV.
490 1064 649 1128 Be'la
699 1065 1029 1150 kirdlynak
1084 1065 1264 1151 vay
1313 1066 1575 1130 birtokdt
1624 1068 1924 1153 tdrqyazd
1975 1068 2328 1154 adomcinya
2397 1066 2587 1133 Bolok·

1183 1178 1493 1238 sza'mdra.
1534 1174 1720 1239 1:245.

542 1369 705 1434 Bela
759 1367 880 1433 Dei
934 1367 1162 1450 gracia
1213 1366 1570 1452 Hungarie,
1623 1369 1988 1454 Dalmacie,
2024 1370 2322 1452 Croacie,
2358 1374 2582 1452 Rame,

314 1477 571 1559 Serme,
610 1476 906 1559 Gallicie,
946 1476 1342 1560 Lodomerie,
1387 1478 1839 1562 Gumanieque
1860 1479 1996 1544 Rex
2022 1479 2323 1545 omnihus
2344 1479 2585 1546 Christi

316 1584 631 1650 fidelibus
682 1585 992 1670 paginam
1027 1593 1391 1669 presentem
1444 1586 1830 1671 inspecturis
1863 1588 2144 1653 salutem
2179 1588 2242 1652 in
2279 1589 2581 1654 Domino.

325 1692 511 1757 Licet
542 1690 813 1774 Regalis
847 1691 1288 1757 munificencie
1341 1692 1714 1778 benignitas
1758 1695 1843 1759 ad
1875 1695 2199 1776 quoslibet
2231 1715 2426 1760 manu
2460 1696 2572 1760 lar·

319 1799 529 1881 giflua
580 1797 823 1863 habere
874 1818 945 1863 se
997 1798 1253 1881 debeat,
1307 1799 1456 1866 illos
1486 1807 1707 1866 tamen
1761 1801 2080 1868 uberioris
2133 1812 2196 1867 et
2246 1802 2581 1887 amplioris

319 1905 546 1990 gracie
569 1904 884 1971 beneficio
920 1905 1264 1972 confouere
1285 1914 1537 1973 tenetur
1570 1914 1631 1974 et
1652 1908 1980 1994 amplecti,
2017 1931 2133 1993 pro
2166 1909 2400 1991 quibus
2425 1910 2579 1975 mul·

317 2011 623 2098 tiplicata
656 2011 935 2077 seruicia
985 2013 1250 2098 propria
1283 2014 1708 2083 intercedunt.
1764 2016 1928 2082 Hinc
1964 2025 2080 2098 est,
2123 2015 2294 2101 quod
2330 2015 2415 2082 ad
2448 2016 2581 2082 uni-

324 2139 665 2186 uersorum
728 2122 1132 2205 presencium
1187 2129 1249 2187 et
1278 2131 1714 2208 *posterorum
1768 2124 2077 2190 noticiam
2128 2124 2356 2189 harum
2411 2124 2580 2190 serie

314 2229 628 2302 ‚uolumus
680 2227 1057 2312 peruenire;
1112 2228 1285 2311 quod
1337 2249 1481 2296 cum
1529 2230 1737 2297 fidelis
1777 2239 1998 2297 noster
2030 2230 2238 2297 Bolok
2287 2251 2330 2295 a
2381 2230 2580 2297 multo

316 2347 618 2421 tempore
640 2336 825 2404 nobis
858 2335 1136 2403 fideliter
1158 2338 1554 2418 seruiuisset,
1609 2344 1673 2402 et
1712 2339 1882 2406 idem
1904 2340 2157 2424 copiam
2181 2347 2351 2405 terre
2383 2359 2456 2405 se
2489 2338 2582 2404 di-

314 2453 495 2511 ceret
513 2465 643 2511 non
671 2444 949 2528 habere3
984 2465 1121 2526 uos,
1145 2445 1378 2528 quibus
1399 2467 1479 2511 ex
1501 2445 1714 2513 officio
1737 2446 1939 2532 Regie
1962 2447 2299 2530 dignitatis
2332 2448 2570 2514 incum-

320 2555 421 2621 bit
460 2553 697 2619 merita
731 2554 939 2619 metiri
979 2555 1402 2642 singulorum,
1457 2564 1521 2622 et
1554 2555 1832 2639 singulis
1866 2576 1984 2642 pro
2021 2539 2266 2621 meritis
2317 2576 2578 2642 respon-

322 2663 504 2744 dere,
561 2671 631 2728 ut
662 2663 802 2747 ipse
836 2664 920 2728 ad
955 2670 1177 2728 nostra
1230 2662 1508 2730 seruicia
1554 2664 1777 2748 apcior
1829 2664 1910 2730 de
1944 2671 2156 2729 cetero
2211 2662 2580 2745 haberetur,

320 2778 565 2836 terram
602 2770 930 2853 quandam
957 2771 1153 2854 Kuuy
1188 2772 1465 2854 nomine,
1501 2790 1624 2855 que
1656 2770 1867 2836 fuerat
1901 2778 2074 2836 terra
2107 2772 2300 2835 castri
2338 2770 2418 2836 de
2453 2769 2572 2835 Gu·

318 2899 487 2963 mur,
540 2881 608 2944 in
644 2879 856 2945 medio
892 2887 1060 2945 terre
1111 2878 1401 2945 eiusdem
1455 2878 1665 2945 fidelis
1700 2879 1899 2946 nostri
1936 2879 2145 2945 Bolok
2193 2879 2583 2945 hereditarie

322 2988 739 3071 existentem,
795 2989 922 3055 sibi
958 2995 1022 3054 et
1054 3007 1171 3073 per
1222 3008 1367 3054 cum
1402 2988 1537 3055 suis
1585 2986 1934 3053 heredibus
1978 2985 2413 3071 heredumque
2446 3006 2581 3052 suc-

324 3096 701 3163 cessoribus
736 3095 1124 3162 contulimus
1159 3105 1222 3160 et
1254 3095 1643 3162 conferimus
1675 3095 1740 3161 in
1779 3105 2154 3181 perpetuum
2197 3094 2390 3180 pleno
2421 3094 2578 3159 iure.

317 3206 391 3268 In
452 3203 638 3268 cuins
687 3212 855 3269 terre
906 3204 1385 3288 possessionem
1435 3204 1839 3290 corporalem
1893 3203 2102 3286 ipsum
2155 3222 2272 3286 per
2322 3198 2575 3266 fidelem

319 3320 618 3378 nostrum
641 3311 976 3377 Albertum
1011 3312 1418 3396 Prepositum
1455 3310 1535 3376 de
1566 3312 1730 3377 Jazo
1775 3310 2168 3375 authoritate
2200 3309 2403 3390 Regia
2435 3307 2580 3372 feci-

318 3439 473 3485 mus
506 3417 848 3484 introduci.
901 3420 1072 3485 Mete
1104 3424 1323 3486 autem
1378 3417 1548 3485 dicte
1582 3428 1770 3503 terre,
1825 3425 2010 3505 prout
2060 3416 2231 3482 idem
2273 3416 2581 3482 Albertus

320 3526 709 3612 Prepositus
743 3527 928 3593 nobis
959 3528 1116 3593 uiua
1150 3547 1307 3593 uoce
1341 3527 1578 3611 retulit,
1615 3534 1680 3593 et
1715 3527 2076 3594 litterarum
2112 3544 2373 3589 suarum
2409 3524 2581 3591 testi·

320 3635 546 3700 monio
583 3634 1077 3718 demonstrauit,
1109 3635 1331 3702 taliter
1368 3634 1804 3719 distinguntur
1834 3657 1847 3697 :
1880 3633 2101 3697 Prima
2133 3637 2307 3696 meta
2339 3636 2438 3695 est
2472 3631 2580 3696 flu·

318 3742 473 3808 ‘nius
506 3744 696 3826 Saar,
751 3743 861 3827 qui
895 3743 1098 3809 oritur
1130 3742 1211 3808 de
1241 3746 1481 3830 SoyoV,
1532 3749 1595 3808 et
1628 3739 1810 3807 uadit
1842 3738 1926 3804 ad
1969 3738 2293 3821 quandam
2345 3747 2579 3804 terram

319 3851 590 3916 nomine
626 3851 941 3935 Genicha,
996 3851 1178 3918 cuius
1210 3873 1367 3938 pars
1417 3852 1682 3918 sinistra
1721 3856 1889 3914 terre
1922 3845 2132 3912 Bolok
2180 3844 2460 3932 pertinet
2497 3845 2583 3912 ad

321 3960 563 4043 Bolok,
600 3959 829 4026 dextra
861 3980 1013 4046 pars
1046 3959 1249 4045 Regi3
1300 3959 1451 4025 inde
1484 3957 1665 4023 uadit
1700 3955 1786 4021 ad
1819 3954 2209 4042 particulam
2243 3951 2579 4019 cuiusdam

320 4069 515 4151 silue,
551 4087 679 4151 que
713 4069 883 4151 wlgo
917 4066 1151 4133 dicitur
1188 4069 1575 4149 rc-reshm'oet,
1610 4071 1674 4130 et
1706 4062 2001 4149 peruenit
2035 4061 2121 4126 ad
2156 4062 2320 4127 duas
2356 4069 2583 4143 metas,

319 4177 391 4242 in
447 4176 684 4258 quibus
716 4175 842 4240 duc
896 4183 1045 4240 sunt
1077 4175 1364 4257 arbores,
1420 4172 1600 4239 cuius
1642 4191 1793 4258 pars
1845 4170 2112 4235 sinistra
2163 4175 2331 4236 terre
2375 4167 2585 4235 Bolok

322 4282 748 4367 hereditaria,
786 4283 1016 4349 dextra
1038 4301 1192 4350 uero
1227 4281 1511 4348 eiusdem
1548 4301 1588 4346 a
1623 4282 1803 4364 Rege
1836 4279 2110 4363 collata3
2146 4285 2210 4342 et
2241 4274 2393 4342 inde
2413 4275 2588 4359 girat

323 4394 395 4458 in
446 4391 667 4458 media
716 4395 906 4478 parte
957 4410 1181 4456 nemus
1235 4388 1582 4473 quoddam,
1639 4397 1704 4453 et
1754 4387 2054 4472 peruenit
2104 4385 2189 4452 ad
2221 4383 2387 4450 duas
2441 4382 2584 4449 uias

326 4521 608 4584 magnas
645 4498 729 4564 ad
782 4518 1090 4580 magnum
1144 4497 1430 4583 lapidem
1482 4497 1747 4582 planum
1782 4495 2012 4571 nimis;
2069 4492 2221 4557 inde
2265 4511 2416 4557 uero
2471 4509 2588 4574 per

324 4609 565 4675 uallem
602 4610 904 4674 Kamuna
938 4606 1143 4672 tendit
1174 4605 1238 4670 in
1274 4605 1385 4669 uia
1418 4603 1706 4685 modice3
1751 4612 1814 4669 ct
1847 4602 1992 4667 iude
2027 4620 2141 4686 per
2176 4600 2414 4664 dictam
2452 4598 2586 4664 ual-

418 4744 626 4780 nom,
657 4742 823 4780 anuo.
858 4740 997 4777 mer,
1039 4752 1111 4760 —
1154 4740 1298 4776 nm.
1341 4733 1409 4771 ει.
2192 4718 2267 4771 13
