3359 5250
1424 387 1506 453 97

331 582 561 651 Sancti
595 583 857 650 Martini
911 583 992 649 de
1023 584 1225 650 Sacro
1259 585 1478 652 Monte
1510 585 1847 652 Pannonie
1886 583 2190 651 indebitis
2237 585 2595 652 exaccioni·

331 694 455 760 bus
486 697 552 759 et
585 693 885 778 seruieijs
915 713 989 761 se
1019 691 1104 760 de
1136 699 1431 781 tempore
1464 694 1529 762 in
1559 703 1820 780 tempus
1855 713 2000 760 essc
2034 699 2344 778 granatos
2377 713 2595 762 coram

330 803 528 870 nobis
593 802 1131 870 lachrimabiliter
1180 811 1764 890 conquererentur3
1829 801 2079 889 placuit
2128 802 2319 871 nobis
2381 803 2595 888 ipsam

328 911 825 995 lachrymosam
875 912 1210 995 querelam
1258 911 1626 998 admittere,
1678 921 1744 980 et
1775 911 2053 979 eandem
2088 910 2595 978 misericorditer

327 1017 597 1084 racione
629 1019 861 1104 preuia
913 1019 1283 1087 terminare.
1319 1017 1706 1088 constitutis
1759 1019 1980 1105 itaque
2011 1017 2174 1105 ipsis
2222 1019 2482 1105 populis
2527 1020 2594 1087 in

329 1132 562 1193 nostra
611 1127 958 1214 presencia
1009 1148 1091 1195 ex
1123 1148 1255 1194 una
1283 1135 1513 1215 parte;
1548 1129 1817 1196 Decano
1850 1136 1915 1194 et
1967 1127 2274 1194 fratribus
2316 1147 2436 1194 nec
2463 1147 2594 1194 non

315 1234 795 1319 jobagionibus
846 1235 1139 1302 eiusdem
1197 1234 1508 1319 Ecclesie,
1573 1255 1720 1302 eum
1770 1236 1964 1322 pleno
2019 1235 2335 1302 mandato
2385 1235 2593 1322 ipsius

323 1341 636 1426 Abbatis,
689 1342 802 1427 qni
835 1348 1099 1430 propter
1130 1342 1568 1410 infirmitatem
1617 1343 1855 1411 adesse
1888 1363 2016 1409 non
2056 1349 2337 1429 poterat,
2390 1361 2474 1408 ex
2504 1343 2594 1409 al-

325 1458 509 1535 tera;
560 1450 874 1533 antiquas
905 1452 1088 1536 leges
1119 1456 1187 1519 et
1216 1450 1445 1519 debita
1491 1451 1842 1520 eorundem
1875 1471 1916 1517 a
1948 1449 2381 1517 Sanctissimo
2412 1454 2591 1536 Rege

323 1556 669 1644 Stephano
720 1558 1072 1624 constituta
1125 1558 1593 1642 exquisiuimus
1625 1559 1941 1644 seriatim,
1991 1558 2225 1642 quibus
2260 1557 2453 1642 plene
2484 1578 2588 1624 ex·

322 1665 595 1752 quisitis
627 1670 693 1731 et
727 1664 1045 1733 ueraciter
1078 1665 1388 1753 expertis,
1422 1665 1706 1751 quedam
1740 1686 1961 1735 eorum
1993 1665 2232 1752 debita,
2268 1685 2393 1750 que
2424 1665 2586 1751 ipsis

322 1771 701 1860 ponderose
752 1773 1060 1858 imposita
1092 1781 1316 1859 erant;
1370 1774 1524 1841 lieet
1553 1780 1774 1842 tamen
1821 1794 1904 1841 ex
1935 1776 2207 1859 antiqua
2254 1781 2587 1841 eonsuetu-

321 1880 479 1949 dine
533 1882 906 1965 obseruata,
961 1878 1124 1967 ipsis
1156 1879 1462 1948 uidelicet
1492 1882 1760 1949 Decano
1812 1888 1878 1948 et
1908 1879 2236 1964 fratribus,
2288 1896 2409 1946 nec
2458 1901 2588 1948 non

310 1988 792 2074 jobagionibus
824 1986 1117 2056 eiusdem
1152 1988 1448 2055 Ecclesie
1472 1988 2065 2076 consencientibus,
2100 1990 2585 2076 relaxauimus;

320 2119 423 2186 ea,
468 2116 598 2181 que
621 2096 795 2163 iusta
829 2105 895 2164 et
913 2096 1239 2183 legittima
1269 2098 1548 2182 fuerant,
1581 2105 1807 2165 tenore
1843 2097 2252 2186 presencium
2285 2097 2584 2184 imposte-

321 2227 466 2273 rum
486 2206 965 2273 confirmantes.
1007 2205 1292 2273 Primum
1313 2205 1512 2292 igitur
1529 2206 1822 2274 debitum
1854 2207 2353 2275 vduornicorum
2376 2207 2584 2294 ipsius

323 2314 627 2383 Ecclesie
659 2319 780 2401 est,
831 2336 875 2381 a
912 2321 1206 2403 tempore
1257 2335 1576 2385 nouarum
1623 2316 1881 2400 frugum
1930 2315 2309 2402 persoluere
2357 2315 2425 2382 in
2466 2336 2586 2385 sex

323 2422 680 2507 mensibus,
713 2441 1101 2507 vnoquoque
1121 2422 1431 2490 videlieet
1461 2441 1708 2509 mense,
1741 2420 1826 2488 de
1846 2422 1983 2489 suis
2016 2422 2298 2509 propriis
2330 2430 2585 2491 eentum

324 2537 388 2598 et
420 2533 695 2617 triginta
726 2552 966 2599 aeones
1013 2530 1229 2599 farine
1261 2533 1341 2600 de
1376 2532 1720 2616 frumento,
1755 2540 1822 2599 et
1853 2531 2295 2618 quadraginta
2339 2553 2582 2601 aeones

324 2641 405 2706 de
426 2641 718 2727 siligine,
752 2647 817 2710 et
837 2647 1094 2708 centum
1124 2642 1548 2735 septuaginta
1568 2660 1811 2709 aeones
1832 2640 1913 2708 de
1947 2661 2180 2709 auena.
2214 2643 2378 2708 Item
2400 2642 2585 2710 aliud

328 2748 625 2817 debitum
656 2770 879 2817 eorum
909 2757 1028 2836 est,
1080 2751 1168 2818 ad
1202 2751 1372 2818 alios
1403 2771 1521 2817 sex
1555 2768 1813 2818 menses
1861 2755 2125 2837 portare
2156 2758 2416 2837 segetes
2447 2757 2583 2819 tam

326 2855 610 2943 Simigij,
664 2877 861 2940 quam
893 2857 962 2923 in
994 2858 1148 2944 aliis
1199 2858 1498 2946 partibus
1548 2857 1928 2942 existentes,
1978 2865 2235 2926 centum
2278 2858 2585 2926 uidelicet

330 2972 392 3032 et
421 2966 848 3051 septuaginta
877 2985 1119 3034 aeones
1151 2966 1238 3032 ad
1268 2965 1711 3035 molendinum
1742 2965 2054 3053 Ecclesie,
2088 2972 2153 3031 et
2183 2987 2297 3033 eas
2330 2967 2422 3033 ibi
2455 2989 2584 3034 mo-

327 3075 468 3142 lare
499 3084 565 3143 et
598 3083 863 3161 portare
909 3076 998 3142 ad
1029 3075 1287 3143 elicium
1319 3075 1634 3143 Ecclesie.
1688 3076 1853 3141 Item
1885 3072 2177 3141 debitum
2208 3095 2430 3141 eorum
2462 3083 2580 3159 est,

328 3186 549 3252 faeere
580 3204 986 3252 communem
1017 3184 1300 3251 farinam
1331 3202 1540 3268 usque
1569 3182 1658 3249 ad
1689 3181 1924 3266 viginti
1964 3201 2203 3249 aeones
2235 3204 2354 3269 pro
2387 3190 2580 3270 pastu

332 3294 642 3379 cuiusque
674 3293 940 3382 mensis,
988 3292 1072 3359 de
1104 3291 1439 3378 segetibus
1488 3300 1710 3359 tamen
1742 3289 2054 3356 Ecclesie.
2105 3290 2268 3356 Item
2300 3309 2582 3359 eommu-

330 3420 475 3470 nem
507 3405 859 3487 araturam,
892 3417 1019 3487 qne
1051 3401 1384 3487 wlgariter
1415 3424 1571 3469 enen
1601 3398 1860 3483 dieitur,
1901 3396 2121 3465 faeere
2139 3418 2270 3465 non
2299 3399 2576 3488 debent;

328 3531 448 3579 nee
481 3511 745 3579 racione
777 3509 952 3577 illius
983 3514 1245 3578 arature
1276 3508 1532 3595 aliquid
1563 3508 1823 3575 soluere
1853 3507 2097 3577 Abbati
2146 3508 2252 3574 uel
2282 3508 2579 3576 Ecclesie

324 3626 694 3687 teneantur.
725 3621 889 3687 Item
920 3619 1036 3704 hii,
1070 3619 1182 3704 qui
1217 3624 1498 3706 pascunt
1527 3636 1836 3703 mensem,
1870 3616 2112 3684 debent
2130 3615 2290 3684 dare
2322 3637 2577 3684 currum

323 3750 472 3797 eum
493 3729 791 3815 jumento
842 3726 930 3795 ad
959 3725 1316 3813 portandos
1365 3746 1570 3814 panes
1602 3724 1882 3793 Abbatis
1931 3744 2315 3810 quocunque
2363 3725 2575 3813 inerit,

323 3838 491 3907 Item
521 3855 750 3904 omnes
772 3833 1109 3902 uduornici
1142 3833 1349 3922 ipsius
1379 3833 1677 3902 Ecclesie
1699 3831 2121 3899 communiter
2137 3831 2378 3898 debent
2418 3833 2577 3901 dare

321 3946 406 4015 de
437 3950 636 4034 pastu
666 3943 1166 4029 vuiuscuinsque
1212 3942 1455 4011 mensis
1486 3941 1654 4010 duos
1686 3959 1911 4008 currus
1944 3939 2034 4007 ad
2063 3941 2453 4026 portandam
2486 3941 2577 4009 fa-

319 4056 538 4122 rinam
567 4052 812 4122 Abbati
858 4060 924 4120 et
953 4053 1263 4120 fratribus
1311 4069 1713 4137 quoeunque,
1767 4050 1870 4115 vel
1908 4047 2424 4133 quocieseunque
2471 4069 2576 4115 ne-

319 4182 510 4234 eesse
542 4161 742 4230 fuerit
770 4161 884 4247 ire,
918 4161 1062 4229 siue
1096 4159 1185 4229 ad
1217 4160 1465 4230 curiam
1498 4166 1815 4244 nostram,
1862 4156 2004 4225 siue
2034 4155 2204 4223 alias
2236 4178 2352 4242 pro
2384 4179 2574 4243 nego-

321 4273 445 4341 ciis
476 4270 770 4339 Eeelesie
800 4269 1249 4358 procurandis.
1302 4273 1466 4337 Item
1504 4287 1731 4338 omnes
1762 4267 1965 4334 ceteri
1993 4265 2220 4352 populi
2268 4268 2574 4337 seruicia-

317 4384 440 4467 les,
473 4379 731 4448 seilicet
758 4378 1113 4466 pelliparii,
1144 4386 1418 4466 sutores,
1453 4376 1649 4462 fabri,
1703 4382 1770 4442 et
1800 4393 2025 4443 omnes
2055 4373 2189 4460 alii,
2233 4377 2345 4458 qui
2376 4378 2575 4445 nomi·

317 4498 557 4561 uantur
605 4489 674 4555 in
724 4487 1075 4575 priuilegio
1104 4488 1327 4556 Sancti
1358 4487 1559 4572 Regis
1589 4483 1908 4568 Ladizlai,
1942 4482 2030 4550 ad
2061 4483 2282 4551 omnia
2327 4505 2573 4569 genera

317 4598 680 4669 officiorum
707 4595 952 4664 debent
983 4616 1103 4664 sex
1134 4616 1357 4665 currus
1389 4594 1547 4663 dare
1593 4613 1741 4661 eum
1772 4590 2166 4659 animalibus
2197 4591 2284 4661 ad
2316 4601 2573 4679 portan-

321 4707 475 4775 dum
507 4704 728 4771 vinum
760 4703 1004 4770 Abbati
1037 4711 1103 4770 et
1149 4701 1456 4770 fratribus
1489 4718 1894 4786 quoeunque,
1946 4704 2011 4765 et
2056 4698 2573 4784 quociescunque

411 4838 620 4880 nonna.
651 4838 818 4878 unua.
850 4838 991 4876 mer.
1029 4850 1103 4862 —
1143 4839 1284 4878 nm..
1321 4830 1389 4872 η.
2214 4817 2250 4879 7
