3359 5250
1810 355 1947 425 522

1807 818 1962 888 372.

743 1004 789 1071 I
797 1003 863 1069 V.
911 1006 1077 1071 Βέία
1125 1003 1334 1090 kirdly
1393 1001 1712 1087 Trebqozd
1761 1002 2125 1088 helyseqnek
2173 1003 2456 1069 hatdrait
2502 1001 3009 1090 azaba'lyoztatja.

1015 1120 1016 1123 ’
1779 1111 1973 1175 1260.

959 1292 1099 1359 Nos
1149 1288 1469 1357 Nicolaue
1522 1286 1606 1353 de
1657 1287 1839 1355 Gara
1887 1288 2102 1374 Regni
2152 1289 2495 1375 Hungarie
2549 1290 2895 1358 Palatinus
2944 1295 3015 1356 et

745 1399 963 1470 Judex
1013 1400 1446 1467 comanorum
1498 1395 1647 1480 stb„
1699 1396 1873 1481 quod
1905 1416 2051 1464 cum
2103 1397 2427 1483 Georgius
2478 1398 2651 1466 filius
2701 1397 2910 1484 Pauli,
2945 1403 3011 1465 et

745 1506 1047 1594 Mychael
1096 1506 1271 1573 filius
1321 1502 1593 1571 alterius
1626 1503 1817 1571 Pauli
1856 1503 1939 1570 de
1972 1506 2238 1592 Kezew,
2292 1504 2622 1573 dominum
2655 1506 3006 1593 Symonem

745 1616 949 1685 filium
979 1617 1215 1701 Konye
1246 1613 1407 1681 Bani
1458 1612 1542 1679 de
1585 1612 1842 1679 Zechen
1877 1618 1943 1680 et
1973 1613 2319 1682 Nicolaum
2350 1614 2552 1682 filium
2594 1635 2782 1683 suum
2812 1633 3008 1701 super

749 1744 847 1808 eo,
901 1723 1075 1809 quod
1124 1722 1252 1810 ipsi
1286 1723 1531 1808 Symon
1582 1729 1648 1790 et
1697 1722 2016 1789 Nicolaus
2056 1744 2173 1809 per
2214 1723 2609 1810 Jobagiones
2651 1743 2875 1791 eorum
2927 1723 3011 1789 de

747 1832 1100 1918 Neklyuch
1150 1829 1478 1917 quandam
1528 1836 1768 1897 terram
1816 1831 2106 1919 ipsorum
2145 1824 2539 1917 Nogmezew
2587 1839 2889 1900 vocatam
2921 1832 3009 1899 ad

747 1941 1226 2029 possessionem
1275 1958 1497 2007 eorum
1545 1940 1785 2005 Kezew
1833 1938 2197 2024 predictam
2249 1941 2372 2007 rite
2425 1943 2509 2007 ab
2561 1941 2832 2023 antiquo
2865 1961 3007 2026 per-

751 2051 1066 2119 tinentem
1117 2069 1235 2135 pro
1268 2067 1341 2114 se
1372 2047 1536 2134 ipsis
1568 2049 1879 2133 occupari
1910 2054 1977 2115 et
2005 2048 2316 2116 seminari
2363 2048 2675 2116 fecissent
2706 2050 3013 2136 potencia

752 2160 1101 2244 mediante,
1137 2163 1364 2226 contra
1395 2175 1469 2223 se
1498 2156 1566 2223 in
1598 2176 1870 2224 causam
1902 2158 2361 2225 conuenissent
2398 2157 2553 2244 stb.;
2603 2154 2711 2246 (az
2747 2160 3011 2245 alperee

750 2290 793 2336 a
824 2288 1022 2353 maga
1053 2266 1463 2350 igazolasaul
1495 2266 1679 2333 tobbi
1711 2264 1868 2333 kozt
1897 2264 2222 2354 felhozza)
2267 2266 2522 2334 litteras
2561 2264 2850 2353 Capituli
2882 2267 3009 2333 Bu·

756 2374 977 2443 densis
1008 2372 1458 2461 priuilegiales
1489 2372 1557 2438 in
1586 2372 1821 2459 vigilia
1851 2372 2000 2442 festi
2021 2373 2213 2440 Beati
2243 2374 2490 2442 'rhome
2507 2376 2815 2462 Apostoli
2835 2395 3015 2442 anno

751 2483 1019 2552 Domini
1049 2481 1396 2549 millesimo
1429 2480 2078 2566 quadringentesimo
2113 2489 2348 2550 octauo
2380 2483 2610 2569 editas,
2666 2483 3011 2552 transscri-

752 2594 984 2662 bentes
1033 2590 1116 2658 de
1147 2588 1347 2659 verbo
1381 2588 1470 2657 ad
1500 2590 1771 2658 verbum
1821 2598 2112 2661 tenorem
2159 2591 2526 2660 litterarum
2574 2591 2823 2661 domini
2853 2593 3016 2661 Belo

751 2703 954 2788 Regis
985 2700 1203 2785 quarti
1235 2719 1406 2766 anno
1427 2698 1693 2767 Domini
1724 2700 2073 2768 millesimo
2107 2699 2553 2769 ducentesimo
2573 2701 3008 2788 sexagesimo,

751 2809 964 2896 Regni
1015 2813 1236 2876 autem
1267 2807 1372 2875 sui
1409 2828 1583 2876 anno
1623 2808 1945 2894 vigesimo
1989 2808 2211 2895 quinto
2258 2809 2562 2879 subortas
2613 2809 3017 2879 demonstra·

755 2927 882 3006 rat,
922 2938 1200 3007 quarum
1244 2915 1508 3001 quidem
1539 2916 1902 2985 litterarum
1952 2918 2163 3005 ipsius
2215 2917 2460 2987 domini
2505 2918 2664 2987 Bele
2693 2918 2894 3004 Regis
2925 2924 3017 2986 tea

756 3049 917 3097 nore
947 3030 1121 3096 inter
1169 3025 1306 3093 alia
1336 3025 1556 3094 taliter
1586 3025 1992 3094 habebatur:
2046 3027 2211 3093 Item
2243 3032 2418 3095 meta
2464 3035 2637 3095 terre
2667 3027 3017 3112 Trebgozd

758 3137 989 3224 incipit
1018 3158 1060 3203 a
1090 3144 1281 3224 parte
1328 3134 1629 3203 orientali
1679 3135 1763 3202 de
1795 3134 2164 3221 Zeppatak,
2216 3141 2285 3203 et
2319 3135 2503 3202 vadit
2555 3135 2643 3202 ad
2692 3136 3015 3221 arborem,

757 3266 883 3330 que
913 3243 1150 3312 dicitur
1180 3246 1384 3332 twffa,
1417 3244 1538 3310 sub
1573 3263 1707 3328 qua
1733 3252 1834 3310 est
1863 3251 2041 3312 meta
2072 3251 2307 3332 terrea,
2340 3250 2408 3311 et
2435 3244 2530 3310 ibi
2561 3251 2744 3312 tenet
2776 3252 3017 3312 metam

757 3374 900 3421 cum
932 3353 1312 3439 Chalamia;
1366 3351 1516 3418 hinc
1548 3351 1847 3419 ascendit
1897 3352 1984 3419 ad
2034 3352 2233 3420 berch
2265 3352 2353 3420 ad
2404 3358 2644 3420 metam
2691 3358 3015 3437 terream;

758 3462 909 3529 inde
943 3461 1283 3530 descendit
1332 3460 1419 3527 ad
1450 3461 1722 3547 plagam
1755 3459 2269 3546 meridionalem,
2317 3461 2555 3529 transit
2602 3481 2722 3548 per
2752 3461 3016 3544 vallem,

759 3576 825 3637 et
859 3569 1037 3637 vadit
1056 3569 1143 3636 ad
1166 3575 1405 3635 metam
1426 3574 1705 3635 terream
1726 3593 1742 3655 3
1783 3569 1936 3636 inde
1955 3568 2141 3637 vadit
2163 3571 2247 3635 ad
2267 3569 2665 3639 occidentem
2688 3568 2777 3635 ad
2797 3569 3015 3651 berch,

758 3684 824 3745 et
855 3677 947 3744 ibi
979 3679 1103 3745 sub
1138 3698 1378 3763 quercu
1429 3683 1530 3744 est
1561 3685 1739 3745 meta
1773 3687 2006 3764 terrea,
2061 3686 2124 3745 et
2154 3677 2249 3745 ibi
2298 3686 2687 3765 separantur
2732 3685 2904 3744 mete
2935 3677 3020 3743 de

758 3786 1104 3854 Chalamia
1136 3793 1202 3854 et
1232 3787 1433 3872 Iuan;
1465 3784 1622 3853 inde
1653 3806 1697 3852 a
1728 3794 1917 3872 parte
1937 3788 2100 3854 Iuan
2132 3807 2330 3873 super
2362 3787 2560 3854 berch
2593 3786 2781 3853 vadit
2809 3805 3020 3871 vsque

759 3903 1002 3964 metam
1023 3902 1298 3963 terream
1320 3921 1336 3983 ;
1372 3894 1524 3963 hinc
1546 3895 1887 3963 descendit
1906 3895 1993 3964 ad
2012 3897 2274 3981 vallem,
2307 3897 2421 3964 vbi
2451 3903 2551 3964 est
2568 3903 2743 3963 meta
2762 3902 2977 3963 terrea
2996 3920 3015 3980 ;

758 4004 914 4072 inde
943 4005 1363 4093 progreditur
1391 4023 1599 4088 vsque
1647 4013 1910 4092 portam
1941 4004 2275 4093 Farkasij‚
2308 4006 2420 4072 vbi
2460 4011 2564 4073 est
2599 4009 2810 4091 meta3
2862 4002 3018 4071 inde

760 4112 1099 4182 descendit
1130 4134 1249 4200 per
1270 4112 1638 4199 Zeppatak‚
1672 4117 1738 4177 et
1768 4111 2047 4180 tenendo
2070 4119 2306 4180 metam
2340 4133 2486 4179 cum
2507 4111 2759 4179 Comite
2780 4112 3020 4178 Cosma

759 4222 944 4291 vadit
975 4221 1062 4288 ad
1090 4219 1372 4307 priorem
1405 4203 1644 4286 metam
1683 4220 1809 4286 etb.
1841 4220 1965 4287 stb.
2005 4222 2249 4288 Datum
2271 4219 2456 4286 Bude
2477 4218 3019 4305 quinquagesimo

761 4333 871 4401 die
903 4331 1057 4400 festi
1087 4330 1601 4419 Epiphaniarum
1633 4331 1902 4398 Domini
1934 4350 2106 4398 anno
2141 4330 2433 4399 eiusdem
2471 4329 2813 4398 millesimo
2853 4350 3015 4413 qua-

761 4440 1274 4530 dringentesimo
1307 4438 1561 4508 decimo
1599 4444 1853 4507 octauo.

1033 4588 1310 4656 (Eredetie
1334 4582 1685 4653 bo'rhartyan,
1712 4602 1747 4637 a
1772 4585 1937 4636 budai
1962 4584 2067 4637 kir.
2093 4585 2339 4644 kamarai
2365 4582 2747 4655 leveltarban.)
