3359 5250
1784 331 1921 401 350

720 539 824 599 tas
877 530 1066 598 iuxta
1111 529 1587 597 continenciam
1639 531 2131 617 priuilegiorum
2165 530 2450 620 Capituli
2502 533 2973 618 Zagrabieusis

717 663 834 729 per
879 660 1067 709 Vsum
1104 639 1315 725 Regni
1365 646 1767 725 consuetum,
1817 660 2090 724 quorum
2138 640 2348 709 forme
2397 642 2688 710 seriatim
2737 641 2961 709 distin-

717 747 929 833 gendo
978 748 1487 832 subscribuntur,
1540 750 1935 818 Mouasterio
1986 748 2213 816 Sancti
2260 751 2578 838 Stephani
2628 751 2835 836 Regis
2888 751 2971 817 de

715 856 1064 943 Zagrabia,
1100 865 1166 923 et
1194 876 1312 943 per
1340 876 1489 923 eum
1521 856 1826 943 Capitulo
1857 857 1985 927 loci
2017 857 2308 925 eiusdem
2349 867 2664 947 perpetuo
2697 881 2780 926 ex
2812 867 2965 926 voto

719 985 838 1034 suo
868 966 1266 1048 contulisset,
1299 964 1357 1031 si
1376 983 1496 1031 nos
1516 964 1585 1031 id
1615 965 1699 1031 de
1730 966 1957 1049 gracia
1976 965 2185 1052 Regia
2204 986 2490 1035 annuere
2521 968 2961 1054 dignaremur.

712 1074 850 1141 Nos
881 1073 1123 1158 itaque,
1156 1072 1325 1138 sicut
1352 1091 1433 1138 ex
1466 1070 1684 1140 officio
1716 1074 2004 1160 suscepti
2032 1074 2370 1153 regiminis
2400 1076 2613 1144 metiri
2647 1075 2965 1143 debemus

713 1182 947 1249 merita
994 1180 1418 1266 singulorum,
1473 1199 1698 1247 omnes
1747 1179 2101 1250 fidelitates
2152 1190 2221 1250 et
2269 1184 2599 1251 meritoria
2648 1181 2966 1266 obsequia

712 1289 924 1376 ipsius
943 1288 1243 1372 Magistri
1264 1286 1517 1372 Stephk
1548 1293 1617 1353 et
1646 1295 2135 1357 antecessorum
2169 1309 2432 1357 suorum
2464 1287 2551 1357 ad
2584 1289 2961 1357 memoriam

708 1418 839 1465 non
871 1396 1190 1464 immerito
1223 1400 1628 1480 reuocantes,
1679 1397 2107 1481 volentesque
2155 1399 2835 1485 recompensacionem
2874 1399 2963 1466 ei-

711 1507 857 1574 dem
892 1525 1010 1592 pro
1031 1502 1346 1570 fidelitate
1376 1522 1494 1588 per
1523 1503 1738 1590 ipsum
1759 1503 1951 1570 nobis
1983 1504 2407 1573 laudabiliter
2427 1507 2721 1575 exhibita
2741 1526 2959 1575 occur-

707 1631 852 1680 rere
883 1611 1189 1696 graciori,
1221 1616 1292 1677 vt
1323 1609 1463 1675 eius
1498 1610 1803 1696 exemplo
1836 1611 2122 1695 reliquos
2154 1611 2244 1678 ad
2274 1612 2609 1681 fidelitatis
2641 1616 2959 1700 obsequia

709 1722 948 1790 sorcius
997 1718 1462 1804 accendamus;
1515 1719 1842 1806 prefatam
1893 1720 2319 1790 donacionem
2362 1722 2589 1810 ipsius,
2621 1745 2822 1810 quam
2865 1726 2958 1791 iu-

708 1835 877 1896 stam
927 1847 1074 1896 esse
1122 1825 1565 1914 cognouimus‚
1631 1827 1714 1895 de
1765 1827 2040 1914 speciali
2086 1829 2318 1913 gracia
2366 1836 2588 1898 nostra
2649 1830 2957 1899 duximus

708 1937 1126 2006 annuendam
1153 1989 1170 2023 ‚
1234 1942 1299 2003 et
1359 1940 1676 2023 perpetuo
1738 1956 1854 2003 seu
1916 1937 2435 2006 irreuocabiliter
2496 1941 2955 2010 roborandam.

706 2046 996 2126 Quorum
1025 2043 1520 2132 priuilegiorum
1549 2048 1813 2113 tenores
1845 2044 1964 2112 tali
1995 2044 2169 2112 serie
2196 2046 2647 2115 continentur:

939 2153 1310 2242 Capitulum
1363 2152 1836 2238 Zagrabiensis
1888 2155 2183 2222 Ecclesia
2232 2155 2357 2222 stb.
2427 2156 2856 2241 (kovetkezik
2913 2180 2957 2223 a

704 2262 974 2350 zagrabi
1006 2261 1459 2349 kaptalannak
1498 2260 1768 2329 1228-ki
1802 2261 2154 2350 okmanyffi
2189 2262 2355 2330 mint¹
2384 2264 2955 2350 gyttjtemenytlnk

704 2373 755 2441 I.
787 2371 1140 2440 koteteben
1174 2370 1325 2439 294.
1359 2389 1451 2436 sz.
1483 2368 1578 2455 a.)

918 2475 1290 2562 Capitulum
1317 2475 1786 2562 Zagrabiensis
1825 2475 2120 2545 Ecclesie
2151 2478 2277 2546 stb.
2320 2477 2742 2564 (kovetkezik
2778 2500 2821 2545 a
2851 2483 2956 2546 za·

702 2586 892 2673 grabi
924 2582 1384 2672 kaptalannak
1413 2582 1680 2652 1245-ki
1698 2583 2052 2672 okmanya‚
2085 2586 2250 2654 mint
2278 2584 2545 2654 fentebb
2582 2588 2730 2655 133.
2750 2607 2839 2655 sz.
2860 2588 2954 2675 a.)

915 2694 1000 2760 Et
1030 2697 1100 2759 vt
1130 2691 1333 2759 series
1364 2711 1675 2759 concesse
1704 2694 1927 2776 gracie
1948 2700 2170 2763 nostre
2199 2693 2560 2779 prescripte
2590 2695 2789 2763 robur
2808 2716 2954 2782 pcr-

701 2809 895 2891 petue
946 2800 1272 2868 firmitatis
1322 2802 1638 2887 obtineat,
1690 2821 1811 2869 nec
1841 2807 2153 2889 processu
2205 2809 2565 2890 temporum
2606 2806 2951 2872 retractari

700 2913 941 2998 valeat,
972 2914 1087 2976 aut
1115 2909 1186 2975 in
1215 2908 1467 2975 irritum
1500 2909 1823 2996 reuocari,
1855 2918 2198 2997 presentes
2229 2912 2670 2980 concessimus
2693 2911 2950 2980 litteras

700 3017 979 3105 duplicis
1026 3015 1229 3102 sigilli
1269 3016 1473 3084 nostri
1507 3015 1865 3084 munimine
1915 3019 2280 3086 roboratas.
2334 3020 2577 3087 Datum
2609 3023 2694 3088 ab
2733 3023 2954 3088 Incar-

698 3126 972 3193 nacioue
1003 3123 1267 3193 Domini
1314 3144 1486 3192 anno
1518 3124 1864 3193 millesimo
1913 3125 2356 3195 ducentesimo
2403 3126 2946 3214 quinquagesimo

698 3233 897 3301 tercio
928 3232 1139 3318 Regni
1170 3238 1387 3300 autem
1417 3232 1625 3300 nostri
1655 3232 1910 3302 decimo
1943 3239 2200 3302 octauo.

696 3430 876 3498 (Nn-gy
898 3429 1066 3495 Lasos
1092 3428 1382 3497 kirhlynak
1407 3430 1545 3482 1359
1573 3431 1740 3500 „XIV
1743 3467 1757 3482 .
1785 3431 2049 3485 kalendas
2075 3427 2310 3499 Aprilis“
2339 3431 2457 3483 kelt
2493 3429 2823 3498 megerssstfl
2847 3434 2948 3486 ok·

697 3517 1002 3588 manyabol,
1028 3521 1225 3587 melyet
1251 3523 1297 3573 Ι.
1320 3519 1486 3587 Lipot
1515 3523 1671 3571 1699.
1698 3518 1837 3573 Becs
1856 3523 2081 3575 martius
2113 3525 2194 3572 14.
2220 3520 2359 3573 alatt
2379 3517 2531 3587 ujbzl
2558 3518 2951 3587 megersssitett.

1392 3610 1558 3661 Liber
1581 3610 1789 3677 Regius
1813 3610 2017 3664 xxvl.
2043 3611 2271 3677 kotete.)

1551 3896 2065 3908 m
