3359 5250
1737 917 1806 985 4.

636 1081 699 1150 Δ
728 1081 1070 1169 υωτρνέηιί
1118 1079 1561 1167 kdptalannak
1611 1079 2152 1168 bizonysdqlovele,
2199 1079 2359 1168 1:093(
2390 1105 2433 1145 a
2465 1081 2912 1168 Romul-Rad-

896 1188 1054 1254 vani
1083 1188 1420 1274 nomzeue'q
1453 1187 1668 1275 taqjai
1696 1188 2167 1274 birtokooztdlyt
2198 1186 2408 1254 tettek.
2443 1190 2643 1254 1235.

820 1368 962 1436 Nos
983 1366 1300 1435 Nicolaus
1334 1364 1419 1433 de
1439 1365 1618 1432 Gara
1635 1364 1846 1451 Regni
1866 1365 2206 1452 Hungarie
2224 1365 2566 1434 Palatinus
2588 1375 2654 1435 et
2684 1368 2901 1435 Judex

649 1479 1086 1547 Cumanorum
1137 1476 1259 1543 stb.
1297 1473 1370 1562 (a
1399 1474 1622 1542 leleszi
1667 1473 2111 1563 konventhez)
2143 1474 2499 1561 Noueritis,
2552 1472 2726 1561 quod
2756 1495 2904 1544 eum

642 1587 903 1654 Ma1ous
952 1586 1126 1654 filius
1158 1586 1467 1670 Mathyus
1518 1584 1601 1650 de
1632 1585 1796 1670 Isyp
1816 1633 1832 1666 ,
1887 1590 1951 1650 et
1981 1582 2299 1650 Nicolaus
2349 1583 2431 1650 de
2471 1582 2675 1650 Chele
2705 1603 2905 1672 super

638 1696 816 1764 facto
837 1695 1110 1762 duarum
1133 1694 1425 1781 parcium
1443 1691 1937 1779 possessionum
1959 1691 2206 1775 Luneh,
2229 1692 2588 1778 Meggyezo
2610 1697 2675 1760 et
2693 1693 2782 1759 Za
2792 1692 2903 1777 da,

640 1806 798 1874 item
849 1804 1196 1872 medietate
1248 1800 1740 1889 possessionum
1772 1799 2141 1885 Nogkazon
2193 1808 2258 1867 et
2289 1798 2475 1866 Lazk
2526 1806 2902 1867 vocatarum

640 1918 709 1984 in
760 1912 1085 1981 comitatu
1151 1909 1592 1996 Zemlyniensi
1620 1908 1629 1915 '
1656 1908 2087 1976 existeneium
2106 1959 2124 1993 ,
2193 1908 2584 1993 Magistrum
2636 1912 2903 1978 Petrum

638 2023 844 2091 filium
873 2019 1233 2108 Myohaelis
1269 2019 1350 2086 de
1380 2018 1567 2102 Doh;
1607 2016 1767 2084 item
1798 2014 1973 2082 idem
2004 2016 2274 2083 Markus
2295 2053 2384 2064 —
2403 2053 2492 2064 —
2510 2016 2902 2101 Magistrum

640 2133 923 2216 Petrum,
972 2149 1097 2197 nee
1128 2148 1257 2194 non
1291 2125 1678 2193 Michaelem
1708 2123 1915 2191 filium
1946 2123 2291 2203 Johannis,
2342 2124 2664 2193 'rhomam
2694 2123 2900 2194 filium

637 2238 977 2326 Stephani,
1010 2245 1076 2304 et
1107 2235 1487 2303 Ladizlaum
1520 2233 1725 2301 filium
1747 2231 2050 2300 Ladizlai
2082 2254 2279 2320 super
2310 2234 2486 2303 facto
2517 2236 2720 2303 teroie
2752 2256 2900 2322 par·

638 2349 726 2417 tis
776 2344 1221 2435 possessionis
1252 2343 1544 2428 Myhaly‚
1598 2341 1889 2426 Monyak
1922 2381 2011 2390 —
2042 2379 2131 2390 —
2161 2379 2251 2390 —
2281 2380 2371 2391 —
2400 2349 2779 2411 vocatarum
2832 2343 2901 2410 in

640 2456 872 2527 eodem
904 2454 1231 2522 Comitatu
1263 2450 1706 2535 Zemlyniensi
1738 2449 2168 2517 existeneium
2200 2450 2327 2517 stb.
2374 2451 2632 2536 (Bebek
2661 2449 2899 2518 Detrik

636 2564 846 2634 nador
894 2564 1057 2632 elott
1091 2562 1284 2629 1404.
1337 2558 1471 2645 „ad
1502 2566 1777 2626 octauas
1826 2556 1979 2625 festi
2016 2557 2536 2648 Epiphaniamm
2587 2559 2893 2628 Domini“

637 2671 838 2760 perbe
866 2670 1158 2755 vontak3
1207 2666 1291 2734 de
1323 2687 1366 2733 a
1397 2667 1723 2753 hatarnap
1754 2666 2085 2734 tobbszori
2117 2667 2699 2735 elhalasztasanak
2731 2668 2895 2753 soly-

637 2782 775 2865 tan,
826 2798 903 2844 az
934 2784 1069 2861 tlgy
1101 2781 1270 2844 most
1300 2773 1810 2859 targyaltatvan,
1869 2777 2148 2860 „Petrus
2177 2774 2261 2841 de
2293 2774 2487 2845 Dob“
2518 2775 2751 2861 nyolez
2782 2775 2897 2842 ok-

639 2889 869 2970 manyt
907 2888 1114 2951 mutat
1141 2881 1262 2968 fel)
1313 2881 1661 2967 septimam
1699 2887 1992 2950 nostram
2021 2881 2129 2949 hie
2159 2882 2343 2950 Bude
2391 2882 2896 2969 quadragesimo

637 3016 809 3064 nono
842 2993 950 3060 die
971 3000 1355 3060 ootauarum
1386 2989 1538 3058 festi
1557 2990 2078 3078 Epiphaniarum
2098 2991 2362 3058 Domini
2394 3011 2567 3060 anno
2601 2991 2894 3060 eiusdem

638 3104 980 3173 millesimo
1031 3100 1676 3189 quadringentesimo
1728 3105 1960 3185 quarto
2000 3106 2396 3186 emanatam,
2445 3101 2790 3168 habentem
2820 3101 2892 3167 in

638 3232 711 3280 se
740 3220 1036 3281 tenorem
1081 3209 1278 3277 trium
1309 3208 1672 3277 litterarum
1704 3207 1773 3272 in
1792 3205 2047 3292 judicio
2079 3226 2301 3275 eoram
2350 3208 2538 3277 nobis
2573 3208 2893 3276 exhibita—

634 3341 794 3406 rum,
844 3341 1041 3387 vnam
1073 3317 1360 3405 Capituli
1391 3317 1923 3404 wesprimiensis
1974 3337 2145 3383 anno
2196 3317 2419 3403 gracie
2468 3319 2560 3386 M⁰
2590 3317 2893 3386 dueente-

638 3429 806 3496 simo
836 3425 1164 3492 tricesimo
1195 3423 1466 3509 quinto“
1498 3424 1624 3490 stb.
1648 3461 1739 3471 -
1759 3462 1849 3472 —
1868 3424 2088 3493 Tenor
2117 3444 2273 3493 vero
2306 3425 2478 3493 dicte
2500 3426 2717 3494 littere
2748 3446 2894 3513 pre-

638 3537 761 3605 fati
793 3532 1084 3620 Capituli
1112 3529 1667 3617 Wesprimyensis
1717 3530 1786 3597 in
1816 3530 2027 3599 dietas
2059 3531 2311 3600 litteras
2347 3539 2604 3601 nostras
2651 3535 2892 3603 inserte

633 3638 1204 3724 commemorabat,
1257 3637 1432 3724 quod
1463 3637 1800 3705 constituti
1831 3657 2052 3706 eoram
2082 3638 2228 3725 ipso
2268 3638 2571 3728 Capitulo
2601 3643 2892 3727 Pangra-

633 3754 795 3838 eius,
828 3749 1221 3837 Stephanus,
1245 3745 1539 3834 Alberth‚
1574 3746 1767 3813 Peter
1799 3753 1866 3813 et
1881 3749 2142 3816 Marcus
2176 3747 2257 3814 do
2294 3768 2533 3834 genere
2562 3749 2892 3837 Bogadra-

633 3859 872 3931 dowan
922 3857 1263 3939 dixissent,
1326 3852 1502 3937 quod
1550 3852 1680 3940 ipsi
1725 3854 2212 3941 possessionem
2259 3875 2479 3923 eorum
2528 3856 2888 3944 antiquam,

632 3965 838 4054 (eum)
871 3964 1196 4032 libertinis
1227 3969 1293 4030 et
1324 3960 1552 4045 vineis,
1595 3967 1815 4048 preter
1842 3969 2102 4046 terram,
2137 3982 2265 4046 que
2296 3962 2527 4030 fuisset
2557 3963 2625 4030 in
2646 3963 2887 4053 Halap,

627 4075 718 4142 ad
753 4080 887 4142 tres
917 4079 1159 4162 partes,
1215 4070 1408 4140 modo
1440 4076 1508 4138 et
1536 4070 1766 4139 ordine
1795 4069 2034 4138 litteris
2083 4070 2152 4137 in
2185 4071 2432 4139 eisdem
2480 4072 2883 4160 conscriptis,

626 4180 1008 4251 diuisissent
1039 4182 1164 4249 stb.
1195 4217 1284 4229 —
1314 4216 1404 4227 —
1433 4180 1678 4246 Datum
1710 4178 1893 4247 Bude
1925 4180 2339 4265 sexagesimo
2365 4177 2472 4247 die
2502 4186 2886 4252 oetauarum

626 4289 782 4359 festi
800 4289 990 4356 Beati
1021 4285 1381 4373 Myehaelis
1412 4285 1813 4374 Archangeli
1844 4306 2020 4355 anno
2051 4285 2318 4354 Domini
2350 4286 2698 4355 millesimo
2730 4309 2886 4373 qua·

626 4396 1135 4483 dringentesimo
1167 4418 1363 4466 nono.

620 4560 819 4633 (Gaui
842 4556 1045 4612 Miklos
1068 4555 1240 4611 nssdor
1258 4554 1699 4614 iteletlevelenek
1723 4559 1960 4611 eredetie
1986 4574 2022 4612 a
2045 4560 2212 4614 hudai
2231 4560 2334 4612 kir-
2358 4560 2607 4613 kamarai
2632 4558 2883 4615 loveltfir-

1039 4653 1184 4715 διας
1220 4667 1275 4703 v.
1301 4656 1352 4703 δ.
1378 4647 1848 4719 ςγίῇιοιιιόηγῆῃὶ
1871 4652 1916 4704 1.
1944 4651 2058 4706 hot.
2086 4653 2210 4704 282.
2237 4649 2485 4722 stanit.)
