3359 5250
1499 407 1618 474 121

1411 497 1715 511 ψι--ιι-...ο-ς.

1495 984 1605 1055 79.

421 1169 547 1237 IX.
582 1167 850 1255 Gerqely
887 1172 1072 1254 pdpa
1103 1166 1384 1232 Kdlmdn
1432 1167 1739 1253 yalicziai
1791 1166 2006 1252 kircily
2037 1172 2095 1230 es
2145 1165 2501 1232 szlavoniai
2546 1167 2686 1233 her-

531 1288 748 1363 czeqei,
778 1300 821 1341 a
852 1277 1107 1342 tata'rolc
1139 1276 1300 1342 ellen
1332 1274 1667 1341 harczoldk
1699 1274 2061 1362 bucstijdrdl
2091 1275 2347 1343 e'rlesiti.
2397 1277 2595 1340 1241.

397 1452 430 1482 Ο

645 1474 1002 1557 Gregorius
1036 1472 1399 1560 Episcopus
1450 1492 1676 1539 seruus
1708 1492 2042 1540 seruorum
2075 1470 2200 1538 Dei
2247 1469 2585 1539 carissimo
2617 1471 2684 1536 in

426 1580 690 1648 Christo
726 1581 857 1649 filio
892 1588 1110 1648 nostro
1145 1582 1541 1650 Colomanno
1562 1579 1726 1665 Regi
1758 1580 2007 1647 Illustri
2045 1586 2111 1646 et
2138 1580 2306 1645 Duci
2339 1578 2685 1646 Sclavonie

424 1689 708 1755 salutem
740 1696 808 1755 et
837 1689 1286 1775 Apostolicam
1337 1688 1876 1756 benedictionem.
1910 1689 2152 1756 Vocem
2182 1686 2248 1753 in
2298 1687 2557 1754 excelso
2590 1688 2680 1752 la-

423 1796 844 1864 mentationis
879 1804 942 1863 et
972 1797 1160 1864 fletus
1195 1796 1590 1886 audivimus,
1632 1803 1697 1863 et
1726 1817 1847 1864 nos
1883 1795 2100 1864 multis
2138 1794 2480 1862 amaricati
2510 1794 2685 1860 dolo-

420 1905 608 1971 ribus
642 1904 1080 1992 deploramus,
1117 1906 1291 1992 quod
1320 1906 1673 1973 iaculatum
1701 1905 1783 1971 de
1815 1906 1954 1972 celo
1991 1904 2302 1972 iudicium
2336 1902 2470 1970 iam
2489 1901 2686 1988 depo-

420 2014 694 2099 pulatur
715 2012 1000 2097 undique
1024 2016 1335 2101 populum
1358 2013 1819 2102 Christianum,
1853 2014 2024 2100 quod
2046 2012 2401 2080 infidelium
2420 2010 2683 2098 gladius

425 2120 499 2187 in
529 2118 760 2187 fideles
809 2122 1141 2209 reciproca
1176 2122 1333 2189 cede
1367 2122 1777 2208 convertitur,
1833 2130 1900 2190 et
1930 2122 1997 2188 in
2029 2121 2438 2189 christicolas
2486 2139 2684 2206 paga-

425 2250 658 2296 norum
708 2250 933 2296 mucro
965 2230 1312 2297 crudeliter
1359 2231 1783 2298 debachatur.
1837 2229 2103 2297 Clamor
2140 2228 2312 2297 enim
2364 2228 2679 2296 scelerum

425 2336 702 2405 humani
763 2339 1024 2424 gent-ris
1086 2339 1554 2426 multiplicatus
1623 2338 1985 2405 ascendens
2036 2339 2106 2405 in
2155 2358 2345 2406 aures
2400 2339 2684 2405 omnium

423 2446 806 2532 conditoris,
840 2447 1074 2534 ipsum,
1127 2448 1237 2534 qui
1270 2447 1458 2533 quasi
1489 2467 1620 2516 non
1650 2446 1883 2514 videns
1920 2447 2049 2513 huc
2080 2466 2288 2532 usque
2317 2446 2536 2532 tacuit,
2572 2445 2683 2531 qui

425 2554 896 2623 correctionem
928 2554 1152 2642 populi
1185 2555 1286 2621 sui
1317 2555 1497 2621 velut
1526 2556 1782 2642 patiens
1821 2556 2213 2643 expectavit,
2261 2554 2536 2621 ultorem
2565 2554 2685 2620 ini-

428 2663 756 2749 quitatum
805 2662 1098 2747 gladium
1131 2663 1345 2748 coegit
1393 2683 1679 2747 exerere‚
1727 2671 1792 2731 et
1828 2665 1914 2730 ab
1963 2663 2170 2731 oculis
2218 2663 2534 2749 patientie
2566 2681 2682 2729 sue

425 2771 1001 2839 abhominationes
1052 2770 1403 2838 emundare
1449 2770 1865 2856 flagitiorum,
1901 2771 2188 2859 expetita
2232 2770 2505 2856 gravide
2535 2790 2682 2857 pec-

425 2879 764 2947 catoribus
813 2879 1096 2965 ultione;
1148 2886 1416 2967 propter
1447 2879 1621 2963 quod
1652 2899 1897 2963 omnes,
1930 2899 2201 2964 quorum
2254 2878 2455 2945 corda
2490 2879 2685 2945 timor

416 2985 691 3055 Domini
722 2985 956 3073 tetigit,
1011 2994 1270 3072 opertos
1321 2985 1552 3053 ciliciis
1586 2993 1653 3053 et
1696 3006 2002 3071 aspersos
2049 2988 2267 3053 cinere
2304 2987 2368 3051 in
2404 2986 2683 3072 suspirio

423 3102 494 3161 et
525 3091 813 3159 lacrimis
847 3092 1153 3159 Divinam
1187 3095 1491 3177 convenit
1524 3093 2040 3161 misericordiam
2063 3094 2434 3180 implorare,
2467 3099 2539 3158 ut
2569 3092 2682 3174 qui

420 3220 684 3288 semper
716 3201 802 3266 ad
852 3201 1320 3286 ignoscendum
1359 3203 1602 3268 multus
1634 3200 1866 3286 extitit,
1920 3201 2030 3286 qui
2060 3200 2438 3288 prestabilis
2486 3219 2680 3285 super

423 3308 689 3376 malitia
720 3309 894 3403 omni
927 3329 1073 3377 esse
1104 3317 1393 3396 tempore
1427 3311 1781 3394 consuevit,
1816 3316 2104 3377 exertum
2131 3308 2423 3394 gladium
2457 3307 2540 3375 ad
2573 3328 2682 3376 va·

429 3418 661 3502 ginam
692 3416 914 3482 iubeat
945 3418 1219 3502 regredi,
1256 3426 1320 3484 et
1353 3419 1517 3485 iram
1545 3419 1611 3485 in
1643 3424 1897 3503 gentes,
1950 3437 2076 3502 que
2106 3418 2292 3484 illum
2330 3438 2458 3484 non
2491 3437 2681 3484 nove-

425 3533 598 3611 runt,
648 3525 1010 3610 effundens,
1065 3527 1368 3613 dignetur
1398 3529 1642 3614 populo
1679 3528 1795 3593 filii
1844 3528 1945 3594 sui
1985 3526 2297 3613 insignito
2351 3533 2681 3594 caractere

421 3632 748 3701 misereri.
801 3618 1151 3720 Speramus
1203 3642 1439 3720 autem,
1498 3636 1673 3720 quod
1706 3635 1827 3703 etsi
1859 3637 2039 3702 Deus
2090 3642 2306 3702 noster
2356 3655 2475 3702 nos
2516 3632 2680 3700 dura

421 3739 874 3827 increpatione
905 3742 1296 3828 redarguere
1329 3745 1589 3828 ceperit,
1629 3746 1860 3833 Regna
1900 3751 2138 3826 tamen,
2177 3762 2301 3828 que
2330 3741 2538 3828 ipsius
2569 3762 2680 3808 no-

421 3870 578 3916 men
598 3849 929 3935 invocant,
961 3871 1002 3916 a
1032 3852 1202 3919 facie
1234 3872 1354 3920 sua
1385 3852 1764 3938 disperdere
1784 3871 1916 3920 non
1947 3848 2265 3935 intendit;
2308 3851 2465 3934 quin
2485 3850 2679 3918 immo

414 3981 459 4025 a
493 3979 668 4045 pena
698 3968 1011 4046 perpetua
1062 3970 1439 4045 peccatores
1472 3969 1653 4029 curat
1699 3961 1972 4046 eripere,
2024 3960 2260 4042 quibus
2298 3959 2678 4045 temporalis

417 4068 644 4134 studet
673 4069 944 4135 ultionis
977 4069 1361 4137 beneficium
1394 4070 1480 4136 ad
1507 4068 2004 4154 castigationem
2035 4067 2241 4135 nostri
2274 4068 2540 4151 generis
2573 4067 2682 4134 ad-

421 4176 691 4243 hibere:
743 4177 899 4260 quia
935 4179 1054 4245 etsi
1110 4177 1275 4244 filios
1314 4179 1582 4245 Israelis
1631 4177 1974 4264 temptatio
2022 4175 2248 4243 mortis
2301 4177 2367 4241 in
2418 4175 2681 4243 heremo

420 4285 819 4371 quandoque
848 4286 1152 4371 tetigerit,
1185 4287 1251 4353 in
1279 4288 1375 4355 eis
1406 4293 1625 4354 tamen
1660 4287 1759 4354 ira
1789 4286 2053 4353 Domini
2090 4285 2332 4352 diutius
2381 4304 2510 4352 non
2540 4305 2682 4372 per-

424 4393 693 4459 mansit.
744 4395 983 4459 Verum
1016 4397 1137 4462 etsi
1168 4396 1456 4481 graviter
1488 4394 1571 4461 de
1604 4394 1888 4461 omnium
1936 4394 2223 4462 fidelium
2258 4392 2682 4480 oppressione

415 4499 772 4583 turbemur,
808 4519 1004 4587 super
1034 4502 1391 4570 afflictione
1425 4508 1642 4571 tamen
1669 4503 1880 4587 Regni
1912 4502 2223 4589 Ungarie‚
2261 4501 2433 4586 quod
2456 4523 2498 4568 a
2523 4505 2683 4569 Tar-

418 4606 584 4674 taris
617 4606 923 4675 invasum
956 4618 1021 4677 et
1069 4618 1455 4697 occupatum
1489 4632 1606 4697 pro
1656 4631 1898 4696 magna
1929 4618 2134 4698 parte,
2171 4610 2235 4676 in
2269 4609 2546 4677 lectione
2582 4612 2680 4678 lit-

415 4717 706 4782 terarum
735 4723 990 4785 tuarum
1040 4738 1171 4787 non
1205 4719 1347 4786 sine
1379 4721 1729 4787 multarum
1782 4719 2195 4788 lacrimarum
2244 4717 2557 4788 effusione
2590 4721 2680 4787 di-
2778 4798 2795 4817 ·
