3359 5250
1805 339 1940 409 344

721 550 908 634 parte
956 564 1076 629 pro
1129 561 1247 609 sex
1298 538 1533 606 marcis
1556 589 1574 623 ‚
1627 557 1901 622 quarum
1954 542 2257 622 quartam
2305 535 2643 604 dimidiam
2691 554 2979 601 marcam

721 649 1001 720 soluisse
1051 647 1355 731 dicebat,
1419 647 1650 715 eodem
1702 646 1844 714 Pud
1895 645 2145 714 Comite
2195 644 2318 712 hoc
2367 643 2542 710 idem
2592 642 2981 710 affirmante.

724 756 1174 840 Quantitatem
1195 775 1350 823 vero
1384 753 1591 840 ipsius
1607 760 1779 821 terre
1810 753 2032 821 taliter
2062 752 2264 838 ijdem
2296 757 2786 839 expresserunt,
2805 750 2985 835 quod

722 865 1094 954 incipiendo
1119 884 1161 931 a
1179 863 1498 951 superiori
1517 865 1643 931 fine
1664 862 1970 930 fruticum
1987 863 2263 929 Hawart
2276 861 2455 928 vadit
2470 860 2654 927 iuxta
2677 878 2987 945 magnam

723 976 921 1061 viam,
975 993 1099 1057 que
1131 972 1311 1040 veuit
1359 972 1442 1038 de
1472 972 1606 1039 Ker
1635 990 1840 1055 vsque
1889 978 2133 1037 terram
2171 967 2442 1056 Georgij
2492 968 2609 1055 filij
2643 970 2866 1053 Regve
2918 974 2988 1033 et

725 1101 954 1152 versus
987 1081 1295 1165 Zerench,
1348 1078 1520 1146 sicut
1549 1079 1724 1147 idem
1756 1075 1998 1145 Peturd
2042 1074 2442 1164 possidebat,
2492 1073 2785 1162 predicto
2828 1075 2985 1158 Egi-

724 1191 833 1260 dio
866 1189 1290 1261 vendidisset.
1339 1192 1580 1258 Datum
1614 1189 1684 1256 in
1714 1189 2011 1274 Nogoloz
2041 1186 2108 1255 in
2138 1194 2376 1255 octaua
2405 1185 2628 1254 Sancti
2659 1184 2987 1254 Jobannis

720 1298 1039 1386 Apostoli.

942 1404 1362 1474 Postmodum
1413 1410 1629 1471 autem
1662 1404 1955 1492 prefatus
1987 1402 2232 1472 Peturd
2280 1422 2499 1471 coram
2530 1404 2721 1473 nobis
2767 1422 2989 1492 perso·

727 1511 966 1579 naliter
998 1512 1409 1601 constitutus,
1458 1518 1698 1579 terram
1751 1510 2111 1599 predictam
2143 1514 2341 1579 Sucta
2393 1517 2460 1579 et
2487 1512 2710 1580 Ratka
2746 1531 2988 1579 nuncu·

730 1627 951 1707 patam
983 1621 1103 1687 sub
1135 1620 1498 1705 quantitate
1548 1619 1996 1707 suprascripta
2046 1618 2384 1688 confessus
2435 1626 2537 1687 est
2585 1619 2713 1708 ipsi
2746 1619 2985 1704 Egidio

724 1726 1126 1814 vendidisse,
1181 1747 1261 1794 ac
1293 1747 1611 1794 summam
1643 1729 2087 1813 predictarum
2119 1748 2237 1795 sex
2278 1748 2641 1794 marcarum
2672 1728 2863 1816 plene
2898 1730 2984 1795 ab

728 1834 953 1903 eodem
1006 1833 1353 1921 recepisse,
1409 1834 1551 1903 Pud
1602 1835 1857 1903 Comite
1905 1855 2127 1904 coram
2178 1835 2370 1902 nobis
2418 1835 2541 1901 hoc
2591 1834 2763 1901 idem
2813 1835 2986 1901 affir-

728 1949 970 2012 mante.
1029 1946 1105 2010 In
1137 1943 1320 2011 cuius
1350 1945 1446 2011 rei
1478 1943 1889 2012 euidenciam
1922 1944 2009 2011 ad
2043 1943 2431 2011 instanciam
2465 1944 2755 2028 parcium
2789 1941 2988 2013 tradi-

730 2051 944 2119 dimus
968 2071 1237 2138 presens
1258 2052 1573 2138 scriptum
1594 2053 1918 2120 communi
1947 2051 2222 2119 fratrum
2244 2057 2606 2120 nostrorum
2627 2071 2949 2120 consensu
2970 2078 2985 2139 ;

730 2160 1144 2248 presentibus
1176 2168 1396 2227 tamen
1430 2162 1706 2230 Nicolao
1729 2163 2093 2250 Proposito,
2126 2162 2453 2229 Farkasio
2476 2160 2783 2246 cantore,
2816 2162 2988 2228 Tho-

737 2287 847 2334 ma
893 2268 1189 2354 Lectore,
1242 2271 1431 2336 Petro
1483 2267 1565 2335 de
1609 2269 1803 2354 Vngh
1855 2268 2377 2356 Archydiaconis
2427 2276 2494 2336 et
2543 2268 2693 2336 aliis
2746 2269 2988 2336 multis.

731 2376 921 2442 Anno
957 2375 1217 2443 Domini
1250 2377 1340 2442 M⁰
1360 2375 1488 2442 00⁰
1521 2375 2064 2464 quinguagesimo
2116 2374 2421 2444 secundo.
2470 2379 2811 2461 Regnante
2849 2375 2987 2460 glo-

731 2482 906 2551 rioso
938 2483 1278 2570 Hungarie
1311 2485 1491 2570 Rege
1523 2484 1705 2568 Bela,
1758 2484 2089 2570 Stephano
2129 2481 2582 2569 Strigoniensi,
2636 2482 2989 2550 Benedicto

733 2590 1079 2662 Colocensi
1108 2592 1701 2680 Archyepiscopis3
1753 2589 2017 2662 domino
2048 2600 2272 2662 nostro
2306 2591 2648 2681 Lamperto
2688 2594 2989 2678 Agriensi

731 2702 1065 2789 Episcopo
1097 2702 1439 2770 existente.

733 2896 837 2963 (Aa
862 2899 981 2965 egri
1009 2897 1376 2966 kaptalannak
1404 2903 1702 2967 „Magister
1729 2901 1932 2954 Paulus
1959 2902 2104 2954 filius
2130 2903 2401 2955 Johanuis
2426 2902 2493 2953 de
2517 2902 2711 2954 Luka“
2737 2899 2995 2953 keresere

741 2990 894 3040 1348.
921 2992 1013 3049 „in
1053 2993 1263 3043 octauis
1303 2994 1426 3045 festi
1453 2993 1862 3059 Assumpcionia
1898 2994 2067 3045 Beate
2103 2993 2350 3058 virginis.
2390 2995 2675 3059 Regnante
2710 2993 2993 3045 Lodonico

733 3082 835 3131 Dei
862 3081 1051 3146 gracia
1075 3081 1278 3133 Illustri
1305 3083 1456 3148 Rege
1481 3084 1786 3149 Hungarie‚
1814 3083 2132 3137 Chanadino
2173 3084 2553 3150 strigoniensi,
2600 3085 2677 3136 St.
2706 3083 2997 3137 colocensi

730 3171 1190 3238 Archyepiscopis
1215 3180 1270 3224 et
1288 3174 1505 3225 domino
1534 3180 1718 3225 nostro
1743 3173 2039 3225 venerabili
2059 3175 2115 3225 in
2139 3173 2356 3225 Christo
2376 3181 2529 3240 patre
2552 3177 2616 3226 N.
2643 3176 2747 3226 Dei
2773 3183 2830 3227 et
2847 3175 2995 3241 Apo·

735 3260 925 3315 stolice
952 3261 1105 3313 Sedis
1131 3265 1319 3328 gracia
1341 3265 1620 3331 Episcopo
1645 3264 1899 3333 Agriensi
1938 3267 2235 3318 existente“
2261 3292 2334 3303 —
2354 3293 2428 3304 ——
2451 3264 2666 3318 kiadott
2701 3262 2997 3318 atiratabol

1345 3369 1380 3404 a
1403 3354 1568 3405 budai
1595 3354 1698 3407 kir.
1727 3356 1972 3408 kamarai
1997 3350 2374 3422 leveltarban.)
