3359 5250
1384 344 1511 416 173

303 552 515 638 Regis
545 550 669 620 sub
704 549 970 638 proprio
1019 545 1312 635 dupplici
1362 545 1585 632 sigillo
1620 543 1911 613 eiusdem
1945 564 2118 611 anno
2151 544 2238 611 ab
2271 544 2576 612 lucarna-

307 663 503 732 cione
550 660 818 728 Domini
865 657 1212 726 millesimo
1262 654 1706 723 ducentesimo
1756 653 2267 739 quadragesimo
2316 662 2575 738 quarto,

305 773 524 858 Regni
557 776 776 839 autem
794 770 897 836 sui
930 789 1102 836 anno
1134 787 1328 851 nono,
1362 770 1598 832 octauo
1617 762 1944 831 kalendas
1965 763 2345 830 Decembris
2377 783 2578 850 super

305 880 618 949 nonnulis
636 879 929 966 ipsorum
960 875 1379 945 libertatibus
1403 881 1468 941 et
1495 871 1937 961 prerogatiuis
1970 871 2207 940 litteris
2239 870 2306 937 in
2327 871 2576 939 eisdem

306 986 637 1056 contentis
669 993 993 1071 emanate,
1045 985 1113 1051 in
1135 981 1390 1070 judicio
1422 1002 1645 1050 coram
1673 986 1900 1048 nostra
1930 979 2274 1048 Personali
2310 981 2579 1048 Presen-

307 1097 413 1162 cia
462 1095 759 1165 exhibite
807 1095 1124 1163 fuissent:
1161 1113 1311 1160 mox
1344 1089 1706 1176 Gregorius
1755 1087 1838 1158 de
1876 1088 2125 1175 Keraly
2161 1088 2228 1154 in
2277 1089 2577 1175 personis

311 1203 774 1289 religiosarum
826 1200 1233 1270 dominarum
1283 1197 1878 1267 sanctimonialium
1926 1197 1995 1264 in
2045 1198 2331 1265 claustro
2380 1198 2584 1265 Beate

312 1313 526 1379 Marie
549 1311 841 1396 Virginis
872 1309 955 1377 de
975 1309 1197 1377 Veteri
1226 1307 1416 1375 Buda
1445 1306 1856 1392 degeucium,
1889 1304 1960 1372 in
1979 1306 2255 1373 eandem
2292 1312 2584 1374 nostram

311 1420 740 1489 Personalem
792 1416 1170 1502 exurgendo
1200 1416 1638 1501 Presenciam‚
1691 1412 2013 1501 quosdam
2049 1419 2187 1482 tres
2237 1414 2578 1499 articulos,

308 1528 559 1596 sactum
587 1525 839 1594 scilicet
886 1524 1114 1593 tributi
1145 1531 1212 1593 et
1241 1524 1627 1608 cibrionum,
1679 1543 1801 1592 nec
1832 1543 1961 1591 non
1991 1521 2325 1591 domorum
2373 1521 2441 1588 in
2476 1542 2581 1589 ea-

309 1637 462 1705 dem
491 1635 766 1704 ciuitate
794 1641 1020 1704 nostra
1048 1634 1419 1702 tenencium
1451 1642 1520 1702 et
1546 1632 1940 1701 habencium
1959 1638 2324 1718 tangentes,
2357 1630 2428 1699 in
2460 1630 2585 1699 eis·

311 1745 465 1813 dem
504 1742 745 1810 litteris
796 1739 1225 1830 specificatos,
1281 1760 1357 1809 eo
1408 1741 1580 1828 quod
1620 1740 1822 1826 ijdem
1871 1749 2008 1809 tres
2060 1739 2320 1807 articuli
2370 1741 2582 1809 eciam

313 1851 531 1920 dictas
560 1850 859 1920 dominas
909 1850 1441 1919 sanctimoniales
1479 1851 1675 1917 certis
1707 1870 1790 1917 ex
1822 1848 2045 1916 causis
2094 1855 2582 1932 concernerent,

312 1961 594 2049 prefatis
626 1959 1014 2028 dominabus
1046 1980 1162 2048 per
1194 1980 1314 2029 nos
1345 1958 1493 2027 dari
1525 1958 1947 2046 supplicauit.
1999 1956 2291 2037 Quorum
2322 1957 2584 2044 quidem

322 2072 524 2138 trium
558 2069 1002 2157 articulorum,
1054 2088 1218 2156 quos
1250 2069 1424 2138 idem
1457 2069 1611 2138 olim
1642 2070 1809 2136 Bela
1837 2071 1979 2136 Rex
2029 2067 2277 2136 eisdem
2327 2068 2583 2136 ciuibus

322 2179 573 2247 nostris
590 2178 1002 2247 Budensibus
1033 2178 1326 2265 contulit,
1360 2177 1610 2265 primus
1640 2176 1701 2245 is
1734 2184 1870 2245 est:
1907 2176 2112 2264 „Item
2141 2177 2315 2245 infra
2343 2177 2584 2245 limites

318 2287 531 2372 Regni
564 2287 770 2356 nostri
799 2287 886 2353 ab
918 2286 1094 2353 omni
1140 2285 1402 2373 tributo,
1457 2287 1649 2353 salua
1696 2284 2047 2374 tricesima,
2100 2291 2167 2356 et
2205 2286 2396 2354 saluo
2436 2288 2585 2371 jnre

316 2394 619 2464 Ecclesie
650 2394 992 2481 Budensis,
1042 2400 1354 2479 quantum
1386 2395 1473 2461 ad
1521 2395 1767 2463 tributa
1820 2395 1905 2461 de
1934 2394 2187 2463 salibus
2238 2393 2585 2482 exigenda,

318 2513 474 2572 sunt
508 2500 862 2590 exempti“;
915 2503 1239 2570 secundus
1267 2521 1422 2569 vero
1453 2502 1770 2570 articulus
1801 2504 1898 2569 ita
1928 2502 2293 2571 continetur
2324 2527 2342 2570 ε
2380 2504 2588 2592 „Item

320 2613 407 2682 de
440 2611 655 2681 vineis
684 2610 1041 2681 eorundem
1092 2610 1415 2680 cibriones
1462 2611 1835 2679 nullatenus
1886 2610 2271 2699 exigantur“
2280 2640 2296 2701 3
2345 2610 2588 2681 tercius

318 2720 650 2807 siquidem
682 2720 999 2788 articulus
1018 2721 1143 2789 hoe
1175 2720 1367 2788 modo
1399 2721 1719 2789 habetur:
1758 2722 1960 2808 „Item
1993 2722 2212 2790 nullus
2243 2723 2485 2809 hospes
2505 2741 2587 2789 ex

327 2829 497 2915 ipsis
546 2829 1008 2916 possessiones
1056 2847 1213 2897 suas
1243 2828 1352 2896 uel
1384 2827 1613 2898 domos
1644 2828 1931 2898 vendere
1979 2829 2204 2899 valeat
2251 2829 2451 2899 alicui
2481 2850 2590 2898 ex·

319 2945 579 3024 traneo,
613 2935 740 3004 nisi
771 2937 841 3005 in
872 2936 1104 3004 eadem
1138 2938 1303 3005 villa
1331 2937 1577 3005 volenti
1609 2936 1847 3007 amodo
1878 2938 2215 3027 habitare;
2265 2941 2422 3008 item
2455 2941 2590 3025 qui·

323 3065 589 3130 cunque
621 3065 704 3112 ex
733 3044 899 3133 ipsis
930 3045 1072 3113 sine
1102 3043 1345 3113 herede
1383 3045 1763 3132 decesserit,
1815 3049 2268 3134 possessiones
2306 3068 2463 3117 suas
2495 3048 2589 3115 di·

325 3153 633 3221 mittendi
660 3154 1041 3222 facultatem
1073 3153 1336 3240 habeat,
1386 3156 1492 3222 cui
1523 3156 1736 3241 volet3
1789 3156 1946 3223 item
1980 3155 2347 3241 quicunque
2379 3176 2461 3223 ex
2494 3156 2591 3223 eis

326 3262 791 3350 possessiones
821 3262 1070 3349 emerit,
1104 3262 1163 3329 si
1189 3283 1309 3351 per
1338 3284 1581 3332 annum
1613 3270 1682 3334 et
1709 3262 1886 3332 diem
1904 3265 2122 3333 nullus
2147 3266 2364 3353 ipsum
2396 3284 2593 3352 super

321 3372 455 3438 hoc
491 3369 877 3459 impeeierit,
909 3370 992 3439 de
1017 3378 1235 3441 cetero
1254 3392 1370 3440 eas
1403 3373 1544 3441 sine
1584 3371 2109 3442 contradiccione
2128 3374 2353 3461 aliqua
2388 3373 2596 3462 possi-

329 3478 491 3547 deat
521 3480 799 3566 pacifice
827 3486 895 3547 et
942 3480 1221 3567 quiete.“
1259 3480 1446 3549 Vnde
1479 3502 1602 3550 nos
1654 3481 1867 3570 suppli
1877 3481 2211 3552 cacionem
2244 3480 2401 3550 dicti
2439 3484 2594 3551 Gre-

332 3588 509 3673 gorii
540 3586 628 3655 de
659 3586 909 3675 Keraly
951 3589 1201 3674 Justam
1250 3596 1317 3657 et
1336 3591 1474 3676 juri
1523 3588 1917 3676 condignam
1967 3591 2102 3660 sore
2141 3598 2593 3676 agnoscentes,

325 3697 646 3764 articulos
680 3702 1008 3783 pretaetos
1057 3698 1127 3764 in
1158 3697 1352 3766 dictis
1382 3699 1620 3766 litteris
1651 3699 1926 3787 predicti
1957 3699 2110 3768 olim
2159 3698 2406 3768 domini
2436 3698 2595 3766 Bele

328 3807 535 3891 Regis
554 3804 753 3876 modo
773 3804 1066 3873 antelato
1087 3806 1510 3895 conscriptos,
1536 3810 1680 3876 sine
1700 3808 2137 3876 diminucione
2160 3814 2227 3876 et
2248 3816 2597 3895 augmento

331 3915 616 4002 aliquali
646 3913 732 3981 de
762 3914 961 3983 verbo
993 3914 1084 3981 ad
1112 3917 1381 3984 verbum
1402 3916 1819 4003 presentibus
1850 3916 2086 3986 litteris
2117 3918 2357 3987 nostris
2374 3925 2599 4006 paten-

325 4023 511 4091 tibus
541 4022 928 4092 transscribi
959 4031 1027 4090 et
1057 4026 1518 4112 transsumpmi
1549 4024 1874 4113 faciendo,
1924 4027 2271 4114 prelibatis
2310 4025 2599 4096 domina·

326 4132 458 4198 bus
490 4130 1103 4200 sanctimonialibus
1135 4130 1440 4200 duximus
1492 4134 1943 4203 concedendos
1980 4134 2305 4202 communi
2327 4134 2602 4221 justicia

330 4238 731 4325 requirente.
781 4240 1023 4307 Datum
1056 4238 1238 4307 Bude
1270 4241 1566 4327 predicto
1599 4241 1887 4311 secundo
1939 4243 2047 4311 die
2077 4243 2333 4310 termini
2375 4262 2603 4330 preno-

328 4348 481 4434 tati,
512 4369 687 4416 anuo
719 4346 988 4417 Domini
1036 4347 1385 4418 millesimo
1423 4350 2069 4438 quadringentesimo
2119 4351 2601 4439 septuagesimo

329 4461 548 4524 sexto.
1818 4463 2025 4530 Lecta
2061 4462 2171 4546 Dj.

326 4598 619 4673 (Eu-edetis
643 4604 888 4669 papiron,
916 4616 950 4653 a
987 4599 1276 4669 kiralynak
1305 4601 1443 4655 birci
1490 4602 1727 4670 pecsetje
1766 4605 1920 4670 alatt‚
1955 4622 1989 4658 a
2015 4606 2182 4659 budai
2207 4606 2308 4660 kir.
2355 4605 2604 4660 kamarai

1281 4692 1661 4765 levelttirban.)
1786 4712 1791 4718 ·
