3359 5250
1420 396 1561 462 275

1429 965 1581 1037 194.

366 1147 427 1210 A
460 1144 979 1231 sze'kesfehbrvdri
992 1146 1419 1236 Icciptalannak
1448 1147 1985 1235 bizonysdqlevele,
2003 1151 2163 1238 hoyy
2194 1174 2271 1215 az
2287 1149 2462 1218 Ekch
2492 1152 2617 1217 bein

366 1260 426 1319 e's
465 1254 701 1320 Tamds
756 1253 989 1320 Olenak
999 1256 1106 1338 fia
1133 1255 1271 1321 k52t
1299 1255 1509 1320 Belud
1534 1255 1809 1321 birtokra
1837 1261 2018 1322 ne'zve
2045 1256 2233 1323 k5t6tt
2278 1257 2625 1346 eqyezkcde's

1083 1362 1664 1450 foyanatoez'ttatott.
1696 1361 1894 1428 1248.

1011 1560 1072 1626 A
1314 1559 1369 1625 B
1623 1559 1675 1626 C
1921 1561 1983 1625 D

588 1737 955 1826 Capitulum
1003 1737 1298 1806 Ecclesie
1328 1738 1634 1806 Albensis
1666 1739 1991 1807 vniuersis
2040 1737 2283 1806 Christi
2310 1739 2616 1809 fidelibus

371 1844 783 1932 presentibus
831 1845 1078 1933 pariter
1107 1836 1198 1913 'et
1243 1846 1478 1914 futuris
1526 1855 1866 1935 presentes
1913 1848 2170 1916 litteras
2232 1847 2625 1933 inspecturis

367 1953 645 2020 salutem
677 1954 746 2020 in
770 1954 1075 2023 Domino.
1110 1954 1540 2022 Uniuersitati
1571 1962 1791 2023 uestre
1820 1961 2048 2024 tenore
2071 1956 2482 2041 presencium
2514 1955 2627 2021 du·

365 2061 584 2129 ximus
614 2060 1135 2146 significandum,
1169 2062 1344 2146 quod
1373 2062 1613 2130 nobilis
1649 2062 1751 2129 vir
1779 2062 1966 2129 Ekch
1999 2064 2243 2148 Banns,
2279 2063 2512 2130 Comes
2546 2062 2627 2130 de

370 2168 670 2253 Worosd‚
723 2169 808 2236 ad
842 2177 1134 2237 nostram
1172 2170 1607 2256 personaliter
1658 2169 2027 2239 accedendo
2075 2170 2482 2259 presenciam
2515 2170 2623 2237 ob·

371 2275 519 2341 tulit
543 2276 732 2344 nobis
763 2277 1020 2345 litteras
1054 2278 1299 2346 domini
1330 2278 1530 2365 Regis
1563 2280 1688 2346 sub
1713 2279 1840 2345 hac
1870 2278 2116 2346 forma:

580 2383 720 2452 Nos
749 2387 823 2453 B.
857 2385 983 2452 Dei
1015 2386 1242 2469 gracia
1259 2387 1402 2452 Rex
1430 2387 1766 2472 Hungarie
1797 2388 1925 2455 stb.
1965 2386 2157 2475 (mint
2185 2387 2450 2455 fentebb
2476 2387 2625 2454 184.

368 2510 457 2557 sz.
498 2487 594 2580 a.)

583 2599 789 2685 Igitur
818 2600 1091 2671 termino
1143 2602 1466 2690 premisso
1500 2602 1908 2690 adueniente,
1961 2601 2136 2671 idem
2168 2603 2357 2671 Ekch
2406 2604 2628 2671 Banus

374 2714 595 2774 nostre
643 2728 715 2775 se
763 2710 1198 2796 personaliter
1246 2711 1586 2798 presencie
1637 2711 2071 2798 presentando
2123 2710 2456 2780 confessus
2508 2719 2628 2796 est,

372 2814 581 2883 dictas
615 2816 846 2902 viginti
881 2838 1137 2886 marcas
1170 2839 1288 2907 per
1317 2820 1635 2888 Thomam
1668 2818 1984 2887 Comitem
2012 2818 2218 2886 filium
2250 2817 2367 2887 Osl
2398 2838 2629 2886 memo-

373 2929 582 2998 ratum
618 2924 744 2991 sibi
776 2927 925 3011 plen
936 2926 1075 2993 arie
1106 2927 1312 2994 fuisse
1342 2926 1750 3013 persolutas3
1803 2927 2038 3012 quibus
2069 2933 2407 2993 contentus
2450 2932 2629 2992 ante-

375 3027 618 3098 dictum
649 3032 944 3119 predium
974 3030 1185 3101 Belud
1218 3033 1427 3101 eidem
1462 3032 1713 3100 Thome
1755 3031 1991 3099 Gomiti
2022 3041 2085 3099 et
2116 3034 2251 3100 suis
2282 3032 2630 3100 heredibus

370 3138 637 3224 reliquit
667 3147 733 3208 et
761 3140 1045 3208 restituit
1062 3143 1132 3210 in
1150 3161 1315 3228 pace
1353 3142 1422 3207 in
1451 3147 1835 3229 perpetuum
1860 3139 2367 3227 possidendnm;
2401 3159 2630 3207 rennn-

376 3250 561 3315 cians
594 3249 772 3317 omni
800 3249 926 3315 iuri
960 3254 1025 3317 et
1054 3249 1325 3333 accioni‚
1376 3268 1503 3335 que
1535 3247 1883 3316 occasione
1934 3246 2105 3314 dotis
2145 3253 2211 3314 et
2241 3246 2627 3317 iudiciorum

370 3355 814 3444 predictorum
835 3357 1212 3444 contingere
1234 3358 1555 3446 potuisset
1585 3357 2001 3442 aliquatenus
2023 3376 2095 3424 se
2125 3356 2371 3424 moueri
2402 3364 2631 3423 contra

374 3465 450 3531 Τ.
484 3465 804 3532 Comitem
832 3466 1238 3554 sepedictum
1269 3467 1377 3534 uel
1415 3465 1708 3533 eiusdem
1740 3482 2175 3532 successores.
2230 3462 2400 3542 Quia
2429 3464 2633 3548 igitur

373 3573 537 3640 fines
588 3592 936 3640 causarum
985 3573 1053 3642 in
1106 3573 1484 3658 ambiguum
1531 3571 1916 3659 plerumque
1964 3577 2031 3638 et
2065 3572 2134 3638 in
2184 3570 2438 3637 irritum
2469 3569 2631 3638 obli--

375 3679 566 3746 uione
598 3681 981 3767 preualente
1012 3682 1226 3749 solent
1255 3679 1483 3765 redigi,
1536 3679 1667 3747 nisi
1695 3677 2070 3748 testimonio
2103 3678 2634 3745 commendentur

376 3787 764 3873 litterarum,
810 3789 960 3858 ideo
990 3793 1324 3876 presentes
1356 3789 1609 3856 litteras
1640 3787 1849 3872 sigilli
1875 3786 2084 3855 nostri
2132 3785 2484 3853 munimine
2532 3805 2630 3852 ro-

383 3894 650 3964 boratas
681 3897 770 3964 ad
800 3898 1188 3985 peticionem
1219 3897 1556 3982 utriusque
1589 3897 1818 3983 partis,
1854 3897 2103 3964 Thome
2133 3893 2389 3980 Comiti,
2423 3900 2490 3961 et
2518 3915 2635 3981 per

385 4022 531 4071 eum
564 4005 702 4074 suis
731 3993 1705 4075 successoribus'concessimus.
1738 4005 1930 4072 Anno
1947 4003 2214 4072 Domini
2242 4004 2333 4069 M⁰
2355 4001 2634 4069 OC⁰XL⁰

388 4119 640 4198 octauo,
675 4113 899 4197 quinto
928 4112 1100 4198 ydus
1133 4114 1434 4181 Octobris
1453 4112 1771 4198 Magistro
1792 4111 2067 4197 Achylle
2095 4110 2390 4178 Ecclesie
2414 4117 2636 4177 nostre

382 4221 721 4307 Proposito
740 4271 759 4307 ‚
810 4221 1060 4290 Jacobo
1112 4221 1414 4306 (lentore,
1468 4223 1640 4289 Acus
1693 4218 1998 4304 Custode,
2051 4218 2324 4303 Mathya
2368 4220 2634 4285 Decano

381 4328 826 4396 existentibus.

388 4506 662 4576 (Eredetie
685 4506 1033 4576 b6rhartyam
1057 4524 1092 4561 a
1114 4506 1301 4576 pecset
1318 4509 1592 4570 elveszett,
1619 4522 1653 4559 a
1673 4506 1840 4559 budai
1860 4507 1963 4558 kir.
1983 4506 2234 4561 kamarai
2251 4503 2608 4560 leveltArban.

1238 4703 1604 4715 όι-ῌ-ψα-η--ι-ι-ι-Ξ-
1617 4704 1662 4713 ..μ’
1675 4703 1717 4712 uh*-
1730 4700 1769 4713 A

2178 4802 2310 4860 13*
