<?xml version="1.0" encoding="UTF-8"?>
<!DOCTYPE html PUBLIC "-//W3C//DTD XHTML 1.0 Transitional//EN"
    "http://www.w3.org/TR/xhtml1/DTD/xhtml1-transitional.dtd">
<html xmlns="http://www.w3.org/1999/xhtml" xml:lang="en" lang="en">
 <head>
  <title>
</title>
<meta http-equiv="Content-Type" content="text/html;charset=utf-8" />
  <meta name='ocr-system' content='tesseract 3.04.00' />
  <meta name='ocr-capabilities' content='ocr_page ocr_carea ocr_par ocr_line ocrx_word'/>
</head>
<body>
  <div class='ocr_page' id='page_1' title='image "./codexdiplomatic09unkngoog_0154.png"; bbox 0 0 3359 5250; ppageno 0'>
   <div class='ocr_carea' id='block_1_1' title="bbox 1873 296 1995 363">
    <p class='ocr_par' dir='ltr' id='par_1_1' title="bbox 1873 296 1995 363">
     <span class='ocr_line' id='line_1_1' title="bbox 1873 296 1995 363; baseline 0.008 -3"><span class='ocrx_word' id='word_1_1' title='bbox 1873 296 1995 363; x_wconf 88' lang='lat'><strong>114</strong></span> 
     </span>
    </p>
   </div>
   <div class='ocr_carea' id='block_1_2' title="bbox 1767 383 2079 394">
    <p class='ocr_par' dir='ltr' id='par_1_2' title="bbox 1767 383 2079 394">
     <span class='ocr_line' id='line_1_2' title="bbox 1767 383 2079 394; baseline 0 4856"><span class='ocrx_word' id='word_1_2' title='bbox 1767 383 2079 394; x_wconf 95' lang='lat' dir='ltr'><strong> </strong></span> 
     </span>
    </p>
   </div>
   <div class='ocr_carea' id='block_1_3' title="bbox 1876 869 1985 936">
    <p class='ocr_par' dir='ltr' id='par_1_3' title="bbox 1876 869 1985 936">
     <span class='ocr_line' id='line_1_3' title="bbox 1876 869 1985 936; baseline 0 -1"><span class='ocrx_word' id='word_1_3' title='bbox 1876 869 1985 936; x_wconf 75' lang='lat'><strong>73.</strong></span> 
     </span>
    </p>
   </div>
   <div class='ocr_carea' id='block_1_4' title="bbox 795 1046 3058 1352">
    <p class='ocr_par' dir='ltr' id='par_1_4' title="bbox 795 1046 3058 1352">
     <span class='ocr_line' id='line_1_4' title="bbox 796 1046 3058 1141; baseline -0.006 -16"><span class='ocrx_word' id='word_1_4' title='bbox 796 1057 1010 1125; x_wconf 78' lang='lat' dir='ltr'><strong>Jakab</strong></span> <span class='ocrx_word' id='word_1_5' title='bbox 1044 1080 1084 1120; x_wconf 87' lang='lat' dir='ltr'><strong>a</strong></span> <span class='ocrx_word' id='word_1_6' title='bbox 1118 1055 1636 1141; x_wconf 70' lang='lat' dir='ltr'><strong>maqyarorszdyi</strong></span> <span class='ocrx_word' id='word_1_7' title='bbox 1686 1054 1747 1116; x_wconf 70' lang='lat' dir='ltr'><strong>e‘e</strong></span> <span class='ocrx_word' id='word_1_8' title='bbox 1780 1049 2134 1115; x_wconf 79' lang='lat' dir='ltr'><strong>szlavoniai</strong></span> <span class='ocrx_word' id='word_1_9' title='bbox 2175 1046 2730 1134; x_wconf 73' lang='lat' dir='ltr'><strong>templomrendiek</strong></span> <span class='ocrx_word' id='word_1_10' title='bbox 2777 1050 3058 1112; x_wconf 63' lang='lat' dir='ltr'><strong>mesiere&#39;-</strong></span> 
     </span>
     <span class='ocr_line' id='line_1_5' title="bbox 795 1153 3054 1252; baseline -0.006 -23"><span class='ocrx_word' id='word_1_11' title='bbox 795 1164 917 1230; x_wconf 73' lang='lat' dir='ltr'><strong>nole</strong></span> <span class='ocrx_word' id='word_1_12' title='bbox 946 1160 1483 1252; x_wconf 71' lang='lat' dir='ltr'><strong>bizonysciqlevele‚</strong></span> <span class='ocrx_word' id='word_1_13' title='bbox 1537 1158 1697 1246; x_wconf 70' lang='lat' dir='ltr'><strong>hoqy</strong></span> <span class='ocrx_word' id='word_1_14' title='bbox 1738 1157 1917 1222; x_wconf 77' lang='grc' dir='ltr'><em>Ταᾱέ</em></span> <span class='ocrx_word' id='word_1_15' title='bbox 1946 1155 2272 1222; x_wconf 74' lang='lat' dir='ltr'><strong>Mlddnak</strong></span> <span class='ocrx_word' id='word_1_16' title='bbox 2303 1154 2409 1240; x_wconf 87' lang='lat' dir='ltr'><strong>fia</strong></span> <span class='ocrx_word' id='word_1_17' title='bbox 2442 1153 2733 1241; x_wconf 78' lang='lat' dir='ltr'><strong>bizonyos</strong></span> <span class='ocrx_word' id='word_1_18' title='bbox 2779 1154 3054 1220; x_wconf 65' lang='lat' dir='ltr'><strong>birtokdae</strong></span> 
     </span>
     <span class='ocr_line' id='line_1_6' title="bbox 1288 1262 2548 1352; baseline -0.008 -16"><span class='ocrx_word' id='word_1_19' title='bbox 1288 1266 1563 1352; x_wconf 67' lang='lat' dir='ltr'><strong>Scindor,</strong></span> <span class='ocrx_word' id='word_1_20' title='bbox 1595 1264 1790 1332; x_wconf 71' lang='lat' dir='ltr'><strong>Gund</strong></span> <span class='ocrx_word' id='word_1_21' title='bbox 1805 1263 2039 1349; x_wconf 74' lang='lat' dir='ltr'><strong>ficimk</strong></span> <span class='ocrx_word' id='word_1_22' title='bbox 2070 1262 2300 1327; x_wconf 74' lang='lat' dir='ltr'><strong>elmlea.</strong></span> <span class='ocrx_word' id='word_1_23' title='bbox 2358 1263 2548 1327; x_wconf 82' lang='lat'><strong><em>1240.</em></strong></span> 
     </span>
    </p>
   </div>
   <div class='ocr_carea' id='block_1_5' title="bbox 801 1459 3068 4472">
    <p class='ocr_par' dir='ltr' id='par_1_5' title="bbox 801 1459 3068 4472">
     <span class='ocr_line' id='line_1_7' title="bbox 1015 1459 3057 1543; baseline -0.005 -8"><span class='ocrx_word' id='word_1_24' title='bbox 1015 1467 1154 1542; x_wconf 80' lang='lat' dir='ltr'><strong>Nos</strong></span> <span class='ocrx_word' id='word_1_25' title='bbox 1205 1466 1403 1532; x_wconf 81' lang='lat' dir='ltr'><strong>frater</strong></span> <span class='ocrx_word' id='word_1_26' title='bbox 1434 1464 1725 1531; x_wconf 84' lang='lat' dir='ltr'><strong>Jacobus</strong></span> <span class='ocrx_word' id='word_1_27' title='bbox 1778 1462 1859 1527; x_wconf 90' lang='lat' dir='ltr'><strong>de</strong></span> <span class='ocrx_word' id='word_1_28' title='bbox 1891 1461 2109 1528; x_wconf 81' lang='lat' dir='ltr'><strong>Monte</strong></span> <span class='ocrx_word' id='word_1_29' title='bbox 2143 1459 2377 1543; x_wconf 82' lang='lat' dir='ltr'>Regali</span> <span class='ocrx_word' id='word_1_30' title='bbox 2423 1459 2741 1543; x_wconf 78' lang='lat' dir='ltr'><strong>Magister</strong></span> <span class='ocrx_word' id='word_1_31' title='bbox 2789 1459 3057 1526; x_wconf 86' lang='lat' dir='ltr'><strong>humilis</strong></span> 
     </span>
     <span class='ocr_line' id='line_1_8' title="bbox 803 1567 3059 1660; baseline -0.004 -18"><span class='ocrx_word' id='word_1_32' title='bbox 803 1578 1154 1642; x_wconf 89' lang='lat' dir='ltr'><strong>Domorum</strong></span> <span class='ocrx_word' id='word_1_33' title='bbox 1205 1573 1463 1660; x_wconf 81' lang='lat' dir='ltr'><strong>Templi</strong></span> <span class='ocrx_word' id='word_1_34' title='bbox 1520 1591 1639 1658; x_wconf 89' lang='lat' dir='ltr'><strong>per</strong></span> <span class='ocrx_word' id='word_1_35' title='bbox 1688 1567 2097 1654; x_wconf 88' lang='lat' dir='ltr'><strong>Hungariam</strong></span> <span class='ocrx_word' id='word_1_36' title='bbox 2160 1576 2224 1633; x_wconf 88' lang='lat' dir='ltr'><strong>et</strong></span> <span class='ocrx_word' id='word_1_37' title='bbox 2273 1567 2692 1634; x_wconf 87' lang='lat' dir='ltr'><strong>Sclauoniam</strong></span> <span class='ocrx_word' id='word_1_38' title='bbox 2746 1568 3059 1634; x_wconf 85' lang='lat' dir='ltr'><strong>memorie</strong></span> 
     </span>
     <span class='ocr_line' id='line_1_9' title="bbox 805 1674 3058 1766; baseline -0.004 -15"><span class='ocrx_word' id='word_1_39' title='bbox 805 1682 1337 1751; x_wconf 78' lang='lat' dir='ltr'><strong>commendantes</strong></span> <span class='ocrx_word' id='word_1_40' title='bbox 1401 1677 1875 1766; x_wconf 83' lang='lat' dir='ltr'><strong>(significamus</strong></span> <span class='ocrx_word' id='word_1_41' title='bbox 1925 1684 2149 1742; x_wconf 89' lang='lat' dir='ltr'><strong>tenore</strong></span> <span class='ocrx_word' id='word_1_42' title='bbox 2208 1674 2649 1760; x_wconf 87' lang='lat' dir='ltr'><strong>presencium)</strong></span> <span class='ocrx_word' id='word_1_43' title='bbox 2714 1674 3058 1755; x_wconf 77' lang='lat' dir='ltr'><strong>uniuersiS,</strong></span> 
     </span>
     <span class='ocr_line' id='line_1_10' title="bbox 804 1782 3057 1876; baseline -0.004 -20"><span class='ocrx_word' id='word_1_44' title='bbox 804 1791 1038 1876; x_wconf 86' lang='lat' dir='ltr'><strong>quibus</strong></span> <span class='ocrx_word' id='word_1_45' title='bbox 1089 1808 1358 1875; x_wconf 78' lang='lat' dir='ltr'><strong>presens</strong></span> <span class='ocrx_word' id='word_1_46' title='bbox 1410 1786 1789 1868; x_wconf 84' lang='lat' dir='ltr'><strong>ostenditur,</strong></span> <span class='ocrx_word' id='word_1_47' title='bbox 1842 1784 2016 1869; x_wconf 88' lang='lat' dir='ltr'><strong>quod</strong></span> <span class='ocrx_word' id='word_1_48' title='bbox 2048 1782 2417 1850; x_wconf 84' lang='lat' dir='ltr'><strong>accedendo</strong></span> <span class='ocrx_word' id='word_1_49' title='bbox 2472 1782 2556 1849; x_wconf 88' lang='lat' dir='ltr'><strong>ad</strong></span> <span class='ocrx_word' id='word_1_50' title='bbox 2588 1790 2886 1853; x_wconf 85' lang='lat' dir='ltr'><strong>nostram</strong></span> <span class='ocrx_word' id='word_1_51' title='bbox 2918 1803 3057 1868; x_wconf 89' lang='lat' dir='ltr'><strong>pre-</strong></span> 
     </span>
     <span class='ocr_line' id='line_1_11' title="bbox 803 1891 3059 1978; baseline -0.005 -11"><span class='ocrx_word' id='word_1_52' title='bbox 803 1899 1091 1967; x_wconf 87' lang='lat' dir='ltr'><strong>senciam</strong></span> <span class='ocrx_word' id='word_1_53' title='bbox 1122 1896 1384 1964; x_wconf 89' lang='lat' dir='ltr'><strong>Tadeus</strong></span> <span class='ocrx_word' id='word_1_54' title='bbox 1423 1894 1594 1963; x_wconf 92' lang='lat' dir='ltr'><strong>filius</strong></span> <span class='ocrx_word' id='word_1_55' title='bbox 1626 1893 1806 1960; x_wconf 87' lang='lat' dir='ltr'><strong>Mlad</strong></span> <span class='ocrx_word' id='word_1_56' title='bbox 1836 1892 2025 1961; x_wconf 84' lang='lat' dir='ltr'><strong>nobis</strong></span> <span class='ocrx_word' id='word_1_57' title='bbox 2059 1893 2398 1958; x_wconf 87' lang='lat' dir='ltr'><strong>confessus</strong></span> <span class='ocrx_word' id='word_1_58' title='bbox 2434 1898 2533 1958; x_wconf 90' lang='lat' dir='ltr'><strong>est</strong></span> <span class='ocrx_word' id='word_1_59' title='bbox 2574 1891 2730 1959; x_wconf 81' lang='lat' dir='ltr'><strong>viua</strong></span> <span class='ocrx_word' id='word_1_60' title='bbox 2770 1911 2952 1978; x_wconf 84' lang='lat' dir='ltr'><strong>uoce,</strong></span> <span class='ocrx_word' id='word_1_61' title='bbox 2990 1911 3059 1957; x_wconf 85' lang='lat' dir='ltr'><strong>se</strong></span> 
     </span>
     <span class='ocr_line' id='line_1_12' title="bbox 803 1991 3061 2088; baseline -0.003 -16"><span class='ocrx_word' id='word_1_62' title='bbox 803 2006 1182 2073; x_wconf 84' lang='lat' dir='ltr'><strong>vendidisse</strong></span> <span class='ocrx_word' id='word_1_63' title='bbox 1223 1991 1551 2088; x_wconf 61' lang='lat' dir='ltr'><strong>quandam</strong></span> <span class='ocrx_word' id='word_1_64' title='bbox 1585 2010 1828 2069; x_wconf 88' lang='lat' dir='ltr'><strong>terram</strong></span> <span class='ocrx_word' id='word_1_65' title='bbox 1862 2041 1947 2049; x_wconf 88' lang='grc'><strong>--</strong></span> <span class='ocrx_word' id='word_1_66' title='bbox 1981 2039 2068 2048; x_wconf 47' lang='lat'><strong>*-</strong></span> <span class='ocrx_word' id='word_1_67' title='bbox 2102 2039 2187 2049; x_wconf 91' lang='lat'><strong>—-</strong></span> <span class='ocrx_word' id='word_1_68' title='bbox 2223 2037 2309 2050; x_wconf 92' lang='lat'><strong>--</strong></span> <span class='ocrx_word' id='word_1_69' title='bbox 2331 1999 2580 2068; x_wconf 84' lang='lat' dir='ltr'><strong>Comite</strong></span> <span class='ocrx_word' id='word_1_70' title='bbox 2613 1999 2695 2066; x_wconf 89' lang='lat' dir='ltr'><strong>de</strong></span> <span class='ocrx_word' id='word_1_71' title='bbox 2722 2000 3061 2083; x_wconf 81' lang='lat' dir='ltr'><strong>Tolstoub,</strong></span> 
     </span>
     <span class='ocr_line' id='line_1_13' title="bbox 803 2108 3061 2200; baseline -0.004 -19"><span class='ocrx_word' id='word_1_72' title='bbox 803 2115 1022 2200; x_wconf 88' lang='lat' dir='ltr'><strong>precio</strong></span> <span class='ocrx_word' id='word_1_73' title='bbox 1055 2111 1462 2199; x_wconf 88' lang='lat' dir='ltr'><strong>comparauit</strong></span> <span class='ocrx_word' id='word_1_74' title='bbox 1494 2131 1535 2176; x_wconf 86' lang='lat' dir='ltr'><strong>a</strong></span> <span class='ocrx_word' id='word_1_75' title='bbox 1566 2109 1902 2177; x_wconf 83' lang='lat' dir='ltr'><strong>Stanislao</strong></span> <span class='ocrx_word' id='word_1_76' title='bbox 1935 2108 2133 2175; x_wconf 87' lang='lat' dir='ltr'><strong>fratre</strong></span> <span class='ocrx_word' id='word_1_77' title='bbox 2165 2110 2346 2193; x_wconf 86' lang='lat' dir='ltr'><strong>Mire,</strong></span> <span class='ocrx_word' id='word_1_78' title='bbox 2382 2110 2574 2175; x_wconf 90' lang='lat' dir='ltr'><strong>Petro</strong></span> <span class='ocrx_word' id='word_1_79' title='bbox 2603 2114 2842 2194; x_wconf 90' lang='lat' dir='ltr'><strong>nepote</strong></span> <span class='ocrx_word' id='word_1_80' title='bbox 2896 2109 3061 2174; x_wconf 89' lang='lat' dir='ltr'><strong>eius-</strong></span> 
     </span>
     <span class='ocr_line' id='line_1_14' title="bbox 807 2216 3063 2304; baseline -0.002 -16"><span class='ocrx_word' id='word_1_81' title='bbox 807 2223 976 2303; x_wconf 86' lang='lat' dir='ltr'><strong>dem,</strong></span> <span class='ocrx_word' id='word_1_82' title='bbox 1000 2221 1212 2304; x_wconf 83' lang='lat' dir='ltr'><strong>Guna,</strong></span> <span class='ocrx_word' id='word_1_83' title='bbox 1247 2220 1453 2287; x_wconf 89' lang='lat' dir='ltr'><strong>Petko</strong></span> <span class='ocrx_word' id='word_1_84' title='bbox 1486 2220 1619 2286; x_wconf 87' lang='lat' dir='ltr'><strong>filio</strong></span> <span class='ocrx_word' id='word_1_85' title='bbox 1643 2218 1943 2302; x_wconf 88' lang='lat' dir='ltr'><strong>Emerici‚</strong></span> <span class='ocrx_word' id='word_1_86' title='bbox 1966 2217 2262 2302; x_wconf 86' lang='lat' dir='ltr'><strong>Zlouina,</strong></span> <span class='ocrx_word' id='word_1_87' title='bbox 2297 2217 2526 2283; x_wconf 86' lang='lat' dir='ltr'><strong>Petrus</strong></span> <span class='ocrx_word' id='word_1_88' title='bbox 2549 2216 2719 2283; x_wconf 86' lang='lat' dir='ltr'><strong>filius</strong></span> <span class='ocrx_word' id='word_1_89' title='bbox 2741 2216 3063 2300; x_wconf 81' lang='lat' dir='ltr'><strong>Prehod0,</strong></span> 
     </span>
     <span class='ocr_line' id='line_1_15' title="bbox 807 2324 3062 2416; baseline -0.002 -20"><span class='ocrx_word' id='word_1_90' title='bbox 807 2328 1046 2416; x_wconf 84' lang='lat' dir='ltr'><strong>Egidio</strong></span> <span class='ocrx_word' id='word_1_91' title='bbox 1079 2331 1112 2395; x_wconf 84' lang='lat' dir='ltr'><strong>f</strong></span> <span class='ocrx_word' id='word_1_92' title='bbox 1136 2366 1822 2378; x_wconf 81' lang='lat'>———————</span> <span class='ocrx_word' id='word_1_93' title='bbox 1854 2326 2228 2393; x_wconf 81' lang='lat' dir='ltr'><strong>Alexandro</strong></span> <span class='ocrx_word' id='word_1_94' title='bbox 2262 2326 2394 2392; x_wconf 86' lang='lat' dir='ltr'><strong>filio</strong></span> <span class='ocrx_word' id='word_1_95' title='bbox 2429 2324 2735 2411; x_wconf 81' lang='lat' dir='ltr'><strong>Gundak‚</strong></span> <span class='ocrx_word' id='word_1_96' title='bbox 2789 2346 2912 2412; x_wconf 88' lang='lat' dir='ltr'><strong>pro</strong></span> <span class='ocrx_word' id='word_1_97' title='bbox 2945 2347 3062 2395; x_wconf 82' lang='lat' dir='ltr'><strong>sex</strong></span> 
     </span>
     <span class='ocr_line' id='line_1_16' title="bbox 808 2434 3063 2524; baseline -0.002 -19"><span class='ocrx_word' id='word_1_98' title='bbox 808 2437 1046 2505; x_wconf 88' lang='lat' dir='ltr'><strong>marcis</strong></span> <span class='ocrx_word' id='word_1_99' title='bbox 1078 2437 1204 2505; x_wconf 90' lang='lat' dir='ltr'><strong>sibi</strong></span> <span class='ocrx_word' id='word_1_100' title='bbox 1254 2438 1338 2504; x_wconf 85' lang='lat' dir='ltr'><strong>ab</strong></span> <span class='ocrx_word' id='word_1_101' title='bbox 1369 2437 1597 2503; x_wconf 91' lang='lat' dir='ltr'><strong>eodem</strong></span> <span class='ocrx_word' id='word_1_102' title='bbox 1631 2438 1821 2524; x_wconf 86' lang='lat' dir='ltr'><strong>plene</strong></span> <span class='ocrx_word' id='word_1_103' title='bbox 1854 2437 2200 2522; x_wconf 87' lang='lat' dir='ltr'><strong>persolutis</strong></span> <span class='ocrx_word' id='word_1_104' title='bbox 2252 2434 2332 2500; x_wconf 91' lang='lat' dir='ltr'><strong>de</strong></span> <span class='ocrx_word' id='word_1_105' title='bbox 2366 2435 2688 2503; x_wconf 87' lang='lat' dir='ltr'><strong>communi</strong></span> <span class='ocrx_word' id='word_1_106' title='bbox 2728 2436 3063 2502; x_wconf 82' lang='lat' dir='ltr'><strong>voluntate</strong></span> 
     </span>
     <span class='ocr_line' id='line_1_17' title="bbox 804 2542 3063 2628; baseline -0.003 -14"><span class='ocrx_word' id='word_1_107' title='bbox 804 2547 1013 2615; x_wconf 86' lang='lat' dir='ltr'><strong>tocius</strong></span> <span class='ocrx_word' id='word_1_108' title='bbox 1065 2545 1356 2614; x_wconf 90' lang='lat' dir='ltr'><strong>eiusdem</strong></span> <span class='ocrx_word' id='word_1_109' title='bbox 1408 2546 1861 2628; x_wconf 76' lang='lat' dir='ltr'><strong>generacionis</strong></span> <span class='ocrx_word' id='word_1_110' title='bbox 1914 2552 2048 2610; x_wconf 89' lang='lat' dir='ltr'><strong>tam</strong></span> <span class='ocrx_word' id='word_1_111' title='bbox 2100 2545 2226 2610; x_wconf 86' lang='lat' dir='ltr'><strong>sibi</strong></span> <span class='ocrx_word' id='word_1_112' title='bbox 2275 2562 2473 2628; x_wconf 88' lang='lat' dir='ltr'><strong>quam</strong></span> <span class='ocrx_word' id='word_1_113' title='bbox 2525 2544 2660 2610; x_wconf 86' lang='lat' dir='ltr'><strong>suis</strong></span> <span class='ocrx_word' id='word_1_114' title='bbox 2712 2542 3063 2610; x_wconf 78' lang='lat' dir='ltr'><strong>heredibus</strong></span> 
     </span>
     <span class='ocr_line' id='line_1_18' title="bbox 804 2652 3064 2739; baseline -0.002 -16"><span class='ocrx_word' id='word_1_115' title='bbox 804 2654 1246 2739; x_wconf 85' lang='lat' dir='ltr'><strong>heredumque</strong></span> <span class='ocrx_word' id='word_1_116' title='bbox 1295 2673 1563 2723; x_wconf 89' lang='lat' dir='ltr'><strong>suorum</strong></span> <span class='ocrx_word' id='word_1_117' title='bbox 1616 2653 2105 2721; x_wconf 80' lang='lat' dir='ltr'><strong>successoribus</strong></span> <span class='ocrx_word' id='word_1_118' title='bbox 2155 2652 2242 2718; x_wconf 84' lang='lat' dir='ltr'><strong>ad</strong></span> <span class='ocrx_word' id='word_1_119' title='bbox 2294 2653 2657 2737; x_wconf 87' lang='lat' dir='ltr'><strong>abendam,</strong></span> <span class='ocrx_word' id='word_1_120' title='bbox 2716 2652 3064 2720; x_wconf 89' lang='lat' dir='ltr'><strong>tenendam</strong></span> 
     </span>
     <span class='ocr_line' id='line_1_19' title="bbox 803 2759 3063 2848; baseline -0 -21"><span class='ocrx_word' id='word_1_121' title='bbox 803 2764 943 2829; x_wconf 91' lang='lat' dir='ltr'><strong>iure</strong></span> <span class='ocrx_word' id='word_1_122' title='bbox 994 2761 1510 2829; x_wconf 87' lang='lat' dir='ltr'><strong>irreuocabiliter</strong></span> <span class='ocrx_word' id='word_1_123' title='bbox 1561 2761 2046 2848; x_wconf 83' lang='lat' dir='ltr'><strong>possidendam.</strong></span> <span class='ocrx_word' id='word_1_124' title='bbox 2100 2759 2237 2825; x_wconf 91' lang='lat' dir='ltr'><strong>Hee</strong></span> <span class='ocrx_word' id='word_1_125' title='bbox 2286 2767 2435 2827; x_wconf 89' lang='lat' dir='ltr'><strong>sunt</strong></span> <span class='ocrx_word' id='word_1_126' title='bbox 2484 2767 2652 2827; x_wconf 88' lang='lat' dir='ltr'><strong>mete</strong></span> <span class='ocrx_word' id='word_1_127' title='bbox 2703 2768 2924 2826; x_wconf 88' lang='lat' dir='ltr'><strong>terre:</strong></span> <span class='ocrx_word' id='word_1_128' title='bbox 2977 2762 3063 2827; x_wconf 83' lang='lat' dir='ltr'><strong>ab</strong></span> 
     </span>
     <span class='ocr_line' id='line_1_20' title="bbox 809 2868 3065 2957; baseline -0.001 -19"><span class='ocrx_word' id='word_1_129' title='bbox 809 2871 1060 2940; x_wconf 88' lang='lat' dir='ltr'><strong>oriente</strong></span> <span class='ocrx_word' id='word_1_130' title='bbox 1091 2871 1276 2936; x_wconf 84' lang='lat' dir='ltr'><strong>iuxta</strong></span> <span class='ocrx_word' id='word_1_131' title='bbox 1327 2870 1446 2952; x_wconf 90' lang='lat' dir='ltr'><strong>Vn,</strong></span> <span class='ocrx_word' id='word_1_132' title='bbox 1499 2868 1610 2935; x_wconf 79' lang='lat' dir='ltr'><strong>vbi</strong></span> <span class='ocrx_word' id='word_1_133' title='bbox 1659 2875 1793 2937; x_wconf 86' lang='lat' dir='ltr'><strong>stat</strong></span> <span class='ocrx_word' id='word_1_134' title='bbox 1822 2870 2137 2957; x_wconf 58' lang='lat' dir='ltr'><strong>leem-uffa,</strong></span> <span class='ocrx_word' id='word_1_135' title='bbox 2185 2876 2249 2933; x_wconf 89' lang='lat' dir='ltr'><strong>et</strong></span> <span class='ocrx_word' id='word_1_136' title='bbox 2280 2868 2489 2935; x_wconf 82' lang='lat' dir='ltr'><strong>tendit</strong></span> <span class='ocrx_word' id='word_1_137' title='bbox 2540 2889 2737 2955; x_wconf 84' lang='lat' dir='ltr'><strong>super</strong></span> <span class='ocrx_word' id='word_1_138' title='bbox 2776 2870 3065 2937; x_wconf 82' lang='lat' dir='ltr'><strong>occiden-</strong></span> 
     </span>
     <span class='ocr_line' id='line_1_21' title="bbox 803 2975 3063 3065; baseline -0.001 -18"><span class='ocrx_word' id='word_1_139' title='bbox 803 2990 934 3047; x_wconf 90' lang='lat' dir='ltr'><strong>tem</strong></span> <span class='ocrx_word' id='word_1_140' title='bbox 968 3000 1085 3065; x_wconf 88' lang='lat' dir='ltr'><strong>per</strong></span> <span class='ocrx_word' id='word_1_141' title='bbox 1119 2977 1403 3047; x_wconf 91' lang='lat' dir='ltr'><strong>medium</strong></span> <span class='ocrx_word' id='word_1_142' title='bbox 1422 2979 1522 3044; x_wconf 89' lang='lat' dir='ltr'><strong>Vn</strong></span> <span class='ocrx_word' id='word_1_143' title='bbox 1555 2998 1799 3064; x_wconf 85' lang='lat' dir='ltr'><strong>magna</strong></span> <span class='ocrx_word' id='word_1_144' title='bbox 1830 2978 2214 3063; x_wconf 81' lang='lat' dir='ltr'><strong>quantitate,</strong></span> <span class='ocrx_word' id='word_1_145' title='bbox 2249 2999 2320 3045; x_wconf 87' lang='lat' dir='ltr'><strong>se</strong></span> <span class='ocrx_word' id='word_1_146' title='bbox 2359 2979 2530 3045; x_wconf 82' lang='lat' dir='ltr'><strong>exist</strong></span> <span class='ocrx_word' id='word_1_147' title='bbox 2562 2975 2734 3065; x_wconf 76' lang='lat' dir='ltr'><strong>(igy)</strong></span> <span class='ocrx_word' id='word_1_148' title='bbox 2756 2978 2843 3044; x_wconf 97' lang='lat' dir='ltr'><strong>ad</strong></span> <span class='ocrx_word' id='word_1_149' title='bbox 2865 2997 3063 3044; x_wconf 91' lang='lat' dir='ltr'><strong>unam</strong></span> 
     </span>
     <span class='ocr_line' id='line_1_22' title="bbox 805 3086 3063 3174; baseline -0.001 -19"><span class='ocrx_word' id='word_1_150' title='bbox 805 3090 1104 3156; x_wconf 86' lang='lat' dir='ltr'><strong>arborem</strong></span> <span class='ocrx_word' id='word_1_151' title='bbox 1137 3087 1328 3155; x_wconf 87' lang='lat' dir='ltr'><strong>vlmis</strong></span> <span class='ocrx_word' id='word_1_152' title='bbox 1363 3092 1686 3171; x_wconf 78' lang='lat' dir='ltr'><strong>vocatam,</strong></span> <span class='ocrx_word' id='word_1_153' title='bbox 1739 3087 1852 3154; x_wconf 84' lang='lat' dir='ltr'><strong>vbi</strong></span> <span class='ocrx_word' id='word_1_154' title='bbox 1883 3088 2181 3174; x_wconf 85' lang='lat' dir='ltr'><strong>peruenit</strong></span> <span class='ocrx_word' id='word_1_155' title='bbox 2231 3093 2407 3153; x_wconf 87' lang='lat' dir='ltr'><strong>meta</strong></span> <span class='ocrx_word' id='word_1_156' title='bbox 2434 3086 2641 3152; x_wconf 85' lang='lat' dir='ltr'><strong>Daloe</strong></span> <span class='ocrx_word' id='word_1_157' title='bbox 2688 3094 2904 3153; x_wconf 90' lang='lat' dir='ltr'><strong>terrea</strong></span> <span class='ocrx_word' id='word_1_158' title='bbox 2936 3087 3063 3153; x_wconf 84' lang='lat' dir='ltr'><strong>Ta·</strong></span> 
     </span>
     <span class='ocr_line' id='line_1_23' title="bbox 804 3194 3066 3281; baseline -0.001 -17"><span class='ocrx_word' id='word_1_159' title='bbox 804 3196 910 3265; x_wconf 90' lang='lat' dir='ltr'><strong>dei</strong></span> <span class='ocrx_word' id='word_1_160' title='bbox 942 3197 1276 3281; x_wconf 80' lang='lat' dir='ltr'><strong>antedicti,</strong></span> <span class='ocrx_word' id='word_1_161' title='bbox 1331 3217 1457 3279; x_wconf 88' lang='lat' dir='ltr'><strong>que</strong></span> <span class='ocrx_word' id='word_1_162' title='bbox 1487 3196 1835 3264; x_wconf 88' lang='lat' dir='ltr'><strong>reuertitur</strong></span> <span class='ocrx_word' id='word_1_163' title='bbox 1866 3197 1951 3261; x_wconf 89' lang='lat' dir='ltr'><strong>ad</strong></span> <span class='ocrx_word' id='word_1_164' title='bbox 1987 3195 2387 3263; x_wconf 87' lang='lat' dir='ltr'><strong>occidentem</strong></span> <span class='ocrx_word' id='word_1_165' title='bbox 2413 3220 2427 3279; x_wconf 88' lang='lat'>;</span> <span class='ocrx_word' id='word_1_166' title='bbox 2482 3194 2678 3262; x_wconf 82' lang='lat' dir='ltr'><strong>abinc</strong></span> <span class='ocrx_word' id='word_1_167' title='bbox 2707 3194 2918 3262; x_wconf 91' lang='lat' dir='ltr'><strong>tendit</strong></span> <span class='ocrx_word' id='word_1_168' title='bbox 2947 3216 3066 3281; x_wconf 88' lang='lat' dir='ltr'><strong>per</strong></span> 
     </span>
     <span class='ocr_line' id='line_1_24' title="bbox 803 3301 3065 3389; baseline -0.002 -17"><span class='ocrx_word' id='word_1_169' title='bbox 803 3327 1003 3372; x_wconf 82' lang='lat' dir='ltr'><strong>vnum</strong></span> <span class='ocrx_word' id='word_1_170' title='bbox 1036 3306 1215 3373; x_wconf 88' lang='lat' dir='ltr'><strong>creth</strong></span> <span class='ocrx_word' id='word_1_171' title='bbox 1247 3304 1334 3371; x_wconf 90' lang='lat' dir='ltr'><strong>ad</strong></span> <span class='ocrx_word' id='word_1_172' title='bbox 1360 3305 1750 3389; x_wconf 86' lang='lat' dir='ltr'><strong>aquilonem,</strong></span> <span class='ocrx_word' id='word_1_173' title='bbox 1788 3310 1852 3370; x_wconf 90' lang='lat' dir='ltr'><strong>et</strong></span> <span class='ocrx_word' id='word_1_174' title='bbox 1883 3303 2183 3389; x_wconf 91' lang='lat' dir='ltr'><strong>peruenit</strong></span> <span class='ocrx_word' id='word_1_175' title='bbox 2215 3301 2303 3368; x_wconf 90' lang='lat' dir='ltr'><strong>ad</strong></span> <span class='ocrx_word' id='word_1_176' title='bbox 2322 3320 2520 3368; x_wconf 90' lang='lat' dir='ltr'><strong>unam</strong></span> <span class='ocrx_word' id='word_1_177' title='bbox 2542 3301 2840 3369; x_wconf 84' lang='lat' dir='ltr'><strong>arborem</strong></span> <span class='ocrx_word' id='word_1_178' title='bbox 2871 3304 3065 3371; x_wconf 78' lang='lat' dir='ltr'><strong>vlmis</strong></span> 
     </span>
     <span class='ocr_line' id='line_1_25' title="bbox 804 3409 3065 3498; baseline -0 -19"><span class='ocrx_word' id='word_1_179' title='bbox 804 3419 1109 3483; x_wconf 76' lang='lat' dir='ltr'><strong>vocatam</strong></span> <span class='ocrx_word' id='word_1_180' title='bbox 1139 3413 1227 3479; x_wconf 89' lang='lat' dir='ltr'><strong>ad</strong></span> <span class='ocrx_word' id='word_1_181' title='bbox 1260 3433 1455 3479; x_wconf 90' lang='lat' dir='ltr'><strong>unum</strong></span> <span class='ocrx_word' id='word_1_182' title='bbox 1490 3431 1766 3497; x_wconf 88' lang='lat' dir='ltr'><strong>paruum</strong></span> <span class='ocrx_word' id='word_1_183' title='bbox 1797 3412 2096 3496; x_wconf 84' lang='lat' dir='ltr'><strong>riuulum‚</strong></span> <span class='ocrx_word' id='word_1_184' title='bbox 2151 3431 2267 3498; x_wconf 88' lang='lat' dir='ltr'><strong>per</strong></span> <span class='ocrx_word' id='word_1_185' title='bbox 2297 3430 2488 3495; x_wconf 89' lang='lat' dir='ltr'><strong>quem</strong></span> <span class='ocrx_word' id='word_1_186' title='bbox 2521 3409 2734 3477; x_wconf 87' lang='lat' dir='ltr'><strong>tendit</strong></span> <span class='ocrx_word' id='word_1_187' title='bbox 2764 3412 3065 3498; x_wconf 89' lang='lat' dir='ltr'><strong>superius</strong></span> 
     </span>
     <span class='ocr_line' id='line_1_26' title="bbox 807 3517 3066 3608; baseline -0.001 -20"><span class='ocrx_word' id='word_1_188' title='bbox 807 3524 1008 3608; x_wconf 83' lang='lat' dir='ltr'><strong>longo</strong></span> <span class='ocrx_word' id='word_1_189' title='bbox 1044 3520 1268 3607; x_wconf 87' lang='lat' dir='ltr'><strong>spacio</strong></span> <span class='ocrx_word' id='word_1_190' title='bbox 1290 3525 1355 3587; x_wconf 91' lang='lat' dir='ltr'><strong>et</strong></span> <span class='ocrx_word' id='word_1_191' title='bbox 1372 3520 1672 3607; x_wconf 87' lang='lat' dir='ltr'><strong>peruenit</strong></span> <span class='ocrx_word' id='word_1_192' title='bbox 1693 3519 1782 3585; x_wconf 91' lang='lat' dir='ltr'><strong>ad</strong></span> <span class='ocrx_word' id='word_1_193' title='bbox 1814 3520 1988 3586; x_wconf 89' lang='lat' dir='ltr'><strong>uiam</strong></span> <span class='ocrx_word' id='word_1_194' title='bbox 2009 3517 2090 3585; x_wconf 91' lang='lat' dir='ltr'><strong>de</strong></span> <span class='ocrx_word' id='word_1_195' title='bbox 2111 3518 2539 3586; x_wconf 87' lang='lat' dir='ltr'><strong>Koztaiuicha</strong></span> <span class='ocrx_word' id='word_1_196' title='bbox 2572 3518 2661 3585; x_wconf 86' lang='lat' dir='ltr'><strong>ad</strong></span> <span class='ocrx_word' id='word_1_197' title='bbox 2697 3518 3066 3585; x_wconf 88' lang='lat' dir='ltr'><strong>Dubicham</strong></span> 
     </span>
     <span class='ocr_line' id='line_1_27' title="bbox 803 3625 3067 3712; baseline -0.001 -18"><span class='ocrx_word' id='word_1_198' title='bbox 803 3629 1196 3712; x_wconf 79' lang='lat' dir='ltr'><strong>venientem,</strong></span> <span class='ocrx_word' id='word_1_199' title='bbox 1249 3628 1362 3695; x_wconf 87' lang='lat' dir='ltr'><strong>vbi</strong></span> <span class='ocrx_word' id='word_1_200' title='bbox 1393 3633 1527 3694; x_wconf 86' lang='lat' dir='ltr'><strong>stat</strong></span> <span class='ocrx_word' id='word_1_201' title='bbox 1557 3629 1755 3695; x_wconf 82' lang='lat' dir='ltr'><strong>arbor</strong></span> <span class='ocrx_word' id='word_1_202' title='bbox 1808 3628 2088 3712; x_wconf 81' lang='lat' dir='ltr'><strong>grabor3</strong></span> <span class='ocrx_word' id='word_1_203' title='bbox 2127 3628 2281 3695; x_wconf 87' lang='lat' dir='ltr'><strong>inde</strong></span> <span class='ocrx_word' id='word_1_204' title='bbox 2314 3625 2612 3695; x_wconf 84' lang='lat' dir='ltr'><strong>aseendit</strong></span> <span class='ocrx_word' id='word_1_205' title='bbox 2662 3627 2751 3693; x_wconf 90' lang='lat' dir='ltr'><strong>ad</strong></span> <span class='ocrx_word' id='word_1_206' title='bbox 2780 3634 3067 3696; x_wconf 88' lang='lat' dir='ltr'><strong>montem</strong></span> 
     </span>
     <span class='ocr_line' id='line_1_28' title="bbox 804 3734 3065 3824; baseline -0.001 -19"><span class='ocrx_word' id='word_1_207' title='bbox 804 3758 921 3824; x_wconf 89' lang='lat' dir='ltr'><strong>per</strong></span> <span class='ocrx_word' id='word_1_208' title='bbox 957 3735 1130 3804; x_wconf 88' lang='lat' dir='ltr'><strong>uiam</strong></span> <span class='ocrx_word' id='word_1_209' title='bbox 1165 3734 1253 3802; x_wconf 83' lang='lat' dir='ltr'><strong>ad</strong></span> <span class='ocrx_word' id='word_1_210' title='bbox 1303 3735 1469 3802; x_wconf 85' lang='lat' dir='ltr'><strong>duas</strong></span> <span class='ocrx_word' id='word_1_211' title='bbox 1522 3736 1790 3805; x_wconf 85' lang='lat' dir='ltr'><strong>arbores</strong></span> <span class='ocrx_word' id='word_1_212' title='bbox 1821 3756 2119 3821; x_wconf 89' lang='lat' dir='ltr'><strong>quereus,</strong></span> <span class='ocrx_word' id='word_1_213' title='bbox 2173 3734 2283 3801; x_wconf 87' lang='lat' dir='ltr'><strong>vbi</strong></span> <span class='ocrx_word' id='word_1_214' title='bbox 2315 3743 2447 3802; x_wconf 85' lang='lat' dir='ltr'><strong>stat</strong></span> <span class='ocrx_word' id='word_1_215' title='bbox 2493 3735 2701 3824; x_wconf 86' lang='lat' dir='ltr'><strong>prima</strong></span> <span class='ocrx_word' id='word_1_216' title='bbox 2741 3742 2918 3804; x_wconf 85' lang='lat' dir='ltr'><strong>meta</strong></span> <span class='ocrx_word' id='word_1_217' title='bbox 2949 3735 3065 3802; x_wconf 87' lang='lat' dir='ltr'><strong>cir-</strong></span> 
     </span>
     <span class='ocr_line' id='line_1_29' title="bbox 807 3842 3063 3930; baseline -0 -19"><span class='ocrx_word' id='word_1_218' title='bbox 807 3843 1122 3930; x_wconf 83' lang='lat' dir='ltr'><strong>cumfusa,</strong></span> <span class='ocrx_word' id='word_1_219' title='bbox 1175 3843 1269 3910; x_wconf 90' lang='lat' dir='ltr'><strong>ibi</strong></span> <span class='ocrx_word' id='word_1_220' title='bbox 1302 3843 1812 3911; x_wconf 88' lang='lat' dir='ltr'><strong>conterminatur</strong></span> <span class='ocrx_word' id='word_1_221' title='bbox 1858 3851 2031 3910; x_wconf 88' lang='lat' dir='ltr'><strong>terre</strong></span> <span class='ocrx_word' id='word_1_222' title='bbox 2065 3849 2240 3909; x_wconf 85' lang='lat' dir='ltr'><strong>terra</strong></span> <span class='ocrx_word' id='word_1_223' title='bbox 2272 3842 2545 3928; x_wconf 83' lang='lat' dir='ltr'><strong>Thadey</strong></span> <span class='ocrx_word' id='word_1_224' title='bbox 2577 3843 2891 3911; x_wconf 81' lang='lat' dir='ltr'><strong>antedicti</strong></span> <span class='ocrx_word' id='word_1_225' title='bbox 2922 3863 3063 3912; x_wconf 85' lang='lat' dir='ltr'><strong>ver-</strong></span> 
     </span>
     <span class='ocr_line' id='line_1_30' title="bbox 803 3950 3067 4039; baseline 0.001 -22"><span class='ocrx_word' id='word_1_226' title='bbox 803 3971 916 4019; x_wconf 89' lang='lat' dir='ltr'><strong>sus</strong></span> <span class='ocrx_word' id='word_1_227' title='bbox 949 3950 1386 4036; x_wconf 86' lang='lat' dir='ltr'><strong>occidentem;</strong></span> <span class='ocrx_word' id='word_1_228' title='bbox 1424 3950 1660 4020; x_wconf 90' lang='lat' dir='ltr'><strong>deinde</strong></span> <span class='ocrx_word' id='word_1_229' title='bbox 1696 3951 1903 4019; x_wconf 87' lang='lat' dir='ltr'><strong>tendit</strong></span> <span class='ocrx_word' id='word_1_230' title='bbox 1919 3972 2037 4039; x_wconf 85' lang='lat' dir='ltr'><strong>per</strong></span> <span class='ocrx_word' id='word_1_231' title='bbox 2072 3951 2247 4018; x_wconf 88' lang='lat' dir='ltr'><strong>uiam</strong></span> <span class='ocrx_word' id='word_1_232' title='bbox 2280 3971 2586 4037; x_wconf 81' lang='lat' dir='ltr'><strong>magnam</strong></span> <span class='ocrx_word' id='word_1_233' title='bbox 2609 3971 2724 4038; x_wconf 88' lang='lat' dir='ltr'><strong>sep</strong></span> <span class='ocrx_word' id='word_1_234' title='bbox 2758 3960 3067 4019; x_wconf 82' lang='lat' dir='ltr'><strong>vocatam</strong></span> 
     </span>
     <span class='ocr_line' id='line_1_31' title="bbox 803 4060 3068 4147; baseline 0 -22"><span class='ocrx_word' id='word_1_235' title='bbox 803 4060 1002 4145; x_wconf 85' lang='lat' dir='ltr'><strong>longo</strong></span> <span class='ocrx_word' id='word_1_236' title='bbox 1033 4061 1258 4147; x_wconf 87' lang='lat' dir='ltr'><strong>spacio</strong></span> <span class='ocrx_word' id='word_1_237' title='bbox 1290 4081 1406 4147; x_wconf 89' lang='lat' dir='ltr'><strong>per</strong></span> <span class='ocrx_word' id='word_1_238' title='bbox 1441 4067 1669 4146; x_wconf 88' lang='lat' dir='ltr'><strong>metas,</strong></span> <span class='ocrx_word' id='word_1_239' title='bbox 1723 4070 1788 4128; x_wconf 92' lang='lat' dir='ltr'><strong>et</strong></span> <span class='ocrx_word' id='word_1_240' title='bbox 1818 4061 2114 4147; x_wconf 89' lang='lat' dir='ltr'><strong>peruenit</strong></span> <span class='ocrx_word' id='word_1_241' title='bbox 2149 4060 2235 4128; x_wconf 83' lang='lat' dir='ltr'><strong>ad</strong></span> <span class='ocrx_word' id='word_1_242' title='bbox 2266 4060 2460 4128; x_wconf 90' lang='lat' dir='ltr'><strong>finem</strong></span> <span class='ocrx_word' id='word_1_243' title='bbox 2499 4062 2688 4128; x_wconf 84' lang='lat' dir='ltr'><strong>vuius</strong></span> <span class='ocrx_word' id='word_1_244' title='bbox 2727 4062 3068 4129; x_wconf 89' lang='lat' dir='ltr'><strong>monticuli</strong></span> 
     </span>
     <span class='ocr_line' id='line_1_32' title="bbox 802 4167 3066 4257; baseline 0 -21"><span class='ocrx_word' id='word_1_245' title='bbox 802 4167 890 4236; x_wconf 87' lang='lat' dir='ltr'><strong>ad</strong></span> <span class='ocrx_word' id='word_1_246' title='bbox 920 4167 1084 4236; x_wconf 89' lang='lat' dir='ltr'><strong>duas</strong></span> <span class='ocrx_word' id='word_1_247' title='bbox 1139 4175 1384 4255; x_wconf 82' lang='lat' dir='ltr'><strong>metas3</strong></span> <span class='ocrx_word' id='word_1_248' title='bbox 1437 4168 1588 4237; x_wconf 87' lang='lat' dir='ltr'><strong>inde</strong></span> <span class='ocrx_word' id='word_1_249' title='bbox 1621 4169 1908 4237; x_wconf 88' lang='lat' dir='ltr'><strong>declinat</strong></span> <span class='ocrx_word' id='word_1_250' title='bbox 1937 4190 2054 4256; x_wconf 88' lang='lat' dir='ltr'><strong>per</strong></span> <span class='ocrx_word' id='word_1_251' title='bbox 2106 4189 2303 4237; x_wconf 90' lang='lat' dir='ltr'><strong>unam</strong></span> <span class='ocrx_word' id='word_1_252' title='bbox 2341 4167 2511 4257; x_wconf 78' lang='lat' dir='ltr'><strong>(igy)</strong></span> <span class='ocrx_word' id='word_1_253' title='bbox 2566 4170 2800 4237; x_wconf 92' lang='lat' dir='ltr'><strong>collem</strong></span> <span class='ocrx_word' id='word_1_254' title='bbox 2834 4190 3066 4237; x_wconf 83' lang='lat' dir='ltr'><strong>versus</strong></span> 
     </span>
     <span class='ocr_line' id='line_1_33' title="bbox 801 4273 3067 4365; baseline 0.001 -24"><span class='ocrx_word' id='word_1_255' title='bbox 801 4273 887 4341; x_wconf 86' lang='lat' dir='ltr'><strong>ad</strong></span> <span class='ocrx_word' id='word_1_256' title='bbox 921 4276 1451 4362; x_wconf 87' lang='lat' dir='ltr'><strong>septemtrionem</strong></span> <span class='ocrx_word' id='word_1_257' title='bbox 1500 4297 1616 4365; x_wconf 88' lang='lat' dir='ltr'><strong>per</strong></span> <span class='ocrx_word' id='word_1_258' title='bbox 1653 4285 1860 4346; x_wconf 88' lang='lat' dir='ltr'><strong>metas</strong></span> <span class='ocrx_word' id='word_1_259' title='bbox 1893 4277 2065 4347; x_wconf 85' lang='lat' dir='ltr'><strong>bona</strong></span> <span class='ocrx_word' id='word_1_260' title='bbox 2095 4278 2483 4363; x_wconf 86' lang='lat' dir='ltr'><strong>quantitate,</strong></span> <span class='ocrx_word' id='word_1_261' title='bbox 2532 4286 2598 4345; x_wconf 89' lang='lat' dir='ltr'><strong>et</strong></span> <span class='ocrx_word' id='word_1_262' title='bbox 2627 4279 2930 4364; x_wconf 83' lang='lat' dir='ltr'><strong>peruenit</strong></span> <span class='ocrx_word' id='word_1_263' title='bbox 2974 4279 3067 4344; x_wconf 87' lang='lat' dir='ltr'><strong>ad</strong></span> 
     </span>
     <span class='ocr_line' id='line_1_34' title="bbox 802 4384 3066 4472; baseline 0.002 -22"><span class='ocrx_word' id='word_1_264' title='bbox 802 4384 1105 4451; x_wconf 87' lang='lat' dir='ltr'><strong>arborem</strong></span> <span class='ocrx_word' id='word_1_265' title='bbox 1156 4386 1392 4467; x_wconf 85' lang='lat' dir='ltr'><strong>cerasi,</strong></span> <span class='ocrx_word' id='word_1_266' title='bbox 1445 4385 1554 4452; x_wconf 81' lang='lat' dir='ltr'><strong>vbi</strong></span> <span class='ocrx_word' id='word_1_267' title='bbox 1586 4391 1861 4454; x_wconf 82' lang='lat' dir='ltr'><strong>uocatur</strong></span> <span class='ocrx_word' id='word_1_268' title='bbox 1910 4386 2374 4472; x_wconf 83' lang='lat' dir='ltr'><strong>gradinouech,</strong></span> <span class='ocrx_word' id='word_1_269' title='bbox 2426 4385 2523 4452; x_wconf 86' lang='lat' dir='ltr'><strong>ibi</strong></span> <span class='ocrx_word' id='word_1_270' title='bbox 2570 4385 2746 4453; x_wconf 89' lang='lat' dir='ltr'><strong>idem</strong></span> <span class='ocrx_word' id='word_1_271' title='bbox 2798 4384 3066 4454; x_wconf 87' lang='lat' dir='ltr'><strong>Tadeus</strong></span> 
     </span>
    </p>
   </div>
   <div class='ocr_carea' id='block_1_6' title="bbox 677 4493 3061 4580">
    <p class='ocr_par' dir='ltr' id='par_1_6' title="bbox 677 4493 3061 4580">
     <span class='ocr_line' id='line_1_35' title="bbox 677 4493 3061 4580; baseline 0.003 -23"><span class='ocrx_word' id='word_1_272' title='bbox 677 4557 688 4569; x_wconf 78' lang='grc'>,</span> <span class='ocrx_word' id='word_1_273' title='bbox 801 4500 1224 4561; x_wconf 86' lang='lat' dir='ltr'><strong>commetatur</strong></span> <span class='ocrx_word' id='word_1_274' title='bbox 1256 4514 1484 4563; x_wconf 89' lang='lat' dir='ltr'><strong>uersus</strong></span> <span class='ocrx_word' id='word_1_275' title='bbox 1516 4493 1954 4580; x_wconf 81' lang='lat' dir='ltr'><strong>occidentem3</strong></span> <span class='ocrx_word' id='word_1_276' title='bbox 2010 4496 2203 4562; x_wconf 89' lang='lat' dir='ltr'><strong>abinc</strong></span> <span class='ocrx_word' id='word_1_277' title='bbox 2234 4496 2580 4564; x_wconf 86' lang='lat' dir='ltr'><strong>reuertitur</strong></span> <span class='ocrx_word' id='word_1_278' title='bbox 2609 4494 2697 4562; x_wconf 86' lang='lat' dir='ltr'><strong>ad</strong></span> <span class='ocrx_word' id='word_1_279' title='bbox 2741 4495 3061 4564; x_wconf 86' lang='lat' dir='ltr'><strong>orientem</strong></span> 
     </span>
    </p>
   </div>
   <div class='ocr_carea' id='block_1_7' title="bbox 801 4599 3066 4691">
    <p class='ocr_par' dir='ltr' id='par_1_7' title="bbox 801 4599 3066 4691">
     <span class='ocr_line' id='line_1_36' title="bbox 801 4599 3066 4691; baseline 0.001 -24"><span class='ocrx_word' id='word_1_280' title='bbox 801 4599 986 4667; x_wconf 81' lang='lat' dir='ltr'><strong>vadit</strong></span> <span class='ocrx_word' id='word_1_281' title='bbox 1017 4620 1135 4688; x_wconf 92' lang='lat' dir='ltr'><strong>per</strong></span> <span class='ocrx_word' id='word_1_282' title='bbox 1167 4609 1396 4689; x_wconf 79' lang='lat' dir='ltr'><strong>metas,</strong></span> <span class='ocrx_word' id='word_1_283' title='bbox 1447 4610 1510 4670; x_wconf 90' lang='lat' dir='ltr'><strong>et</strong></span> <span class='ocrx_word' id='word_1_284' title='bbox 1542 4602 1843 4691; x_wconf 88' lang='lat' dir='ltr'><strong>peruenit</strong></span> <span class='ocrx_word' id='word_1_285' title='bbox 1874 4602 1959 4670; x_wconf 88' lang='lat' dir='ltr'><strong>ad</strong></span> <span class='ocrx_word' id='word_1_286' title='bbox 1993 4605 2290 4672; x_wconf 84' lang='lat' dir='ltr'><strong>arborem</strong></span> <span class='ocrx_word' id='word_1_287' title='bbox 2322 4604 2535 4691; x_wconf 74' lang='lat' dir='ltr'><strong>vlmis,</strong></span> <span class='ocrx_word' id='word_1_288' title='bbox 2583 4603 2695 4671; x_wconf 85' lang='lat' dir='ltr'><strong>vbi</strong></span> <span class='ocrx_word' id='word_1_289' title='bbox 2734 4612 2913 4672; x_wconf 80' lang='lat' dir='ltr'><strong>meta</strong></span> <span class='ocrx_word' id='word_1_290' title='bbox 2943 4605 3066 4671; x_wconf 80' lang='lat' dir='ltr'><strong>eir-</strong></span> 
     </span>
    </p>
   </div>
  </div>
 </body>
</html>
