3359 5250
1435 359 1557 425 167

356 573 629 623 suorum
663 575 1115 640 possessorum
1162 555 1254 624 ad
1282 577 1512 625 manus
1542 558 1787 644 Regias
1817 556 2094 625 fuissent
2138 554 2463 641 deuolute,
2496 576 2617 624 nos

351 682 471 730 eas
504 662 856 733 karissimo
886 665 1077 732 fratri
1096 672 1318 736 nostro
1340 666 1697 735 Colomano
1720 667 1887 751 Regi
1918 672 1986 733 et
2004 663 2170 733 Duci
2206 665 2416 733 tocius
2438 665 2616 732 Sela·

346 771 546 840 uonie
566 772 861 859 pijssime
878 775 1359 845 recordacionis
1381 775 1902 860 contulissemus,
1924 774 2244 860 quasdam
2264 794 2421 841 uero
2443 772 2615 840 idem

343 880 510 965 Rex,
543 901 711 966 quas
733 881 1090 968 empcionis
1122 883 1313 952 titulo
1336 881 1744 970 possederat,
1786 881 1893 950 uel
1923 882 2096 949 alias
2127 900 2388 965 quoquo
2419 877 2615 948 modo

342 987 518 1054 insto
551 987 744 1056 modo
775 990 866 1057 ad
887 989 1162 1058 eundem
1196 989 1614 1077 deuenerant,
1637 991 1767 1058 sibi
1797 991 1995 1078 pleno
2035 989 2101 1058 e't
2129 994 2444 1076 perpetuo
2473 988 2615 1056 iure

349 1116 495 1164 cum
528 1097 833 1165 omnibus
880 1100 1173 1185 ipsarum
1204 1100 1624 1187 pertinencijs
1676 1098 2070 1166 conferendo
2109 1097 2180 1164 in
2227 1101 2614 1183 perpetuum

344 1204 807 1291 possidendae,
841 1207 929 1273 ad
959 1208 1349 1295 peticionem
1380 1209 1589 1296 ipsius
1621 1230 1700 1276 eo
1735 1216 2047 1294 tempore,
2097 1226 2244 1272 cum
2276 1211 2610 1291 assumpto

344 1314 539 1399 signo
592 1313 803 1382 crucis
834 1321 1063 1385 contra
1092 1316 1433 1384 Paterinos
1463 1315 1533 1382 in
1564 1316 1852 1384 Boznam
1901 1320 1968 1381 et
2012 1313 2078 1380 in
2126 1320 2369 1379 terram
2404 1314 2610 1379 Rame

344 1442 464 1509 pro
497 1422 762 1491 nomine
783 1423 1024 1492 Christi
1055 1424 1588 1511 proficisceretur,
1631 1427 2215 1506 confirmassemus,
2253 1430 2463 1489 terras
2485 1442 2612 1487 om-

347 1550 464 1598 nes
514 1531 895 1618 specialiter
942 1539 1010 1600 et
1038 1553 1157 1620 per
1210 1534 1506 1619 singulas
1558 1535 1625 1601 in
1656 1533 1895 1601 litteris
1945 1531 2187 1600 nostris
2236 1529 2611 1599 secrecioris

347 1639 556 1723 sigilli
588 1640 795 1707 nostri
825 1630 1201 1727 munimine,
1234 1661 1433 1709 auree
1462 1641 1772 1709 uidelicet
1802 1642 1980 1708 bulle
1999 1647 2218 1709 nostre
2248 1637 2609 1725 exprimen-

347 1753 469 1833 tes,
504 1767 672 1832 quas
693 1747 905 1816 eidem
927 1749 1339 1835 dederamus,
1370 1752 1487 1839 ita,
1522 1749 1697 1837 quod
1714 1771 1795 1817 ex
1831 1751 1996 1838 ipsis
2015 1747 2313 1818 omnibus
2335 1747 2607 1813 liberam

348 1853 630 1923 haberet
673 1856 1054 1925 facultatem
1104 1858 1515 1945 disponendi,
1566 1856 1966 1944 conferendi,
2015 1855 2299 1926 donandi
2350 1863 2417 1921 et
2461 1873 2613 1937 quo-

348 1982 604 2047 cunque
623 1964 814 2033 modo
845 1964 1180 2033 alienandi
1201 1966 1555 2033 secundum
1587 1985 1705 2033 sue
1725 1964 2204 2053 beneplacitum
2224 1961 2607 2045 voluntatis3

347 2071 608 2159 accidit,
640 2079 713 2140 vt
739 2073 1056 2158 Magister
1086 2072 1295 2161 Phyle
1324 2074 1705 2161 Propositus
1737 2071 2223 2159 Zagrabiensis,
2256 2075 2453 2152 atque
2481 2066 2609 2135 fra-

345 2184 475 2246 tres
527 2180 652 2267 sui,
703 2182 992 2251 Thomas
1023 2182 1257 2251 Comes
1302 2190 1369 2250 et
1404 2184 1656 2269 Petrus,
1708 2203 1829 2271 per
1864 2180 2297 2249 Bertramium
2339 2177 2607 2244 fratrem

348 2285 659 2371 Symonis
693 2289 966 2357 Comitis
1015 2290 1098 2357 de
1131 2290 1401 2376 Bayoch
1433 2289 1736 2358 maritum
1784 2288 2007 2356 uxoris
2059 2283 2387 2371 quondam
2430 2283 2610 2352 Salo-

346 2394 558 2463 monis
587 2397 758 2464 Bani
784 2398 1046 2484 nomine
1073 2398 1299 2469 uxoris
1328 2417 1467 2483 sue,
1500 2416 1698 2485 super
1727 2403 1906 2464 terra
1932 2392 2195 2482 Heyreh
2218 2401 2285 2460 et
2314 2392 2607 2460 eiusdem

347 2503 777 2591 pertineneijs
821 2506 891 2573 in
921 2510 1209 2573 nostram
1254 2504 1440 2573 fuere
1491 2504 1676 2572 citati
1727 2502 2172 2592 presenciam3
2206 2497 2319 2585 qui
2353 2497 2610 2566 nomine

348 2613 573 2682 uxoris
604 2632 725 2682 sue
771 2612 1053 2682 eandem
1084 2619 1326 2683 terram
1358 2614 1426 2682 in
1457 2613 1688 2684 ordine
1736 2611 1898 2681 iuris
1929 2632 2148 2680 coram
2190 2609 2377 2678 nobis
2405 2604 2610 2695 pecijt

350 2723 625 2808 restitui,
674 2743 976 2792 asserens
1005 2725 1219 2810 ipsam
1249 2731 1493 2792 terram
1525 2744 1672 2791 cum
1706 2724 1842 2791 suis
1874 2718 2291 2809 pertinencijs
2320 2739 2365 2784 a
2393 2717 2610 2803 priore

349 2830 583 2899 marito
633 2832 856 2898 uxoris
893 2851 1012 2898 sue
1048 2833 1256 2917 Botyz
1288 2830 1541 2900 Comite
1583 2830 1790 2900 fuisse
1838 2829 2184 2913 collatam3
2233 2844 2431 2912 super
2478 2843 2609 2908 qua

349 2938 711 3005 collacione
758 2938 1010 3007 litteras
1048 2939 1337 3025 Capituli
1367 2938 1694 3021 Albensis,
1735 2958 1862 3023 que
1908 2942 2126 3004 tamen
2157 2935 2405 3002 nullam
2435 2953 2608 3000 men·

349 3046 604 3115 cionem
652 3045 987 3115 faciebant
1034 3046 1118 3115 de
1167 3048 1344 3115 dicta
1384 3046 1748 3116 donacione
1796 3043 2191 3133 specialiter,
2240 3048 2307 3109 et
2352 3042 2607 3108 litteras

352 3153 640 3241 Capituli
671 3154 1074 3241 Bachyensis
1124 3156 1295 3223 alias
1328 3154 1641 3240 exhibuit,
1673 3173 1803 3237 que
1849 3151 1974 3218 etsi
2006 3149 2428 3233 mencionem,
2463 3167 2609 3215 con·

347 3264 682 3330 tinebatur
728 3269 949 3331 tamen
993 3264 1061 3330 in
1095 3261 1367 3349 eisdem,
1422 3263 1597 3348 quod
1645 3282 1775 3328 non
1825 3260 1892 3326 in
1942 3257 2287 3345 presencia
2323 3255 2610 3343 Capituli

351 3370 582 3458 ipsius,
616 3370 733 3438 sed
764 3391 983 3439 coram
1014 3391 1142 3440 uno
1174 3371 1614 3438 concanonico
1664 3370 1873 3456 ipsius
1906 3366 2192 3454 Capituli
2224 3365 2312 3432 ad
2348 3362 2608 3451 peticio-

350 3500 501 3547 nem
552 3479 764 3565 ipsius
800 3481 1007 3565 Batyz
1054 3479 1439 3549 transmisso
1488 3477 1684 3545 fuerit
1729 3478 1887 3546 talis
1934 3476 2113 3544 facta
2161 3474 2501 3542 confessio.
2553 3472 2610 3537 E

352 3594 583 3655 contra
612 3588 929 3672 Magister
958 3588 1171 3673 Phyle
1198 3586 1578 3674 Prepositus
1603 3584 2091 3673 Zagrabyensis
2138 3604 2255 3670 pro
2287 3602 2360 3650 se
2390 3588 2457 3648 et
2486 3580 2610 3647 fra·

349 3694 560 3762 tribus
590 3694 729 3762 suis
761 3694 1123 3780 respondit,
1172 3694 1348 3778 quod
1380 3695 1468 3761 ab
1518 3694 1614 3761 eis
1646 3692 1981 3760 restitucio
2031 3689 2166 3779 peti
2195 3709 2325 3756 non
2349 3686 2607 3771 debuit,

352 3825 497 3872 cum
550 3805 685 3871 iam
735 3802 913 3870 dicta
961 3809 1136 3870 terra
1181 3823 1329 3871 cum
1370 3805 1506 3871 suis
1555 3802 1982 3890 pertinencijs
2028 3820 2145 3887 per
2192 3798 2611 3866 karissimum

352 3913 620 3981 fratrem
658 3919 949 3981 nostrum
981 3911 1401 3981 Colomanem
1433 3910 1604 4002 (igy)
1634 3914 1882 3997 Regem
1916 3911 2296 3993 Ducemque
2341 3907 2410 3973 in
2441 3926 2612 3973 com-

351 4021 720 4089 mutacione
737 4019 1146 4106 qu‘arundam
1165 4027 1486 4089 terrarum
1504 4039 1789 4106 suarum,
1809 4023 2035 4106 utpote
2053 4036 2173 4104 pro
2192 4022 2385 4101 terra,
2413 4032 2611 4096 quam

353 4128 692 4197 habebant
720 4128 789 4194 in
820 4128 1094 4196 Wamus
1125 4126 1213 4195 ad
1244 4127 1480 4213 uiginti
1513 4134 1738 4194 aratra
1766 4126 2126 4193 donacione
2155 4121 2362 4209 ipsius
2389 4120 2613 4188 fratris

354 4237 582 4325 nostri,
617 4244 684 4305 et
712 4256 907 4326 super
938 4244 1113 4305 terra
1130 4237 1420 4324 Kyliani,
1457 4257 1651 4323 quam
1682 4234 2015 4303 habebant
2031 4231 2401 4320 empticiam
2429 4229 2614 4297 iuxta

224 4407 229 4410 ,
353 4345 672 4433 eandem,
736 4365 936 4433 super
985 4366 1116 4431 qua
1169 4346 1425 4414 litteras
1477 4344 1764 4433 Capituli
1817 4340 2158 4428 Agriensis
2212 4337 2386 4426 (lgy)
2437 4339 2614 4407 exhi-

353 4457 574 4540 buere,
627 4460 694 4521 et
721 4474 920 4540 super
969 4457 1148 4521 terra
1176 4453 1425 4538 Musch,
1481 4459 1547 4520 et
1583 4451 1838 4519 duabus
1888 4448 2097 4517 uineis
2145 4447 2444 4533 Farcasij
2493 4448 2613 4533 filij

357 4563 569 4632 Cebze
601 4563 670 4629 in
705 4560 1032 4630 Comitatu
1062 4563 1145 4630 de
1173 4563 1470 4646 Borona,
1514 4560 1690 4627 vnde
1721 4556 2015 4627 similiter
2043 4555 2299 4624 litteras
2327 4555 2613 4643 Capituli

357 4673 1076 4760 Quinqueecclesiensis
1110 4674 1483 4760 exhibuere,
1535 4672 1624 4742 ad
1655 4691 1770 4742 eos
1800 4669 1993 4739 suerit
2023 4666 2353 4739 deuoluta.
2407 4670 2613 4756 Super
