3359 5250
1391 386 1526 453 255

1385 974 1538 1045 178.

331 1158 451 1224 JV.
474 1159 633 1224 Be‘ea
661 1158 994 1247 kirazymk
1014 1128 1257 1225 Zolona
1289 1164 1446 1225 nemz
1483 1160 1750 1226 biv-what
1768 1164 2075 1248 tcto-wazo
2095 1162 2591 1251 adomnyzeseze

595 1268 803 1354 Fiilffip
834 1269 1101 1354 qurdbi
1122 1268 1366 1355 piispo‘k
1397 1273 1458 1333 ἐκ
1486 1268 1747 1334 rokonai
1775 1273 2086 1336 szdmdra.
2133 1268 2329 1336 1248.

548 1464 711 1532 Bela
762 1465 890 1532 Dei
937 1465 1167 1549 gracia
1202 1465 1558 1550 Hungarie,
1602 1467 1961 1554 Dalmacie,
2016 1466 2309 1554 Croacie,
2363 1471 2584 1555 Rame,

334 1573 581 1658 Seruie,
617 1573 915 1658 Gallicie,
937 1571 1344 1658 Lodomerie,
1370 1574 1812 1659 Cumanieque
1829 1577 1969 1643 Rex
1999 1577 2321 1644 vniuersis
2346 1576 2591 1644 Christi

337 1681 636 1749 fidelibus
686 1682 1092 1769 presencium
1144 1683 1453 1751 noticiam
1502 1682 1826 1751 habituris
1879 1685 2158 1752 salutem
2206 1685 2273 1751 in
2326 1704 2425 1769 eo,
2475 1684 2588 1769 qui

298 1790 622 1876 ‘Regibus
682 1789 796 1857 dat
856 1792 1154 1858 salutem.
1217 1790 1506 1857 Prouida
1555 1793 1807 1875 Regum
1857 1791 2359 1880 circumspeccio
2378 1846 2397 1880 ,
2465 1793 2588 1860 etsi

335 1899 585 1967 cunctis
617 1899 748 1966 sibi
794 1899 1262 1967 famulantibus
1314 1919 1387 1966 se
1419 1897 1727 1965 exhibeat
1765 1899 2124 1987 liberalem,
2178 1900 2463 1968 vberiori
2494 1906 2588 1966 ta-

338 2027 483 2074 men
538 2008 766 2093 gracia
815 2015 878 2075 et
929 2009 1232 2095 ampliori
1288 2007 1662 2095 prouisione
1711 2007 1843 2075 illis
1893 2017 2150 2076 tenetur
2195 2009 2588 2095 prospicere,

337 2137 612 2202 quorum
634 2118 1028 2202 obsequiosa
1060 2116 1342 2185 fidelitas
1375 2138 1417 2183 a
1449 2115 1586 2184 suis
1607 2117 2131 2204 progenitoribus
2165 2127 2355 2205 cepta
2386 2138 2590 2203 vsque

336 2231 404 2292 in
435 2224 863 2293 nouissimam
898 2227 1275 2312 progeniem
1299 2231 1397 2293 est
1427 2226 1568 2292 sine
1598 2224 2085 2312 interrupcione
2121 2227 2412 2310 qualibet
2442 2248 2588 2314 pro-

336 2343 604 2423 pagata.
656 2332 939 2402 Proinde
972 2333 1060 2402 ad
1092 2333 1540 2402 vniuersorum
1569 2338 1707 2399 tam
1740 2332 2146 2420 presencium
2197 2354 2392 2419 quam
2425 2334 2588 2402 sutu-

339 2465 556 2512 rorum
604 2442 916 2510 noticiam
966 2442 1197 2509 harum
1247 2443 1417 2510 serie
1466 2442 1763 2510 volumus
1809 2443 2185 2530 peruenire,
2248 2445 2420 2529 quod
2471 2464 2590 2510 nos

340 2572 659 2621 memores
721 2549 1010 2618 fidelium
1064 2559 1131 2617 et
1177 2550 1430 2618 vtilium
1484 2550 1905 2619 seruiciorum
1961 2550 2268 2619 Joachini
2320 2550 2590 2621 Comitis

339 2662 669 2746 quondam
731 2661 939 2748 patris
990 2659 1215 2728 dilecti
1262 2680 1342 2727 ac
1395 2660 1607 2728 fidelis
1669 2661 1873 2728 nostri
1922 2660 2321 2727 venerabilis
2383 2661 2588 2748 patris

339 2770 582 2857 Philipi
613 2769 1079 2856 Zagrabiensis
1113 2768 1442 2856 Episcopi,
1493 2769 1666 2855 patri
1697 2776 1918 2836 nostro
1955 2768 2335 2837 felicissime
2386 2789 2590 2837 recor-

341 2877 633 2947 dacionis
663 2875 926 2943 Andree
955 2877 1122 2962 Regi
1152 2876 1489 2964 Hungarie
1528 2877 1795 2962 Illustri,
1847 2876 2037 2944 nobis
2085 2897 2165 2943 ac
2213 2878 2334 2944 toti
2364 2880 2591 2963 Regno

341 2995 706 3076 opportune
754 3005 876 3054 nec
927 3007 1054 3055 non
1108 2986 1460 3053 multifarie
1507 2986 1950 3072 impensorum
1976 3037 1991 3065 ‚
2040 2987 2273 3053 intuitu
2322 3006 2593 3071 quorum

339 3104 513 3164 terra
545 3096 795 3165 Zolona
844 3102 1125 3182 excepta
1157 3094 1238 3161 de
1290 3101 1504 3163 castro
1538 3094 1918 3162 Zaladiensi
1963 3095 2029 3161 in
2063 3094 2414 3163 Sclauonia
2445 3116 2590 3162 cum

343 3205 643 3273 omnibus
693 3205 829 3270 suis
879 3202 1309 3290 pertinencijs
1344 3210 1408 3270 et
1439 3202 1834 3270 vtilitatibus
1870 3202 1931 3269 ei
1971 3202 2217 3271 collata
2265 3201 2479 3269 fuerat
2529 3211 2595 3269 et

341 3313 605 3400 donata,
641 3313 1231 3380 animaduertentes
1264 3311 1474 3378 eciam
1507 3317 1572 3378 et
1602 3310 1972 3379 memoriter
2002 3309 2375 3394 retinentes,
2418 3309 2594 3395 quod

342 3429 736 3490 memoratus
766 3421 1023 3508 Filipus
1054 3420 1422 3508 Episcopus
1472 3425 1536 3486 et
1580 3418 1784 3486 frater
1833 3420 2039 3506 ipsius
2069 3419 2359 3487 Thomas
2405 3419 2593 3488 nobis

344 3532 649 3599 continua
702 3530 1016 3597 fidelitate
1050 3550 1092 3595 a
1135 3528 1423 3616 puericie
1474 3548 1591 3595 sue
1641 3527 2043 3614 temporibus
2098 3527 2492 3613 adheserint,
2532 3534 2597 3594 et

343 3641 723 3709 multimoda
773 3640 1055 3708 seruicia
1101 3636 1577 3726 impenderint,
1629 3637 1989 3724 predictam
2049 3643 2292 3704 terram
2346 3638 2597 3704 Zolona

344 3758 684 3838 exceptam
737 3751 818 3818 de
869 3756 1082 3818 castro
1115 3748 1517 3835 Zaladiensi,
1568 3747 1634 3814 in
1688 3747 1870 3814 cuius
1921 3746 2130 3814 eciam
2179 3744 2596 3833 possessione

341 3881 510 3928 nunc
543 3861 850 3944 existunt,
903 3879 1045 3925 cum
1080 3858 1376 3926 omnibus
1429 3857 1563 3925 suis
1612 3854 2028 3944 pertinencijs
2078 3862 2141 3921 et
2182 3853 2594 3937 vtilitatibus‚

343 3976 531 4055 prout
581 3976 768 4056 pater
824 3966 1112 4054 ipsorum
1145 3988 1186 4033 a
1231 3972 1420 4054 patre
1467 3971 1691 4033 nostro
1743 3965 2118 4052 optinuerat
2167 3971 2233 4030 et
2281 3959 2595 4050 possedit,

341 4077 458 4145 sub
479 4078 728 4145 eisdem
748 4076 1042 4143 terminis
1076 4083 1141 4143 et
1172 4075 1361 4142 metis
1384 4072 1632 4141 eisdem
1662 4073 1965 4141 fidelibus
1986 4072 2228 4141 nostris
2249 4070 2595 4158 Episcop0,

342 4196 404 4255 et
432 4186 622 4254 fratri
674 4205 792 4255 suo
823 4185 1093 4272 Thome,
1150 4190 1214 4250 et
1246 4184 1544 4252 omnibus
1593 4181 1943 4250 heredibus
1992 4180 2431 4264 heredumque
2460 4198 2597 4246 suc·

342 4295 712 4364 cessoribus
770 4295 1161 4363 contulimus
1215 4299 1278 4360 et
1330 4291 1718 4362 conferimus
1768 4290 1906 4357 iure
1957 4291 2153 4376 pleno
2206 4287 2476 4375 pacifice
2534 4293 2598 4354 et

342 4405 562 4488 quiete
592 4405 661 4471 in
696 4410 1082 4493 perpetuum
1103 4402 1588 4491 possidendam,
1626 4408 1691 4468 et
1712 4400 2133 4469 collacionem
2155 4396 2364 4485 patris
2394 4396 2600 4465 nostri

340 4515 563 4580 inclite
594 4512 1097 4597 recordacionis,
1134 4510 1514 4580 collacionis
1548 4531 1589 4576 a
1621 4509 1812 4577 nobis
1840 4508 2014 4576 facte
2045 4506 2416 4576 testimonio
2449 4525 2596 4574 con-

338 4624 709 4706 firmamus3
745 4630 813 4689 vt
845 4622 1012 4689 sicut
1046 4642 1268 4689 eorum
1289 4620 1572 4688 fidelitas
1602 4619 1811 4706 patris
1830 4616 2131 4684 fidelitati
2152 4623 2251 4682 est
2271 4614 2597 4700 continua,

341 4730 433 4797 ita
465 4738 530 4797 et
563 4731 998 4816 perpetuitate
1053 4728 1491 4816 possessionis
1524 4727 1846 4795 continuis
1876 4731 1939 4792 et
1987 4724 2401 4811 sempiternis
2446 4729 2600 4790 tem·
