3359 5250
1828 410 1960 478 502

761 619 1027 705 proprio
1058 621 1124 682 et
1156 614 1577 695 ornamentiS,
1630 612 1824 677 sertis
1855 609 2167 674 videlicet
2200 607 2417 673 aureis
2450 610 2517 670 et
2558 601 2909 669 monilibus
2943 619 3028 665 ac

759 726 912 793 aliis
957 723 1151 790 rebus
1203 720 1520 809 preciosis
1571 740 1790 785 secum
1842 717 2100 801 allatis,
2165 719 2449 781 castrum
2503 711 2586 778 de
2635 715 3018 792 sumptuoso

759 831 917 898 fecit
963 849 1159 917 opere
1206 828 1511 911 construi,
1568 828 1654 892 ad
1687 826 1859 910 quod
1899 824 2311 889 necessitatis
2362 828 2655 908 tempore
2706 816 2902 882 vidue
2948 822 3018 880 ct

761 939 1061 1024 orphani,
1109 958 1188 1004 ac
1218 937 1335 1003 alii
1368 936 1780 1021 receptacula
1812 934 2080 1019 propria
2111 953 2240 998 non
2282 932 2620 1014 habentes,
2671 924 3025 1009 confugere

761 1045 1046 1129 valeant,
1083 1052 1147 1110 et
1178 1044 1264 1110 ab
1297 1042 1515 1111 hostili
1540 1042 1727 1108 rabie
1761 1049 2092 1125 tamquam
2125 1043 2192 1106 in
2230 1039 2423 1105 domo
2455 1035 2693 1121 refugii
2725 1053 2799 1099 se
2831 1031 3024 1097 tueri.

762 1153 900 1220 Nos
946 1154 1170 1238 itaque
1218 1149 1633 1220 considerata
1680 1146 2139 1234 magnitudine
2191 1153 2604 1234 sumptuum,
2657 1162 2822 1229 quos
2872 1143 3027 1225 ipsa

764 1281 1032 1332 consors
1079 1268 1304 1330 nostra
1336 1259 1420 1328 de
1467 1280 1584 1327 suo
1616 1260 1879 1345 proprio
1909 1258 1979 1323 in
2011 1276 2207 1341 opere
2258 1256 2461 1323 castri
2493 1253 2740 1320 fecerat
2791 1268 3024 1316 memo-

766 1371 915 1455 rati,
948 1370 1165 1455 ipsum
1198 1374 1500 1453 castrum,
1554 1386 1700 1434 cum
1732 1367 2057 1434 Comitatu
2092 1372 2159 1431 et
2191 1364 2511 1430 Districtu
2545 1360 2626 1427 de
2662 1360 2877 1442 Pelys,
2933 1357 3029 1422 ei—

769 1475 939 1562 dem,
991 1477 1163 1543 sicut
1190 1477 1405 1544 locum
1436 1474 1736 1561 primitus
1784 1490 2333 1554 concesseramus,
2385 1469 2704 1552 dedimus,
2756 1463 3030 1532 tradidi·

773 1603 916 1651 mus
966 1590 1033 1650 et
1062 1585 1456 1653 contulimus
1505 1582 1887 1650 donacionis
1938 1581 2130 1649 titulo
2173 1585 2488 1667 perpetuo
2536 1575 2856 1659 valiture3
2908 1574 3031 1639 illa

774 1695 1058 1761 maxime
1076 1691 1627 1776 consideracione,
1661 1691 1836 1775 quod
1856 1710 2000 1756 cum
2020 1692 2169 1776 ipsa
2190 1687 2454 1756 domina
2473 1685 2726 1769 Regina
2759 1703 3031 1749 consors

775 1806 1001 1869 nostra
1032 1802 1493 1870 monasterium
1543 1798 1871 1884 quoddam
1904 1801 1973 1865 in
2004 1799 2226 1865 insula
2255 1796 2547 1862 Danubii
2585 1793 2673 1860 ad
2722 1793 3031 1861 honorem

774 1910 1205 1976 construxerit
1247 1911 1540 1995 Virginis
1588 1908 1909 1994 Gloriose,
1966 1928 2086 1974 nos
2143 1907 2310 1975 sicut
2359 1926 2443 1973 ex
2496 1904 2651 1970 aliis
2703 1902 2895 1968 nobis
2947 1922 3029 1968 ex

775 2017 1021 2084 Divina
1050 2018 1345 2104 elargitis
1376 2018 1604 2101 gracia
1636 2016 1972 2084 dominum
2005 2018 2387 2099 largitorem
2429 2014 2715 2081 omnium
2747 2009 3029 2078 intendi·

778 2144 922 2193 mus
954 2126 1110 2192 totis
1158 2124 1505 2191 affectibus
1551 2124 1893 2208 honorare,
1946 2124 2042 2190 sic
2074 2122 2282 2188 eciam
2315 2120 2724 2186 oblacionem
2775 2126 3031 2205 gratam

778 2235 902 2300 Dei
933 2233 1090 2319 filio,
1125 2238 1192 2298 et
1223 2232 1431 2317 ipsius
1465 2229 1779 2298 Genitrici
1813 2231 1896 2297 dc
1931 2232 2174 2298 nostris
2206 2230 2438 2297 offerre
2470 2229 2696 2296 liberis
2728 2235 3031 2309 satagen-

775 2347 896 2424 tes,
947 2338 1278 2407 dominam
1311 2340 1753 2423 Margaretam
1784 2338 1988 2406 filiam
2017 2345 2312 2405 nostram
2360 2339 2427 2404 in
2457 2339 2603 2425 ipso
2634 2336 3031 2406 monasterio

777 2448 1114 2532 posuimus
1161 2449 1230 2514 in
1280 2468 1398 2514 suo
1449 2452 1775 2534 perpetuo
1816 2455 2128 2535 perpetue
2165 2449 2407 2531 virgini
2459 2448 2876 2514 servituram.
2926 2442 3034 2509 Ad

778 2572 977 2638 quam
1025 2573 1171 2620 cum
1219 2555 1496 2642 plurime
1527 2555 1818 2642 virgines
1869 2557 1950 2623 de
1978 2556 2308 2625 Baronum
2340 2562 2405 2622 et
2435 2554 2773 2622 Nobilium
2822 2553 3031 2638 Regni

780 2662 1117 2747 Huugarie
1166 2661 1429 2730 filiabus
1481 2662 1568 2731 ad
1618 2662 2023 2732 laudandum
2073 2666 2319 2749 Regem
2369 2664 2711 2749 celestem,
2775 2668 2841 2729 et
2890 2660 3032 2728 eius

780 2775 1074 2856 matrem,
1126 2770 1196 2838 in
1244 2771 1386 2858 ipso
1436 2771 1834 2839 monasterio
1885 2772 2140 2839 circiter
2202 2772 2642 2840 centenarium
2692 2789 3032 2838 numerum

783 2877 1271 2963 convenissent,
1336 2880 1495 2965 quia
1543 2879 1881 2947 formidari
1930 2888 2229 2967 poterat,
2294 2900 2378 2948 ne
2428 2880 2725 2967 personis
2788 2878 3032 2946 talibus

779 2993 1011 3057 sancta
1057 2986 1477 3075 simplicitate
1525 2988 1965 3073 gaudentibus
2012 2990 2284 3076 periculi
2336 2996 2624 3077 tempore
2663 2988 2806 3057 siue
2843 2987 3035 3055 domo

776 3095 1013 3183 refugii
1063 3095 1393 3164 derelictis
1442 3096 1703 3166 hostilis
1735 3097 1955 3166 rabies
1993 3106 2280 3185 noceret,
2333 3102 2650 3182 volumus,
2704 3106 2777 3166 ut
2806 3096 3036 3165 eedem

781 3205 1119 3292 ingruente
1148 3205 1559 3272 necessitatis
1608 3213 1901 3294 tempore
1933 3207 2000 3274 iu
2031 3209 2176 3294 ipso
2227 3214 2444 3276 castro
2474 3208 2763 3293 recipere
2811 3225 2885 3275 se
2921 3225 3035 3271 va·

779 3314 979 3393 leant,
1012 3318 1078 3379 et
1107 3312 1177 3380 in
1208 3315 1560 3382 secretario
1592 3314 1803 3401 ipsius
1836 3316 2033 3384 castri
2068 3317 2210 3384 sine
2241 3317 2717 3385 intermissione
2754 3314 3035 3383 Domino

783 3420 1211 3506 famulentur3
1264 3421 1640 3510 adicientes,
1671 3429 1744 3491 ut
1771 3424 1921 3511 ipsa
1952 3426 2217 3493 domina
2246 3425 2502 3510 Regina
2536 3424 2896 3512 predictum
2933 3444 3037 3491 ca·

781 3536 987 3597 strum
1019 3529 1161 3597 sine
1191 3530 1671 3617 inquietacione
1723 3532 2015 3618 qualibet
2045 3533 2383 3620 possidere
2414 3533 2638 3600 valeat
2671 3539 2738 3599 et
2769 3532 3038 3601 habere.

781 3637 1186 3724 Iniungimus
1238 3640 1447 3707 eciam
1498 3638 1647 3707 filiis
1697 3640 1937 3708 nostris
1969 3641 2092 3708 sub
2141 3641 2675 3709 interminacione
2730 3637 3038 3708 maledic·

781 3745 990 3814 cionis
1022 3751 1310 3834 paterne,
1361 3752 1433 3815 ut
1461 3746 1824 3834 predictam
1871 3748 2294 3817 donacionem
2342 3757 2629 3818 nostram
2682 3749 3038 3836 infringere

781 3873 911 3921 non
942 3854 1247 3941 audeant,
1299 3857 1404 3924 vel
1435 3857 1813 3941 aliqualiter
1844 3859 2247 3945 perturbare,
2302 3860 2361 3926 si
2392 3859 2884 3945 ingratitudinis
2928 3880 3041 3926 no·

780 3969 919 4028 tam
939 3959 1239 4048 evadere,
1274 3963 1382 4031 vel
1411 3985 1650 4052 penam
1671 3965 1962 4034 eiusdem
2001 3967 2290 4053 effugere
2308 3967 2653 4053 voluerint,
2675 3968 2778 4035 vel
2805 3967 3038 4034 vitare.

782 4071 866 4135 Et
895 4075 967 4135 ut
996 4068 1209 4136 libera
1242 4069 1589 4140 ordinandi
1621 4082 1685 4140 et
1718 4075 2103 4160 disponendi
2136 4076 2217 4143 de
2246 4077 2388 4162 ipso
2421 4081 2636 4144 castro
2670 4082 3039 4144 constructo

782 4174 864 4243 de
912 4174 1196 4263 propriis
1245 4177 1435 4244 bonis
1484 4199 1684 4265 penes
1732 4183 1945 4268 ipsam
1996 4183 2327 4253 dominam
2371 4183 2692 4269 Reginam
2738 4190 3039 4270 potestas

781 4293 1119 4352 remaneat
1151 4290 1215 4351 et
1246 4284 1550 4369 facultas,
1596 4291 1941 4358 statuimus
1974 4290 2354 4359 ordinantes
2390 4292 2472 4359 dc
2503 4291 2775 4359 consilio
2814 4293 3039 4358 Prela·

780 4400 994 4461 torum
1043 4398 1108 4458 et
1155 4394 1484 4462 Baronum
1531 4397 1739 4482 Regni
1791 4402 2016 4484 nostri,
2072 4408 2142 4468 ut
2190 4399 2404 4486 ipsum
2455 4404 2742 4466 castrum
2792 4400 2903 4466 uni
2953 4421 3040 4466 ex

782 4499 1007 4568 liberis
1054 4500 1319 4587 nostris,
1369 4503 1479 4586 qui
1511 4522 1630 4569 sue
1677 4506 1892 4588 magis
1946 4505 2296 4573 obsecutus
2346 4507 2542 4573 fuerit
2583 4506 2926 4591 voluntati,
2969 4508 3038 4574 in

782 4607 924 4673 vita
973 4605 1219 4675 donare
1249 4608 1355 4677 vel
1386 4609 1454 4676 in
1503 4617 1710 4679 morte
1760 4612 1984 4697 legare
2016 4613 2256 4697 valeat,
2312 4620 2504 4699 prout
2551 4632 2668 4680 sue
2715 4611 3043 4698 placuerit
3158 4605 3173 4616 ⁶

784 4712 1126 4783 voluntati.
1180 4714 1268 4783 Ut
1298 4718 1501 4801 igitur
1549 4719 1740 4786 huius
1791 4729 2013 4790 nostre
2052 4721 2433 4790 donacionis
2482 4741 2564 4790 ex
2597 4726 2731 4788 tam
2781 4718 3037 4805 piarum
