3359 5250
1933 348 2063 415 268

852 540 1286 613 celebrandis.
1339 543 1533 613 Unde
1563 563 1713 611 cum
1761 543 1899 612 illis
1932 543 2241 614 efficiaris
2293 546 2666 632 conformis,
2721 554 2786 615 et
2834 547 2903 614 in
2950 556 3134 616 terre

847 649 1407 736 consuetudinem,
1428 650 1497 716 in
1518 669 1650 735 qua
1669 651 1975 720 consistis
1996 651 2383 739 Episcopus,
2406 653 2707 739 imiteris3
2741 654 3132 723 celebrandi

851 759 1097 826 Diuina
1128 757 1483 825 secundum
1502 757 1744 824 dictam
1772 759 2058 826 litteram
2088 780 2131 826 a
2163 761 2355 828 nobis
2380 761 2766 849 suppliciter
2784 762 3133 832 licentiam

852 868 1223 954 postulasti.
1244 866 1382 934 Nos
1401 865 1601 952 igitur
1623 865 2053 953 attendentes,
2076 866 2252 954 quod
2272 887 2486 936 sermo
2507 868 2623 954 rei,
2645 875 2713 937 et
2731 892 2862 939 non
2888 891 2993 939 res
3018 879 3128 938 est

849 975 1132 1042 sermoni
1163 972 1479 1057 subiecta,
1513 973 1849 1040 licentiam
1866 974 1987 1042 tibi
2017 975 2084 1041 in
2116 975 2248 1042 illis
2281 976 2625 1044 dumtaxat
2643 979 2960 1064 partibus,
2995 980 3123 1046 ubi

848 1081 934 1149 de
984 1080 1456 1149 consuetudine
1504 1081 1936 1149 obseruantur
1985 1082 2329 1168 premissa,
2381 1082 2732 1153 dummodo
2787 1087 3115 1155 sententia

848 1210 931 1256 ex
962 1188 1170 1274 ipsius
1201 1188 1521 1255 varietate
1552 1188 1770 1258 littere
1795 1211 1925 1258 non
1958 1190 2235 1275 ledatur,
2283 1191 2673 1260 auctoritate
2704 1194 3114 1280 presentium

848 1295 1262 1365 concedimus
1314 1297 1733 1381 postulatam.
1786 1298 1970 1364 Nulli
2003 1319 2159 1386 ergo
2213 1299 2473 1367 omnino
2524 1300 2856 1368 hominum
2912 1301 3117 1368 liceat

844 1404 1014 1471 hauc
1045 1403 1358 1491 paginam
1392 1408 1612 1471 nostre
1652 1406 2095 1474 concessionis
2126 1406 2498 1492 infringere,
2552 1414 2667 1475 aut
2696 1408 2759 1477 ei
2796 1427 2964 1475 ausu
3016 1415 3109 1474 te·

844 1511 1120 1579 merario
1154 1512 1495 1579 contraire.
1546 1512 1617 1577 Si
1650 1512 1796 1596 quis
1844 1522 2064 1581 autem
2096 1515 2221 1584 hoc
2252 1521 2648 1602 attemptare
2696 1536 3105 1603 presumpse-

842 1618 927 1684 rit
944 1668 964 1706 ,
1014 1615 1533 1702 indignationem
1589 1617 2070 1705 Omnipotentis
2120 1621 2247 1688 Dei
2295 1628 2363 1688 et
2411 1622 2764 1691 Beatorum
2814 1623 2992 1689 Petri
3042 1631 3109 1690 et

840 1726 1030 1793 Pauli
1061 1726 1521 1812 Apostolorum
1571 1726 1714 1794 eius
1745 1747 1820 1795 se
1852 1730 2108 1797 nouerit
2157 1729 2583 1798 incursurum.
2633 1733 2878 1798 Datum
2930 1733 3101 1816 Lug-

839 1834 996 1901 duni
1027 1835 1139 1901 111.
1174 1835 1499 1904 kalendas
1533 1834 1804 1922 Aprilis,
1844 1837 2271 1905 Pontificatus
2302 1839 2506 1907 nostri
2540 1859 2712 1908 anno
2744 1839 2989 1924 quinto.

838 2031 1112 2096 (Theiner,
1138 2034 1338 2085 Vetera
1365 2036 1720 2087 Monumenta
1744 2034 2032 2087 Slavorum
2059 2035 2496 2089 Meridionalium
2517 2038 2795 2090 historiam
2822 2035 3101 2089 illustran-

1701 2124 1796 2183 tia,
1844 2127 1885 2175 Ι.
1914 2127 2032 2176 kot.
2061 2128 2143 2177 78.
2171 2126 2230 2193 1.)

1880 2873 2033 2940 187.

931 3051 980 3116 I
989 3051 1055 3115 V.
1088 3050 1267 3118 [ποτε
1291 3058 1470 3140 pa'pa
1515 3052 1711 3139 Uym'n
1742 3053 2012 3139 spalatoi
2040 3053 2317 3119 e'rseknek
2347 3078 2387 3120 a
2409 3057 2745 3141 pallia-mot
2775 3054 2971 3120 haldi„

1859 3161 2055 3227 1248.

1036 3355 1451 3423 Innocentius
1498 3354 1867 3443 Episcopus
1918 3376 2145 3425 seruus
2176 3377 2512 3427 seruorum
2562 3357 2688 3425 Dei
2715 3359 3085 3426 venerabili

818 3458 1005 3529 fratri
1037 3464 1117 3528 D.
1152 3462 1477 3549 Episcopo
1509 3463 1947 3532 Scardonensi
1979 3465 2259 3532 salutem
2292 3473 2360 3534 et
2406 3466 2853 3552 Apostolicam
2886 3467 3079 3535 bene·

814 3568 1191 3639 dictionem.
1244 3570 1405 3638 Cum
1443 3571 1737 3658 pallium,
1790 3572 2049 3657 insigne
2095 3572 2402 3642 videlicet
2433 3573 2831 3661 episcopalis
2881 3573 3081 3642 officii

810 3675 1042 3743 fnisset
1078 3697 1120 3744 a
1151 3677 1339 3746 nobis
1372 3698 1454 3745 ex
1486 3684 1674 3766 parte
1726 3678 1951 3746 dilecti
1983 3679 2099 3747 filii
2132 3680 2210 3749 U.
2244 3680 2451 3748 Electi
2486 3680 2898 3767 Spalatensis
2930 3700 3077 3748 cum

811 3783 1132 3853 instantia
1163 3787 1585 3874 postulatum,
1637 3807 1761 3856 nos
1795 3790 1934 3856 eius
1966 3788 2557 3875 supplicationibus
2591 3793 2952 3856 annuentes
2983 3790 3079 3876 ip·

808 3910 955 3959 sum
988 3892 1071 3960 de
1124 3913 1396 3980 corpore
1445 3896 1634 3963 Beati
1666 3896 1845 3964 Petri
1895 3903 2223 3983 sumptum
2260 3897 2389 3965 sibi
2438 3896 2910 3981 assignandum
2962 3915 3111 3983 per.

807 4005 873 4066 te
923 3997 1226 4069 duximus
1276 4001 1758 4071 destinandum.
1809 4001 2100 4089 Ideoque
2129 4003 2526 4072 fraternitati
2578 4009 2689 4070 tue
2731 4023 2849 4090 per
2902 4003 3079 4088 Apo·

801 4105 1039 4173 stolica
1069 4108 1320 4194 scripta
1351 4110 1759 4195 mandamus,
1801 4117 2123 4196 quatenus
2156 4111 2319 4178 illud
2351 4112 2412 4179 ei
2445 4110 2747 4195 assignes
2779 4110 2902 4177 sub
2944 4111 3075 4178 for-

807 4233 935 4297 ma,
987 4232 1183 4298 quam
1222 4214 1338 4283 tibi
1372 4217 1495 4284 sub
1545 4217 1731 4285 bulla
1760 4224 1988 4287 nostra
2038 4217 2349 4285 mittimus
2397 4217 2834 4301 interclusam,
2887 4224 2954 4283 et
2985 4218 3072 4282 ab

802 4319 948 4407 ipso
979 4322 1240 4391 nomine
1270 4331 1494 4391 nostro
1526 4333 1592 4392 et
1625 4328 1919 4394 Romane
1950 4326 2246 4393 Ecclesie
2279 4324 2400 4392 sub
2430 4325 2657 4407 forma,
2715 4343 2913 4408 quam
2946 4325 3070 4392 sub

796 4428 1032 4496 eadem
1083 4430 1266 4497 bulla
1318 4431 1438 4499 tibi
1489 4431 1853 4518 dirigimus,
1904 4432 2241 4501 fidelitatis
2272 4434 2558 4521 recipias
2598 4433 3065 4519 Jnramentum.

797 4535 1104 4604 Formam
1133 4544 1353 4605 autem
1397 4538 1774 4624 juramenti,
1825 4537 2002 4624 quod
2048 4541 2192 4627 ipse
2223 4540 2565 4627 prestabit,
2615 4540 2699 4607 de
2728 4540 2927 4606 verbo
2979 4540 3068 4606 ad

797 4643 1064 4712 verbum
1099 4645 1286 4715 nobis
1317 4666 1436 4733 per
1465 4647 1765 4732 eJusdem
1820 4656 2122 4735 patentes
2155 4649 2407 4717 litteras
2438 4649 2561 4717 sub
2592 4647 2814 4736 sigillo
2844 4647 3067 4732 signa-
