3359 5250
1996 347 2121 418 190

917 539 1021 610 vcl
1072 540 1273 610 debiti
1324 542 1718 611 exsoluatur.
1768 544 1874 612 Ad
1922 546 2046 612 hoc
2092 546 2388 613 volumus
2421 553 2486 613 et
2516 543 2947 632 concedimus,
3003 546 3185 630 quod

918 651 1163 718 nemini
1212 657 1400 718 extra
1448 671 1665 719 muros
1717 651 2024 722 Ciuitatis
2055 653 2122 721 in
2155 653 2383 739 aliqua
2427 673 2632 723 causa
2663 653 3056 742 respondere
3088 663 3184 722 te-

916 765 1210 846 neantur,
1261 757 1380 828 sed
1426 761 1795 847 quicunque
1827 782 1973 829 cum
2006 762 2171 851 ipsis
2203 782 2400 848 agere
2430 762 2727 850 voluerit,
2760 782 2978 831 coram
3010 766 3184 850 ipso·

916 890 1056 939 rum
1087 871 1320 940 Judice
1351 870 1614 939 eosdem
1646 872 2019 958 conueniat,
2059 870 2412 941 secundum
2444 873 2978 942 consuetudinem
3009 873 3184 958 ipso-

913 999 1055 1049 rum
1086 978 1400 1049 hactenus
1424 980 1862 1050 obseruatam.
1897 980 2178 1050 Obsides
2210 981 2410 1051 etiam
2441 985 2526 1053 ab
2552 982 2717 1070 ipsis
2751 1003 2879 1050 non
2911 981 3183 1070 recipie-

913 1109 1075 1176 mus,
1111 1108 1257 1157 cum
1287 1108 1548 1178 semper
1596 1110 1679 1156 ex
1710 1095 1898 1178 parte
1945 1090 2281 1159 fidelitatis
2333 1089 2717 1175 exstiterint,
2751 1098 2819 1159 et
2848 1089 3177 1176 existant3

913 1196 1034 1267 sed
1080 1197 1149 1265 in
1199 1205 1425 1268 nostra
1479 1196 1677 1266 Curia
1721 1200 1966 1267 seruire
1997 1199 2361 1268 volentibus
2391 1198 2806 1288 stipendium,
2839 1199 3032 1267 sicuti
3065 1217 3179 1265 no·

909 1307 1062 1375 stris
1088 1307 1560 1395 impendemus,
1613 1313 1680 1374 et
1711 1304 2007 1374 morandi
2042 1308 2151 1375 vel
2176 1306 2575 1394 discedendi,
2609 1328 2750 1377 cum
2784 1308 2880 1377 eis
2913 1307 3170 1396 placue-

906 1418 1010 1503 rit,
1043 1417 1319 1486 liberam
1349 1416 1641 1484 habeant
1671 1414 2068 1502 facultatem,
2108 1417 2485 1502 nullumque
2518 1435 2713 1504 super
2740 1419 2866 1484 hoc
2895 1416 2994 1485 eis
3027 1436 3173 1504 gra-

906 1545 1139 1595 uamen
1159 1526 1267 1594 vel
1286 1525 1590 1595 molestia
1619 1524 1954 1594 inferatur.
1989 1525 2062 1593 Si
2082 1535 2299 1596 autem
2335 1527 2574 1614 aliquis
2602 1527 2896 1615 ipsorum
2924 1525 3168 1594 ciuium

904 1635 1173 1721 negotia
1219 1634 1287 1702 in
1335 1639 1510 1701 terra
1547 1653 1666 1702 seu
1696 1633 1862 1703 mari
1893 1634 2272 1721 exercuerit,
2320 1635 2570 1704 nullum
2601 1634 2940 1723 persoluat
2968 1633 3169 1722 peda·

905 1745 1102 1832 gium,
1138 1743 1515 1828 nullumque
1561 1742 1874 1814 tributum
1928 1743 2201 1812 reddere
2232 1749 2550 1812 teneatur.
2586 1745 2788 1812 Porro
2819 1742 3029 1830 siquis
3060 1762 3166 1810 ex·

901 1862 1167 1922 traneus
1199 1853 1280 1921 de
1297 1855 1524 1937 Regno
1554 1859 1778 1921 nostro
1810 1854 1917 1920 vel
1950 1852 2214 1920 aliunde
2245 1872 2390 1921 cum
2428 1872 2650 1939 uxore,
2682 1852 2837 1938 filiis
2869 1857 2938 1919 et
2965 1851 3163 1918 bonis

893 1964 1052 2048 suis,
1084 1967 1347 2052 propter
1378 1959 1898 2048 indignationem
1928 1962 2208 2047 Regiam
2238 1968 2467 2030 contra
2495 1962 2712 2051 ipsum
2745 1969 3044 2029 exortam
3079 1960 3164 2028 ad

892 2078 1316 2142 memoratam
1365 2069 1712 2140 ciuitatem
1762 2070 2149 2157 confugerit,
2200 2071 2476 2139 liberum
2507 2071 2593 2140 sit
2641 2070 2894 2138 ciuibus
2942 2069 3160 2156 ipsum

896 2189 1233 2270 receptare
1251 2234 1268 2269 ‚
1333 2199 1608 2266 eumque
1657 2178 1830 2246 infra
1888 2179 2175 2267 spatium
2237 2185 2489 2269 septem
2552 2180 2803 2248 dierum
2851 2180 3157 2264 retinere,

897 2296 1047 2378 post
1077 2308 1240 2376 quos
1273 2290 1330 2358 si
1359 2288 1637 2374 gratiam
1659 2288 1940 2374 Regiam
1973 2287 2267 2358 obtinere
2296 2288 2557 2358 interim
2587 2288 2974 2376 nequiuerit,
3011 2308 3158 2354 cum

896 2398 1220 2467 uniuersis
1268 2398 1461 2466 rebus
1511 2396 1650 2465 suis
1701 2396 1885 2465 abire
1947 2396 2152 2465 libere
2202 2397 2631 2486 permittatur.
2694 2398 3055 2465 Praeterea
3104 2397 3160 2464 si

899 2506 1044 2593 quis
1095 2526 1177 2574 ex
1224 2505 1481 2574 ciuibus
1529 2505 1738 2593 ipsius
1769 2503 2074 2573 Ciuitatis
2116 2506 2250 2574 alio
2312 2507 2409 2574 ire
2471 2504 2752 2576 voluerit
2814 2525 3021 2573 causa
3058 2504 3152 2571 in·

898 2615 994 2685 ibi
1040 2613 1504 2702 commorandi,
1552 2635 1780 2683 secure
1826 2635 1973 2683 cum
2019 2634 2243 2704 uxore,
2287 2614 2465 2703 filijs,
2515 2613 2790 2703 familia,
2841 2621 2910 2683 et
2951 2615 3156 2684 omni-

900 2727 1023 2794 bus
1053 2727 1246 2794 rebus
1266 2725 1425 2811 suis,
1457 2743 1842 2812 quocunque
1875 2725 2002 2792 sibi
2024 2726 2365 2813 placuerit,
2398 2726 2495 2794 ire
2526 2724 2798 2812 pacifice
2826 2725 3157 2813 permitta-

899 2843 1026 2903 tur.
1059 2834 1165 2900 Ad
1193 2835 1317 2903 hoc
1346 2834 1656 2905 terminos
1687 2833 2002 2920 territorij
2035 2839 2099 2902 et
2130 2835 2613 2922 possessionum
2646 2835 3018 2903 antedictae
3049 2831 3154 2899 Ci-

899 2943 1143 3028 uitatis,
1177 2943 1344 3011 sicut
1371 2943 1439 3010 in
1460 2948 1942 3011 antecessorum
1961 2948 2328 3011 nostrorum
2360 2942 2727 3031 priuilegijs
2745 2942 3156 3030 inspeximus

897 3052 1230 3140 contineri,
1282 3050 1735 3139 praesentibus
1764 3051 2066 3120 duximus
2110 3049 2514 3138 inserendos,
2546 3058 2614 3119 et
2638 3052 2885 3139 pariter
2927 3052 3158 3119 confir-

896 3161 1205 3248 mandos3
1257 3160 1351 3228 ita
1382 3166 1454 3229 ut
1489 3181 1531 3229 a
1581 3160 1948 3249 columpna,
2000 3178 2171 3245 quae
2219 3167 2321 3229 est
2350 3161 2480 3235 sub,
2504 3161 2783 3248 Costrog
2822 3160 3155 3245 quondam

897 3271 1067 3337 inter
1110 3269 1291 3356 ipsos
1320 3269 1499 3338 ciues
1531 3274 1599 3336 et
1624 3269 2074 3356 Spallatenses
2116 3269 2265 3355 sita,
2320 3274 2422 3337 est
2470 3289 2587 3356 pro
2636 3267 2911 3337 termino
2941 3287 3155 3352 usque

898 3377 987 3446 ad
1014 3375 1265 3462 villam,
1296 3370 1465 3462 quae
1486 3375 1873 3463 Smoguicze
1902 3385 2334 3465 nuncupatur,
2366 3377 2585 3447 nullus
2616 3376 2876 3447 omnino
2910 3374 3156 3443 audeat

898 3488 1078 3576 ipsos
1111 3486 1495 3574 inquietare,
1527 3502 1649 3553 nec
1679 3484 1737 3554 si
1778 3485 1952 3554 intra
1969 3492 2359 3555 memoratos
2394 3486 2704 3555 terminos
2733 3484 2974 3570 aliquis
3006 3483 3152 3552 iure

898 3595 1291 3664 hereditario
1342 3593 1822 3682 possessionem
1854 3594 2174 3684 habuerit,
2224 3595 2394 3663 sicut
2421 3592 2630 3664 decet.
2675 3595 2963 3665 Nomina
2993 3613 3154 3662 vcro

896 3705 1199 3772 villarum
1228 3723 1345 3773 seu
1395 3704 1703 3792 locorum,
1750 3724 1921 3789 quae
1950 3704 2123 3773 intra
2154 3712 2704 3794 praememoratos
2736 3704 3051 3773 terminos
3081 3703 3153 3770 in

897 3813 1426 3903 possessionibus
1457 3812 1697 3883 totiens
1736 3811 1952 3882 dictae
1982 3813 2392 3900 Tragurinae
2423 3812 2727 3883 Ciuitatis
2774 3812 2844 3880 in
2876 3811 3151 3901 praede-

899 3943 1233 3992 cessorum
1262 3930 1632 3991 nostrorum
1664 3922 2030 4010 priuilegijs
2075 3922 2538 4011 exprimuntur,
2587 3929 2743 3991 sunt
2770 3922 2976 3990 haec:
3024 3922 3158 3988 Mo—

896 4030 1253 4098 nasterium
1272 4028 1495 4098 Sancti
1513 4029 1689 4098 Petri
1723 4028 1805 4098 de
1825 4028 2151 4099 Olobouzo
2172 4051 2317 4099 cum
2337 4029 2748 4119 pertinentiis
2778 4029 2917 4098 suis
2939 4053 2956 4117 3
2988 4029 3158 4097 villa

894 4140 1101 4227 Biacy
1133 4160 1278 4207 cum
1308 4145 1445 4209 toto
1476 4138 1804 4207 territorio
1836 4158 1991 4224 suo;
2042 4145 2108 4206 et
2153 4138 2454 4209 Ecclesia
2481 4139 2704 4208 Sancti
2737 4137 2975 4206 Vitalis
3005 4159 3156 4206 cum

893 4247 1215 4317 territorio
1246 4267 1403 4335 suo;
1434 4247 1736 4317 Ecclesia
1765 4248 1988 4317 Sancti
2021 4245 2287 4334 Georgij
2322 4268 2467 4317 cum
2499 4245 2821 4317 territorio
2857 4267 3004 4332 suo;
3037 4267 3158 4333 pa·

893 4378 1054 4426 scua
1084 4358 1327 4445 Biuulij
1359 4377 1506 4426 cnm
1534 4358 1838 4427 omnibus
1885 4358 2299 4446 pertinentijs
2331 4359 2506 4446 suis;
2541 4378 2810 4447 campus
2839 4355 3157 4442 Tragurij

894 4488 1039 4535 cum
1091 4467 1264 4535 omni
1312 4466 1580 4535 introitu
1626 4475 1694 4536 et
1721 4468 1902 4536 exitu
1935 4486 2094 4554 suo;
2145 4472 2350 4535 totum
2379 4467 2765 4537 Mezolinum
2817 4486 2960 4533 cum
3014 4485 3153 4533 om·

894 4575 1083 4643 nibus
1134 4574 1658 4662 circumstantijs,
1708 4574 1888 4661 agris
1912 4625 1929 4660 ,
1981 4575 2310 4642 montibus
2360 4581 2428 4642 et
2473 4575 2757 4643 vallibus
2804 4591 3012 4657 usque
3065 4571 3160 4639 ad

892 4684 1238 4769 Smoquice
1265 4686 1564 4772 superius
1596 4689 2037 4753 memoratum.
2073 4681 2291 4767 Siquis
2313 4689 2530 4752 autem
2569 4702 2766 4771 super
2794 4678 3153 4751 antedictis
