3359 5250
1378 453 1405 457 „
1440 353 1605 457 „3¹2
1654 453 1690 458 -‚

1451 929 1607 997 139.
1628 1025 1649 1054 ρ

406 1100 528 1169 IV.
562 1099 746 1170 Incze
771 1111 947 1192 pa'pa
967 1131 1008 1171 a
1036 1109 1336 1193 yalicziai
1350 1109 1683 1197 kirdlynak
1711 1113 1935 1178 kefcete't
1954 1115 2218 1200 ajdnlja,
2248 1118 2335 1182 leit
2354 1142 2393 1181 α
2426 1118 2666 1184 tata'rok

490 1213 849 1299 ira‘nydban
881 1217 1230 1281 tana‘cscsal
1257 1221 1320 1280 ἐς
1350 1221 1711 1304 seqe'tseyqel
1740 1225 2181 1306 tcimoqattatni
2207 1223 2330 1287 ἢέν.
2377 1224 2572 1291 1216.

620 1409 1039 1478 Innocentius
1062 1411 1429 1499 Episcopus
1459 1432 1693 1482 seruus
1726 1436 2061 1485 seruorum
2082 1419 2208 1485 Dei
2246 1419 2487 1488 dilecto
2518 1422 2655 1489 filio

404 1515 649 1584 Joanni
686 1515 781 1606 (?)
815 1518 1061 1587 Illustri
1093 1522 1258 1606 Regi
1290 1523 1525 1592 Russie
1576 1524 1856 1592 salutem
1889 1532 1955 1593 et
1987 1526 2435 1613 Apostolicam
2466 1531 2657 1597 bene-

405 1622 778 1693 dictionem.
812 1627 972 1695 Oum
1005 1628 1062 1696 is
1094 1629 1207 1713 qui
1239 1630 1596 1702 secundum
1626 1652 1747 1712 sue
1775 1634 2315 1720 omnipotentiam
2356 1637 2658 1704 Maiesta-

405 1734 490 1801 tis
520 1753 642 1800 nec
690 1734 834 1803 loco
884 1742 1105 1822 potest
1151 1757 1272 1805 nec
1311 1744 1606 1826 tempore
1654 1740 2136 1828 comprehendi,
2196 1749 2419 1830 utpote
2468 1745 2656 1811 incir-

407 1844 944 1928 cumscriptibilis
975 1851 1041 1913 et
1073 1846 1447 1933 immensae,
1499 1847 1759 1916 stabilis
1797 1871 2066 1918 manens
2117 1850 2232 1918 dat
2263 1862 2497 1921 cuncta
2527 1875 2658 1922 mo-

408 1952 565 2039 veri,
618 1952 821 2020 faciat
872 1952 1141 2039 spiritus
1189 1975 1343 2023 suos
1393 1959 1671 2042 angelos
1722 1966 1788 2026 et
1835 1959 2189 2045 ministros,
2248 1963 2660 2049 celorumque

410 2060 758 2128 altitudine
790 2062 1110 2129 inclinata
1140 2082 1403 2131 carnem
1443 2085 1781 2135 assumens
1810 2068 2164 2136 humanam
2202 2090 2320 2155 pro
2354 2091 2450 2157 eo,
2484 2073 2660 2156 quod

407 2169 647 2237 delicie
678 2190 799 2238 sue
833 2176 982 2238 sunt
1013 2191 1160 2239 esse
1191 2191 1336 2240 cum
1370 2172 1526 2258 filijs
1561 2174 1908 2260 hominum,
1944 2176 2300 2263 discipulos
2338 2200 2501 2264 quos
2531 2182 2658 2247 ele·

408 2286 595 2363 gerat
626 2279 695 2348 in
725 2280 1034 2347 mnndum
1065 2279 1492 2351 destinaverit
1511 2283 1907 2369 universum,
1940 2290 2015 2352 ut
2045 2285 2221 2354 omni
2241 2287 2659 2372 predicarent

408 2388 820 2474 evangelium
871 2396 1187 2478 creature,
1221 2410 1339 2458 suo
1373 2411 1494 2459 nos
1543 2391 1855 2459 instruxit
1901 2393 2223 2479 exemplo,
2278 2401 2348 2461 ut
2378 2395 2519 2463 eius
2560 2417 2657 2464 se·

409 2506 685 2580 quentes
717 2496 1019 2583 vestigia,
1072 2518 1217 2566 cum
1250 2498 1572 2585 assumpti
1605 2519 1830 2568 sumus
1860 2501 1931 2567 in
1977 2500 2448 2588 plenitudinem
2481 2513 2657 2590 pote-

409 2604 621 2693 statis,
671 2623 794 2674 nec
849 2627 967 2693 per
1016 2605 1198 2694 ipsos
1251 2606 1579 2694 possimus
1632 2607 1912 2695 singulis
1961 2608 2245 2695 negotiis
2299 2610 2656 2699 imminere,

409 2714 575 2782 inter
624 2733 761 2800 eos,
814 2734 977 2798 quos
1030 2713 1096 2781 iu
1148 2720 1402 2800 partem
1452 2715 1919 2784 sollicitudinis
1971 2717 2407 2803 evocavimus,
2459 2739 2659 2788 onera

408 2824 594 2907 quasi
624 2820 853 2890 Jethro
888 2822 989 2890 usi
1023 2823 1320 2909 consili0,
1355 2823 1727 2891 dividamus
1762 2825 2109 2909 unicuique
2146 2825 2501 2894 secundum
2532 2829 2656 2895 vir-

406 2938 608 2998 tutem
628 2930 980 3016 propriam,
1013 2948 1141 3014 que
1160 2931 1364 2998 variis
1387 2931 1789 3019 temporibus
1810 2932 2167 3019 imminent,
2201 2936 2654 3004 commitendo.

408 3041 580 3106 Sane
610 3058 757 3106 cum
790 3038 860 3104 in
891 3038 1189 3125 partibus
1223 3040 1434 3125 Regni
1466 3039 1560 3106 tui
1591 3060 1809 3108 mores
1847 3046 1913 3107 et
1944 3040 2105 3107 ritus
2139 3039 2515 3128 Grecorum,
2549 3043 2658 3128 qui

408 3145 860 3233 superstitiose
891 3165 972 3212 ac
1022 3145 1533 3233 dampnabiliter
1562 3146 1647 3214 ab
1678 3148 1932 3214 unitate
1970 3147 2423 3214 ecclesiastica
2453 3168 2656 3217 reces-

404 3257 645 3340 serunt,
699 3251 963 3320 fuerunt
998 3253 1315 3320 hactenus
1345 3273 1475 3320 non
1524 3253 1667 3321 sine
1699 3254 2062 3320 animarum
2106 3253 2411 3339 periculis
2445 3256 2658 3323 obser-

406 3362 563 3448 vati,
599 3369 666 3428 et
695 3381 904 3448 nuper
937 3361 1156 3448 gratia
1187 3360 1450 3428 favente
1488 3361 1753 3448 Divina,
1793 3360 2162 3428 illuminata
2193 3361 2429 3429 fuerint
2459 3361 2660 3429 corda

406 3478 648 3553 vestra,
702 3475 775 3535 ut
806 3475 1350 3555 recognoscentes
1400 3470 1761 3537 Romanam
1793 3470 2159 3537 Ecclesiam
2198 3476 2467 3538 matrem
2497 3469 2657 3538 alia-

410 3597 547 3643 rum
581 3576 868 3645 omnium
902 3584 966 3644 et
996 3576 1401 3663 magistram,
1437 3597 1516 3644 ac
1547 3578 1879 3645 Summum
1913 3578 2293 3644 Pontificem
2332 3598 2660 3646 successo·

409 3706 546 3753 rem
576 3684 779 3772 Petri,
834 3684 938 3751 cui
971 3684 1212 3751 collate
1263 3691 1413 3752 sunt
1463 3686 1682 3751 claves
1720 3684 1933 3769 Regni
1967 3684 2244 3752 Celestis
2297 3685 2546 3770 ligandi
2598 3692 2663 3753 et

407 3791 711 3861 solvendi
744 3798 810 3859 et
837 3792 997 3859 Jesu
1033 3792 1276 3859 Christi
1306 3793 1641 3861 Vicarium
1672 3812 1822 3860 esse
1854 3800 2090 3878 caput3
2132 3793 2287 3878 quia
2318 3814 2463 3860 cum
2492 3814 2661 3861 uuus

406 3900 494 3967 sit
537 3901 879 3987 Dominus,
929 3922 1063 3969 una
1106 3901 1295 3987 fides,
1346 3921 1543 3967 unum
1597 3900 1948 3988 baptisma,
1999 3921 2193 3968 unum
2244 3902 2655 3988 principium,

409 4029 605 4076 unum
638 4028 874 4097 corpus
904 4009 1198 4077 Ecclesie
1230 4008 1615 4094 militantis;
1657 4028 1896 4095 corpus
1929 4028 2073 4075 cum
2107 4008 2405 4093 pluribus
2435 4009 2662 4093 capiti-

407 4119 528 4185 bus
580 4124 1082 4205 monstruosum,
1137 4124 1203 4185 ct
1250 4119 1396 4185 sine
1446 4118 1660 4205 capite
1694 4116 2085 4204 acephalum
2136 4124 2525 4202 censeretur,
2578 4115 2665 4182 ad

405 4227 816 4295 devotionem
838 4231 903 4293 et
934 4225 1375 4295 obedientiam
1402 4225 1779 4313 Apostolice
1816 4223 2010 4292 Sedis
2031 4231 2097 4290 et
2116 4230 2407 4291 nostram
2428 4224 2662 4309 redire,

409 4334 579 4400 sicut
608 4333 1001 4420 acecpimus,
1033 4334 1392 4420 affectetis3
1427 4354 1545 4400 nos
1578 4334 1641 4400 ei
1670 4337 2096 4418 assurgentes
2129 4331 2197 4397 in
2230 4331 2514 4416 laudem,
2547 4332 2657 4417 qui

411 4443 635 4512 oculos
664 4441 874 4509 'l'obie
902 4462 1024 4529 per
1055 4442 1361 4510 collinum
1397 4461 1479 4507 ex
1511 4439 1665 4508 felle
1704 4440 1907 4528 piscis
1937 4439 2308 4507 illuminare
2349 4437 2662 4523 dignatus

407 4559 527 4639 est,
582 4557 651 4619 et
680 4549 938 4637 aperire
988 4551 1211 4619 oculos
1243 4551 1379 4617 ceci
1431 4550 1589 4635 nati,
1643 4568 1724 4615 ac
1774 4547 2143 4616 exultantes
2198 4567 2342 4615 cum
2394 4546 2666 4614 muliere

407 4660 742 4745 dragmam
776 4678 903 4743 que
922 4659 1211 4744 perierat
1232 4659 1574 4741 reinvenit,
1610 4658 2047 4724 venerabilem
2077 4655 2338 4768 fratrem
2373 4662 2662 4722 nostrum

2229 4777 2251 4826 1
2271 4774 2304 4827 4
2317 4775 2340 4805 ¹⁸
