3359 5250
1413 361 1547 438 415

361 564 596 656 iugera
624 575 942 637 terrarum
972 574 1039 636 et
1071 569 1356 636 fenetum
1389 588 1507 636 seu
1541 569 1728 636 vinee
1758 570 1845 636 ab
1874 566 2095 651 aliquo
2134 567 2599 654 inpeterentur,

362 676 680 764 sepedicti
729 676 846 743 filii
874 676 1085 762 Heym
1119 675 1387 745 Comitis
1438 676 1721 763 propriis
1753 676 2119 764 sumptibus
2155 681 2221 743 et
2268 675 2600 744 laboribus

361 787 501 853 suis
530 785 812 853 liberare
844 792 908 853 et
928 786 1236 873 expedire
1268 794 1657 870 tenerentur.
1699 787 1783 852 Vt
1801 792 2016 853 autem
2049 785 2237 853 huius
2267 786 2365 851 rei
2395 784 2599 853 series

362 894 551 960 firma
571 899 636 960 et
657 891 913 961 stabilis
931 899 1332 981 permaneat,
1353 893 1441 961 ad
1463 894 1852 961 instanciam
1871 900 1935 961 et
1954 893 2336 979 peticionem
2373 912 2594 980 supra-

363 1000 684 1069 dictorum
732 1001 1009 1069 filiorum
1056 1004 1270 1090 Heym
1310 1002 1581 1070 Comitis
1629 1003 1884 1069 litteras
1932 1008 2190 1070 nostras
2240 1001 2599 1086 sigillorum

359 1116 727 1180 nostrorum
787 1112 1139 1179 munimine
1202 1112 1637 1181 concessimus
1707 1113 2072 1181 roboratas.
2137 1111 2377 1177 Datum
2429 1131 2599 1178 anno

359 1221 585 1305 gracie
615 1221 698 1286 Μ.
720 1219 846 1288 CC.
866 1221 998 1290 LV.

738 1419 1021 1486 (Eredetie
1040 1412 1081 1469 'a
1105 1418 1491 1486 pannonhalmi
1518 1415 1808 1487 ffiapatsag
1831 1414 2241 1485 leveltaraban.)

1408 2232 1563 2301 296.

361 2436 724 2522 Eszterqam
752 2439 937 2499 vdros
966 2434 1392 2520 hatdsdqdnak
1437 2434 1974 2520 bizonysdqlevele,
2012 2435 2171 2520 hoyy
2200 2432 2447 2499 Jdbnak
2474 2434 2603 2519 neje

360 2546 567 2610 orvosi
610 2542 905 2631 ko‘ltse'qelc
952 2548 1349 2631 meqszerze'se
1399 2541 1771 2608 tekintetabzfl
1829 2541 2146 2608 kiilvdrosi
2205 2542 2467 2608 birtokdt
2519 2543 2601 2607 el-

1274 2654 1441 2717 adta.
1489 2651 1683 2718 1255.

575 2849 711 2917 Nos
741 2847 1112 2933 Jakmynus
1144 2848 1352 2917 Maior
1382 2849 1556 2917 Ville
1589 2850 1914 2935 ceterique
1944 2850 2124 2917 ciues
2156 2849 2237 2917 de
2266 2849 2409 2917 vico
2440 2850 2600 2917 Stri-

360 2960 656 3045 goniensi
697 2966 918 3025 tenore
967 2958 1370 3044 presencium
1402 2958 1845 3042 significamus
1878 2957 2221 3042 vniuersis,
2262 2957 2439 3043 quod
2463 2956 2601 3023 filia

361 3069 623 3152 Mathei,
651 3088 813 3135 uxor
840 3065 983 3151 Job,
1020 3066 1100 3133 de
1131 3064 1372 3133 Sancto
1406 3067 1608 3135 Paulo
1642 3073 1829 3133 extra
1860 3065 2193 3153 fossatam,
2241 3065 2392 3133 dum
2426 3067 2598 3133 infir-

362 3177 586 3244 mitate
616 3183 964 3243 uexaretur
994 3183 1315 3264 exoptans
1344 3197 1564 3244 curam
1601 3174 2013 3262 medicorum,
2063 3196 2180 3261 pro
2212 3174 2598 3243 necessariis

364 3284 670 3371 expensis
704 3290 945 3351 terram
974 3304 1158 3353 suam
1192 3291 1377 3352 extra
1407 3293 1475 3353 et
1503 3304 1709 3374 prope
1746 3283 2019 3351 eandem
2051 3282 2388 3368 fossatam,
2427 3290 2598 3349 terre

362 3394 648 3480 Capituli
697 3393 1163 3478 Strigoniensis
1196 3394 1483 3462 Ecclesie
1533 3393 1907 3479 contiguam
1938 3400 2004 3460 et
2047 3393 2597 3473 conterminalem,

361 3502 484 3568 sub
514 3510 735 3570 nostro
766 3503 1135 3571 testimonio
1181 3503 1701 3589 perambulatam
1734 3511 1800 3571 et
1829 3503 2197 3588 inim-atam,
2248 3502 2433 3570 cuius
2467 3501 2600 3567 lon-

362 3610 589 3696 gitudo
621 3618 722 3680 est
773 3619 1030 3680 centum
1060 3611 1295 3697 viginti
1346 3618 1621 3697 quatuor
1658 3612 1977 3697 ulnarum,
2027 3620 2093 3678 et
2137 3608 2412 3676 latitudo
2461 3611 2600 3676 eius

359 3718 722 3803 nonaginta
751 3719 1022 3787 duarum
1052 3721 1349 3788 ulnarum
1382 3741 1526 3788 cum
1559 3720 1717 3786 ulna
1749 3718 1832 3786 de
1862 3718 2028 3804 vico,
2077 3738 2202 3803 que
2235 3713 2433 3802 uulgo
2464 3720 2610 3805 reesf

361 3826 706 3912 uocitatur,
759 3827 841 3894 de
872 3829 1204 3897 uoluntate
1238 3837 1303 3896 et
1333 3848 1653 3897 consensu
1687 3829 1969 3895 omnium
2008 3834 2427 3913 cognatorum
2458 3846 2600 3894 suo-

358 3955 519 4020 rum,
550 3953 798 4001 necnon
832 3935 1130 4003 omnibus
1186 3935 1756 4005 conterminalibus
1803 3955 1919 4002 seu
1950 3935 2181 4002 vicinis
2230 3933 2402 4001 dicte
2431 3940 2601 4001 terre

360 4041 921 4110 consencientibus
954 4048 1020 4108 et
1049 4043 1224 4111 nullo
1256 4041 1731 4112 contradictore
1764 4043 2100 4127 existente,
2136 4039 2432 4109 uendidit
2461 4061 2602 4127 pre-

357 4151 496 4216 fato
529 4149 850 4238 Capitulo,
883 4160 1192 4237 perpetuo
1221 4153 1364 4219 iure
1395 4149 1878 4238 possidendam,
1930 4171 2046 4237 pro
2081 4149 2332 4216 duabus
2365 4150 2602 4217 marcis

361 4264 427 4324 et
458 4256 727 4343 fertone,
781 4277 942 4342 quas
977 4257 1171 4345 plene
1204 4265 1268 4324 et
1315 4260 1564 4345 integre
1615 4258 1932 4346 persoluit
1964 4256 2334 4345 Capitulum
2366 4275 2600 4323 memo-

360 4372 591 4432 ratum.
643 4365 727 4432 Vt
756 4366 960 4452 igitur
990 4366 1182 4434 huius
1211 4365 1616 4435 uendicionis
1665 4386 1745 4433 ac
1783 4366 2130 4452 empcionis
2162 4367 2362 4432 series
2412 4365 2599 4432 salua

362 4492 622 4560 semper
669 4480 733 4540 et
780 4473 1170 4541 inconcussa
1202 4482 1603 4561 permaneat,
1654 4493 1775 4540 nec
1812 4474 2020 4558 possit
2065 4463 2182 4559 per
2228 4474 2599 4558 quempiam

363 4582 692 4650 hominum
740 4582 807 4648 in
839 4583 1091 4650 irritum
1139 4583 1455 4667 reuocari,
1507 4583 1573 4649 in
1606 4589 1983 4669 perpetuam
2035 4580 2456 4648 stabilitatem
2505 4582 2596 4647 rei

361 4697 546 4775 geste
593 4699 928 4778 presentes
991 4692 1428 4761 concessimus
1486 4689 1742 4758 litteras
1794 4687 2072 4775 duplicis
2132 4689 2338 4776 sigilli
2397 4689 2598 4756 nostri
