3359 5250
1174 448 1189 455 -
1265 351 1392 455 139
1446 450 1476 457 -

180 559 676 623 antecessorum
723 558 1093 623 nostrorum
1122 552 1375 639 Regiae
1414 552 1712 623 Coronae
1750 553 2060 622 exhibere
2108 572 2454 623 consueve-

175 671 333 730 rant
350 660 706 749 indefesse,
738 669 1153 732 occurrerunt
1174 662 1363 731 nobis
1395 662 1670 732 illariter
1689 668 1756 730 et
1785 661 2060 731 iocunde
2099 682 2243 730 cum
2278 662 2451 730 omni

176 778 513 860 apparatu
544 766 764 838 laudis
785 777 855 839 et
882 770 1337 858 solemnitatis,
1371 777 1436 839 et
1456 772 1830 839 obtulerunt
1846 768 2178 839 humiliter
2209 772 2451 859 omnia,

178 900 357 966 quae
402 880 716 950 honorem
754 886 1041 949 nostrum
1080 879 1424 966 decebant,
1457 899 1571 949 ore
1601 887 1669 947 et
1697 900 1895 967 opere
1926 884 2218 948 nostrum
2249 880 2452 949 domi-

181 988 368 1056 nium
402 993 817 1074 reuerentes;
871 989 983 1073 qui
1040 987 1240 1056 etiam
1277 1009 1397 1057 nos
1445 995 1582 1057 tam
1628 988 1980 1059 honorifice
2008 995 2351 1076 susceptos
2383 988 2455 1057 in

174 1096 319 1165 suis
353 1095 858 1182 municionibus,
909 1095 1104 1164 simul
1142 1116 1288 1165 cum
1337 1097 1577 1165 nostris
1608 1096 1927 1184 pluribus,
1967 1095 2079 1182 qui
2111 1098 2194 1165 de
2224 1101 2451 1184 Regno

174 1204 573 1290 Hungariae
601 1210 666 1273 et
682 1203 1073 1274 Sclauoniae
1092 1204 1324 1273 afacie
1343 1206 1768 1275 Tartarorum
1799 1205 2180 1292 effugerant,
2213 1203 2453 1274 diutius

173 1312 574 1398 detinentes,
606 1311 1228 1382 administrauerunt
1273 1314 1463 1383 nobis
1511 1314 1717 1382 multa
1747 1320 1813 1381 et
1841 1334 1972 1381 non
2004 1315 2263 1383 modica
2298 1312 2456 1381 deli·

177 1421 434 1491 ciarum
466 1441 734 1509 genera,
783 1424 882 1491 ita
912 1421 1087 1507 quod
1126 1424 1377 1509 absque
1424 1424 1748 1511 parcitate
1779 1427 2015 1492 cuncta
2044 1422 2453 1508 exhibentes,

177 1551 309 1598 non
343 1530 567 1598 solum
595 1529 808 1616 nobis,
858 1549 1083 1599 verum
1116 1531 1458 1616 vniuersis,
1512 1531 1624 1615 qui
1655 1530 1993 1600 nobiseum
2025 1530 2452 1617 aduenerant,

177 1646 373 1706 tanta
403 1638 823 1708 liberalitatis
845 1659 1048 1727 opera
1076 1638 1551 1728 impenderunt,
1585 1639 1914 1725 quodiam
1930 1640 2165 1709 merito
2195 1661 2327 1710 non
2358 1662 2454 1711 so·

175 1746 313 1814 lum
344 1745 605 1832 fideles,
656 1746 778 1816 sed
812 1745 1178 1818 fidelissimi
1208 1755 1511 1836 poterant
1540 1748 1887 1836 appellari.
1936 1749 2076 1817 Nos
2104 1750 2329 1836 itaque
2356 1756 2455 1819 tot

173 1861 240 1923 et
268 1854 488 1924 tantis
516 1853 807 1942 ipsorum
852 1855 1144 1942 seruicijs
1178 1862 1245 1924 et
1288 1856 1605 1926 fidelitate
1650 1858 1868 1946 potius
1898 1855 2335 1942 considerata,
2369 1876 2451 1923 ex

174 1964 394 2052 Regia
443 1963 886 2033 munificentia
933 1963 1274 2051 prouidere
1323 1963 1757 2053 intendentes,
1812 1971 1948 2034 tum
1979 1965 2138 2051 quia
2186 1971 2452 2053 propter

177 2094 409 2143 eorum
458 2071 799 2142 fidelitatis
848 2072 1150 2142 meritum
1200 2072 1527 2160 quaedam
1565 2072 1801 2142 iisdem
1848 2073 2101 2143 ciuibus
2152 2074 2239 2142 ab
2268 2079 2450 2142 ante-

182 2181 569 2253 cessoribus
612 2180 855 2251 nostris
901 2180 1163 2251 fucrant
1191 2201 1525 2268 concessa,
1574 2188 1711 2252 tum
1745 2182 1904 2268 quia
1932 2183 2203 2252 affectus
2252 2189 2320 2249 et
2347 2204 2451 2251 vo-

181 2289 409 2357 luntas
458 2288 720 2375 gratiae
764 2295 1032 2357 nostrae
1059 2308 1223 2373 erga
1254 2289 1432 2376 ipsos
1465 2288 1634 2359 adeo
1665 2289 2044 2378 incaluerat,
2091 2291 2264 2376 quod
2295 2310 2454 2358 mer-

180 2397 349 2466 cede
402 2397 631 2465 debita
677 2416 899 2465 carere
946 2416 1076 2465 non
1107 2404 1428 2486 poterant,
1477 2397 1650 2466 sicut
1695 2417 1816 2466 nec
1865 2399 2161 2484 decebat,
2210 2398 2454 2467 eisdem

181 2508 564 2575 libertatem
584 2506 669 2575 ab
691 2507 1212 2576 antecessoribus
1243 2508 1483 2577 nostris
1515 2526 1915 2594 concessam,
1948 2508 2117 2576 sicut
2143 2507 2295 2594 ipsa
2324 2507 2451 2594 pri·

182 2615 438 2703 uilegia
487 2616 919 2703 testabantur,
971 2615 1273 2685 duximus
1312 2614 1853 2703 conseruandaQ
1914 2615 2341 2684 concedentes
2391 2621 2459 2685 et

181 2727 481 2797 iurantes
511 2747 633 2815 per
662 2734 960 2795 sanctam
992 2746 1250 2796 crucem
1282 2733 1348 2796 et
1377 2732 1800 2795 sacrosancta
1817 2725 2188 2811 Euangelia
2216 2725 2453 2811 omnia,

182 2856 357 2922 quae
407 2835 906 2920 subsequuntur,
960 2835 1337 2921 diligentius
1370 2836 1744 2902 observare.
1797 2832 2121 2902 Videlicet
2150 2836 2328 2920 quod
2355 2835 2454 2902 fir-

188 2966 365 3013 mam
398 2962 656 3032 pacem,
687 2949 928 3011 statum
961 2949 1026 3010 et
1043 2943 1410 3012 libertatem
1442 2942 1733 3030 ipsorum
1751 2941 2078 3029 integram
2110 2961 2450 3012 conserua-

185 3054 426 3138 bimns‚
459 3059 532 3120 et
546 3052 864 3121 faciemus
883 3053 969 3121 ab
988 3050 1137 3137 aliis
1157 3050 1529 3120 conseruari
1553 3074 1569 3137 ;
1603 3050 2006 3138 Episcopum
2027 3058 2093 3118 et
2110 3049 2449 3136 Comitem,

188 3180 385 3248 quem
419 3159 650 3229 Clerus
682 3166 747 3229 et
776 3159 1059 3247 populus
1089 3159 1172 3226 de
1203 3158 1527 3226 communi
1558 3177 1881 3226 consensu
1911 3156 2273 3245 ellegerint,
2322 3164 2452 3226 stu-

189 3271 493 3340 debimus
517 3271 919 3339 confirmare.
952 3270 1039 3337 Et
1055 3268 1205 3354 lege
1224 3267 1405 3356 ipsos
1426 3267 1786 3355 antiquitus
1817 3266 2168 3337 constituta
2185 3287 2330 3336 cum
2347 3266 2390 3335 J
2393 3289 2457 3335 u-

190 3380 335 3448 dice
366 3379 667 3466 ipsorum
713 3377 810 3445 uti
840 3377 1307 3465 permittemus,
1357 3398 1582 3447 eorum
1613 3378 1679 3445 in
1711 3378 1891 3446 nullo
1923 3375 2457 3447 consuetudinem

192 3490 655 3574 infringentes.
711 3486 1011 3555 Ceterum
1049 3487 1385 3574 vollumus,
1436 3487 1612 3573 quod
1643 3486 1995 3556 secundum
2028 3488 2458 3576 approbatam

191 3598 487 3687 ipsorum
537 3595 1070 3665 consuetudinem
1118 3596 1202 3663 de
1249 3596 1532 3684 tributis,
1583 3615 1711 3682 que
1743 3596 1824 3664 de
1855 3596 2318 3665 mercatoribus
2349 3616 2455 3664 ex-

193 3706 448 3776 traneis
477 3706 549 3772 in
580 3704 892 3793 portubus
924 3711 991 3772 et
1021 3705 1228 3791 portis
1260 3703 1561 3773 Ciuitatis
1592 3705 2003 3793 proueniunt,
2036 3704 2206 3772 duae
2236 3712 2458 3792 partes

192 3816 383 3886 nobis
433 3812 834 3901 recipiantur
847 3863 866 3898 ,
921 3812 1113 3879 tertia
1160 3834 1316 3881 vero
1370 3833 1524 3901 pars
1576 3811 1835 3898 Comiti,
1894 3819 1960 3880 et
2003 3811 2257 3881 decima
2301 3832 2459 3900 pars

195 3924 530 4012 Episcopo
557 3920 860 3990 Ciuitatis
892 3921 1142 4007 absque
1162 3920 1593 3991 diminutione
1613 3922 1907 4007 qualibet
1942 3920 2306 4007 colligatur,
2340 3920 2461 3989 sed

196 4033 375 4100 ciues
406 4030 621 4118 ipsius
657 4029 955 4098 Ciuitatis
988 4032 1073 4098 ab
1105 4030 1282 4097 amni
1313 4030 1665 4098 exaccione
1716 4029 1944 4097 tributi
1975 4028 2163 4097 liberi
2194 4029 2325 4098 sint
2350 4048 2459 4117 pe·

192 4141 367 4211 nitus
399 4145 470 4207 et
497 4136 807 4225 exempti.
840 4136 941 4206 Ad
972 4138 1097 4206 hoc
1129 4157 1271 4207 cum
1293 4139 1360 4205 in
1381 4137 1783 4226 praedictam
1823 4135 2173 4204 Ciuitatem
2200 4156 2321 4224 pro
2352 4156 2461 4205 ne·

192 4248 393 4334 gotijs
416 4245 634 4333 Regni
663 4244 1024 4313 tractandis
1055 4245 1159 4312 vel
1191 4264 1350 4313 casu
1369 4245 1664 4330 quolibet
1693 4246 2182 4329 accesserimus,
2214 4243 2460 4311 nemini

190 4356 437 4424 ciuium
456 4355 563 4422 vis
594 4352 931 4421 domorum
950 4373 1218 4422 suarum
1234 4374 1351 4442 per
1385 4353 1758 4442 quempiam
1787 4372 1873 4421 ex
1902 4353 2244 4422 nobiscum
2268 4350 2460 4419 adve-

191 4464 530 4533 nientibus
560 4462 900 4549 inferatur,
952 4462 1069 4530 sed
1119 4462 1210 4549 hy
1249 4468 1500 4531 tantum
1532 4464 1820 4550 ipsorum
1852 4462 2083 4531 domos
2114 4459 2459 4545 introeant,

192 4594 363 4661 quos
393 4591 619 4642 eorum
638 4571 901 4641 dilectio
921 4571 1181 4641 duxerit
1199 4571 1655 4642 admittendos.
1694 4572 1906 4643 Nobis
1924 4570 2124 4638 ctiam
2145 4575 2261 4639 aut
2276 4570 2461 4638 Bano

188 4705 315 4774 pro
347 4691 646 4770 tempore
696 4680 1042 4750 constituto
1088 4679 1252 4749 nihil
1304 4682 1388 4748 ab
1437 4681 1602 4770 ipsis
1637 4680 1892 4749 ciuibus
1931 4679 2191 4748 nomine
2239 4676 2461 4747 tributi
