3359 5250
1502 315 1630 383 277

1482 888 1629 957 196.

419 1069 648 1134 Mil-,16⁸
694 1068 817 1133 Vae
844 1074 1168 1156 va'rmeqye
1193 1069 1659 1156 fliispdnjdnak
1685 1071 2051 1136 inte'zkede'ee
2079 1070 2277 1137 Jakob
2306 1070 2507 1138 Jdnos
2537 1074 2667 1156 fid-

417 1178 541 1245 nak
570 1177 693 1262 veje
725 1176 996 1242 LBrincz
1035 1178 1329 1243 szdmdra
1358 1189 1464 1242 tett
1490 1176 2005 1265 birtokdtonyedee
2054 1181 2425 1266 tdryydban.
2478 1180 2674 1250 1248.

628 1373 768 1441 Nos
816 1374 898 1440 N.
952 1372 1186 1441 Comes
1235 1371 1453 1440 Castri
1502 1372 1730 1439 Ferrei
1778 1380 2003 1439 notum
2053 1371 2329 1440 facimus
2376 1374 2675 1442 omnibns

413 1477 808 1572 (presentes)
860 1480 1116 1548 litteras
1165 1480 1574 1566 inspecturis,
1631 1478 1808 1565 quod
1859 1481 2184 1566 Georgius
2233 1481 2404 1548 filius
2455 1481 2672 1567 Wota‚

412 1588 779 1677 Tyburcius
807 1588 984 1656 filius
1013 1590 1183 1675 Inse,
1207 1587 1445 1655 Olotov
1462 1588 1637 1656 filius
1661 1586 1914 1672 Gronov,
1950 1597 2015 1656 et
2034 1590 2199 1657 Paul
2218 1589 2390 1658 filius
2420 1590 2669 1676 Matha,

413 1700 504 1766 ad
530 1705 821 1764 nostram
851 1696 1238 1764 accedentes
1270 1697 1703 1782 presenciam,
1738 1697 2165 1763 Laurencium
2196 1697 2398 1764 filium
2419 1699 2671 1783 Tywan

415 1800 675 1876 homine
707 1812 927 1873 nostro
960 1810 1233 1892 accepto
1265 1811 1605 1872 traxerunt
1636 1804 1705 1870 in
1738 1824 2026 1892 causam,
2061 1810 2127 1871 et
2146 1811 2416 1890 egerunt
2446 1811 2674 1872 contra

412 1919 631 2005 ipsum
662 1935 781 2001 pro
815 1914 1098 1998 quadam
1151 1920 1321 1980 terra
1369 1911 1638 1980 Chaean
1688 1913 1967 1999 nomine,
2023 1931 2220 1998 quam
2268 1913 2670 1980 Laurencius

411 2024 496 2089 ab
527 2022 692 2109 ipsis
741 2041 942 2089 manu
971 2021 1262 2088 uiolenta
1309 2021 1638 2086 retineret.
1693 2018 2093 2087 Laurencius
2123 2039 2280 2087 uero
2310 2021 2669 2108 respondit,

412 2130 589 2215 quod
619 2130 744 2199 sibi
775 2129 818 2196 J
822 2130 1062 2198 acobus
1092 2128 1264 2197 filius
1295 2128 1618 2196 Johannis
1646 2136 1889 2196 terram
1929 2148 2114 2196 suam
2165 2129 2535 2212 empticiam
2586 2149 2669 2195 ex

411 2243 601 2327 parte
631 2238 836 2305 Endri
867 2238 954 2304 ad
983 2237 1198 2324 ipsum
1230 2237 1603 2304 deuolutam
1655 2236 1948 2304 dedisset
1979 2257 2061 2303 ex
2093 2256 2412 2304 consensu
2443 2255 2669 2305 eorum

411 2367 652 2432 genero
693 2366 810 2414 suo
843 2345 1201 2413 Laurencio
1235 2351 1599 2431 prenotato,
1635 2353 1700 2412 et
1730 2364 1925 2432 super
1955 2345 2078 2413 hoe
2110 2345 2381 2412 haberet
2412 2344 2669 2413 litteras

411 2455 701 2543 Capituli
752 2455 977 2522 Sancti
1024 2454 1366 2521 Michaelis
1418 2453 1500 2520 de
1554 2454 1786 2522 Castro
1818 2454 2080 2521 Ferreo.
2114 2452 2398 2520 Predicti
2449 2459 2667 2521 autem

411 2563 705 2631 homines
738 2563 1184 2631 contradicere
1222 2561 1649 2630 intendebant
1678 2561 1933 2629 litteris.
1986 2561 2110 2628 Die
2140 2568 2361 2630 autem
2403 2557 2657 2628 demon-

412 2671 762 2739 stracionis
811 2673 1172 2738 litterarum
1225 2671 1531 2756 prelibati
1581 2671 1875 2739 homines
1935 2670 2173 2738 litteris
2223 2667 2666 2737 contradicere

413 2801 541 2848 non
576 2787 1133 2867 presumpserunt,
1168 2779 1419 2847 scilicet
1449 2779 1772 2866 dixerunt,
1825 2778 2001 2863 quod
2029 2799 2111 2846 ex
2143 2796 2463 2844 consensu
2494 2776 2664 2863 ipso·

406 2909 547 2955 rum
577 2895 644 2956 et
674 2894 1098 2972 cognatorum
1129 2908 1392 2955 suorum
1443 2887 1734 2956 Jacobus
1766 2895 2009 2954 terram
2040 2891 2452 2972 prenotatam
2495 2886 2663 2951 Lau-

408 2997 627 3064 rencio
659 2996 946 3065 dedisset
995 2997 1270 3083 pacifice
1320 3004 1633 3084 perpetuo
1674 2995 2158 3083 possidendam.
2210 2996 2293 3061 Et
2322 2994 2410 3060 ad
2442 2991 2665 3062 confir-

407 3105 768 3172 macionem
802 3109 866 3170 et
916 3104 1515 3171 corroboracionem
1546 3104 1907 3172 litterarum
1939 3102 2154 3169 Castri
2188 3101 2429 3185 Ferrei,
2485 3107 2552 3167 et
2582 3120 2665 3166 ex

406 3231 725 3280 consensu
779 3213 1126 3279 eorundem
1178 3212 1433 3279 litteras
1484 3218 1747 3278 nostras
1795 3210 2025 3279 eodem
2077 3216 2321 3293 tenore,
2375 3209 2545 3276 sicut
2594 3209 2662 3275 in

408 3320 644 3387 litteris
677 3321 962 3408 Capituli
993 3320 1418 3404 continentur,
1451 3320 1908 3387 concessimus.

903 3519 1267 3585 (Koretkezik
1292 3534 1328 3571 a
1356 3519 1477 3572 195.
1505 3535 1580 3571 sz-
1606 3535 1656 3573 a.
1686 3515 1961 3584 okman53
1989 3520 2060 3572 U.
2088 3515 2160 3583 o.)
