3359 5250
1842 411 1970 475 186

1840 1042 1994 1115 122.

708 1213 715 1221 ι
781 1240 1047 1323 Quirino
1078 1243 1320 1311 Le'mirt
1331 1243 1562 1329 jddrai
1605 1245 1763 1332 qrds
1786 1267 1863 1309 az
1892 1245 2092 1310 ottam‘
2132 1243 2721 1312 domonkoarendiek
2749 1247 3047 1317 mmm

1267 1350 1561 1419 lakhdzat
1591 1358 1653 1420 e's
1686 1353 2039 1441 templomot
2051 1352 2207 1439 jelo‘l
2234 1351 2317 1419 ki.
2348 1352 2545 1420 1244.

990 1567 1332 1638 Universis
1364 1568 1604 1637 Christi
1633 1568 1940 1639 fidelibus
1986 1576 2369 1659 praesentes
2415 1568 2669 1639 litteras
2715 1570 3045 1659 inspectu·

773 1678 864 1747 ris
894 1678 1278 1748 Leonardus
1312 1677 1623 1761 Quirinus
1648 1678 1885 1750 Comes
1926 1679 2171 1750 Jadrae
2197 1700 2358 1748 cum
2384 1679 2794 1750 consiliariis
2814 1681 3042 1751 Marco

772 1786 1152 1874 Bragadino
1209 1795 1276 1857 et
1325 1788 1631 1878 Philippo
1663 1791 1926 1859 Donato
1958 1790 2237 1859 salutem
2268 1791 2336 1859 in
2368 1790 2654 1860 omnium
2685 1791 3038 1859 salvatore.

771 1894 1200 1964 Universitati
1229 1903 1491 1965 vestrae
1522 1898 1982 1986 praesentibus
2003 1897 2393 1986 innotescat,
2434 1898 2610 1984 quod
2639 1918 2785 1966 cum
2814 1919 2931 1969 nos
2953 1920 3036 1967 ex

772 2011 962 2091 parte
1009 2004 1255 2074 domini
1286 2006 1489 2074 Ducis
1522 2008 1914 2076 Venetorum
1961 2007 2439 2097 recepissemus
2468 2008 2537 2075 in
2566 2008 2912 2093 mandatis,
2963 2014 3038 2075 ut

771 2110 1085 2181 fratribus
1117 2112 1677 2200 praedicatoribus
1735 2116 1804 2183 in
1852 2115 2088 2184 Jadria
2129 2116 2699 2201 commorantibus,
2747 2116 3034 2184 nondum

769 2228 988 2288 tamen
1020 2222 1235 2291 locum
1265 2223 1396 2293 sibi
1436 2223 1824 2310 deputatum
1862 2223 2271 2311 habentibus,
2323 2225 2496 2293 infra
2543 2244 2761 2292 muros
2789 2223 2859 2291 in
2886 2223 3034 2293 loco

774 2330 1165 2417 competenti
1184 2329 1529 2417 providere
1559 2332 1912 2417 debemus3
1950 2352 2093 2399 cum
2131 2330 2428 2416 consilio,
2462 2337 2530 2399 et
2545 2351 2822 2400 assensu
2837 2330 3037 2400 totius

774 2435 1268 2505 Communitatis
1299 2438 1667 2524 Jadrensis,
1722 2439 1985 2507 domum
2019 2439 2282 2506 Martini
2313 2440 2397 2507 dc
2428 2441 2650 2508 Grube
2679 2459 2828 2507 cum
2858 2446 3038 2507 curte

769 2564 912 2633 sua,
962 2551 1029 2614 et
1075 2544 1337 2614 domum
1387 2546 1566 2614 Petri
1619 2548 1975 2615 Calchinae
2024 2547 2332 2616 similiter
2379 2568 2526 2615 cum
2575 2546 2757 2616 curia
2795 2566 2935 2633 sua,
2969 2555 3038 2615 et

766 2656 1050 2724 loculum
1100 2656 1452 2744 Malfredii,
1504 2658 1860 2745 praedictis
1920 2658 2236 2728 fratribus
2288 2658 2676 2726 contulimus
2723 2663 3037 2746 perpetuo

768 2762 1203 2851 possidenda3
1255 2764 1444 2832 salva
1492 2772 1711 2834 tamen
1770 2766 2017 2835 domini
2071 2768 2275 2836 Ducis
2313 2767 2651 2836 voluntate
2678 2772 3033 2835 reservata.

770 2871 956 2952 Quae
989 2871 1239 2961 domus,
1274 2893 1417 2941 cum
1447 2873 1784 2961 praedicto
1809 2875 2143 2945 Malfredii
2178 2875 2433 2961 locello,
2466 2881 2532 2942 et
2561 2874 2779 2961 curiis,
2810 2874 2875 2941 in
2901 2879 3037 2942 toto

769 2985 836 3047 et
880 2999 1132 3050 summa
1182 2981 1715 3070 comprehensae,
1766 2985 2194 3053 ducentorum
2247 2991 2314 3053 et
2361 2983 2839 3071 quinquaginta
2887 3003 3040 3070 pas-

771 3109 961 3158 suum
990 3110 1326 3159 numerum
1357 3093 1424 3158 in
1456 3091 1728 3161 circuitu
1779 3114 1909 3161 non
1942 3093 2309 3179 excedunt;
2363 3100 2429 3161 et
2458 3091 2886 3160 terminantur
2914 3090 3046 3161 hoc

770 3197 1001 3266 modo:
1034 3199 1134 3267 Ex
1166 3199 1422 3268 duabus
1454 3199 1716 3288 quidem
1750 3201 2048 3289 partibus
2079 3202 2192 3270 via
2212 3200 2503 3290 publica,
2536 3221 2578 3269 a
2605 3200 2800 3268 tertia
2819 3206 3041 3267 autem

766 3312 957 3393 parte
1008 3309 1288 3377 ecclesia
1329 3310 1555 3379 Sancti
1605 3310 1899 3379 Thomae
1919 3364 1937 3399 ,
1988 3331 2032 3378 a
2082 3318 2318 3397 quarta
2369 3330 2525 3380 vero
2572 3315 2761 3396 parte
2810 3315 3041 3376 tenuta

764 3412 1114 3500 Grisogoni
1175 3416 1291 3485 filii
1350 3418 1614 3486 Dimine
1674 3419 2029 3488 Senzaderi
2089 3420 2483 3488 ambiuntur.
2562 3416 3040 3486 Testimonium

762 3528 1110 3611 praeterea
1158 3524 1596 3615 perhibemus,
1650 3526 1827 3613 quod
1860 3526 2237 3616 Capitulum
2292 3526 2630 3596 Ecclesiae
2684 3526 2727 3594 J
2729 3523 3037 3593 adrensis

765 3632 1006 3699 bonam
1037 3633 1439 3703 voluntatem
1486 3635 1887 3705 venerabilis
1926 3637 2134 3725 patris
2181 3637 2395 3703 bonae
2426 3633 2784 3703 memoriae
2812 3632 3036 3702 Domi·

765 3738 895 3808 nici
925 3742 1163 3810 Franci
1195 3740 1524 3826 quondam
1545 3742 2059 3833 Archiepiscopi,
2093 3764 2290 3830 quam
2329 3743 2675 3812 asserebat
2694 3761 2767 3810 se
2783 3741 3035 3808 habere

762 3847 896 3916 iam
927 3848 1118 3918 dictis
1149 3849 1463 3919 fratribus
1494 3849 1579 3920 de
1608 3852 1910 3921 Ecclesia
1938 3851 2355 3941 conferenda,
2407 3871 2486 3921 eo
2517 3848 2604 3918 de
2635 3846 2850 3918 medio
2882 3848 3033 3917 sub·

763 3960 920 4045 lato,
956 3977 1080 4027 nec
1108 3959 1371 4029 valente
1403 3961 1730 4049 complere
1760 3960 1933 4049 quod
1974 3960 2178 4029 voluit
2204 3961 2273 4028 in
2303 3958 2658 4029 collatione
2692 3957 3034 4025 Ecclesiae

760 4066 983 4134 Sancti
1029 4065 1323 4136 Thomae
1371 4068 1708 4156 Apostoli,
1762 4069 2137 4138 omnimoda
2180 4070 2359 4137 bona
2407 4066 2742 4136 voluntate
2793 4062 3032 4152 perdu-

763 4193 910 4244 cere
959 4174 1217 4245 curavit
1263 4174 1354 4245 ad
1380 4175 1708 4264 effectum,
1754 4197 1874 4266 per
1918 4178 2264 4246 Nicolaum
2305 4176 2774 4262 Presbyterum
2821 4173 3034 4241 Oano-

759 4282 975 4353 nicum
1007 4301 1196 4351 suum
1227 4283 1494 4353 eosdem
1532 4284 1967 4374 investiendo,
2018 4291 2084 4353 et
2113 4285 2181 4353 in
2212 4283 2696 4373 possessionem
2729 4300 3033 4367 corpora-

756 4393 888 4460 lem
919 4390 1214 4462 eiusdem
1245 4392 1580 4463 Ecclesiae
1611 4393 2017 4483 inducend03
2056 4395 2351 4463 Plebano
2370 4391 2665 4461 eiusdem
2687 4386 3034 4458 Ecclesiae

762 4550 818 4567 ..
843 4549 858 4567 .
881 4548 898 4567 .
929 4500 1299 4571 voluntarie
1328 4500 1541 4571 eidem
1571 4502 1913 4571 Ecclesiae
1962 4500 2332 4591 resignanti
2379 4497 2886 4573 commutatione
2917 4518 3032 4565 ex-

762 4608 978 4678 hibita
1006 4612 1416 4700 competenti.
1462 4616 1538 4681 In
1570 4613 1756 4683 cuius
1785 4621 2052 4685 nostrae
2082 4613 2454 4685 donationis
2485 4610 2928 4680 testimonium
2957 4615 3033 4676 et

764 4721 962 4792 robur
992 4722 1338 4812 firmitatis,
1371 4729 1787 4811 praesentem
1818 4723 2133 4812 paginam
2165 4722 2521 4813 praedictis
2549 4719 2857 4793 fratribus
2875 4737 3029 4789 con-
