<?xml version="1.0" encoding="UTF-8"?>
<!DOCTYPE html PUBLIC "-//W3C//DTD XHTML 1.0 Transitional//EN"
    "http://www.w3.org/TR/xhtml1/DTD/xhtml1-transitional.dtd">
<html xmlns="http://www.w3.org/1999/xhtml" xml:lang="en" lang="en">
 <head>
  <title>
</title>
<meta http-equiv="Content-Type" content="text/html;charset=utf-8" />
  <meta name='ocr-system' content='tesseract 3.04.00' />
  <meta name='ocr-capabilities' content='ocr_page ocr_carea ocr_par ocr_line ocrx_word'/>
</head>
<body>
  <div class='ocr_page' id='page_1' title='image "./codexdiplomatic09unkngoog_0597.png"; bbox 0 0 3359 5250; ppageno 0'>
   <div class='ocr_carea' id='block_1_1' title="bbox 1326 354 1460 435">
    <p class='ocr_par' dir='ltr' id='par_1_1' title="bbox 1326 354 1460 435">
     <span class='ocr_line' id='line_1_1' title="bbox 1326 354 1460 435; baseline -0.007 -14"><span class='ocrx_word' id='word_1_1' title='bbox 1326 354 1460 435; x_wconf 64' lang='lat'><strong>557,</strong></span> 
     </span>
    </p>
   </div>
   <div class='ocr_carea' id='block_1_2' title="bbox 1226 444 1538 457">
    <p class='ocr_par' dir='ltr' id='par_1_2' title="bbox 1226 444 1538 457">
     <span class='ocr_line' id='line_1_2' title="bbox 1226 444 1538 457; baseline 0 0"><span class='ocrx_word' id='word_1_2' title='bbox 1226 444 1538 457; x_wconf 95' lang='lat' dir='ltr'><strong> </strong></span> 
     </span>
    </p>
   </div>
   <div class='ocr_carea' id='block_1_3' title="bbox 251 549 2555 4765">
    <p class='ocr_par' dir='ltr' id='par_1_3' title="bbox 251 549 2555 4765">
     <span class='ocr_line' id='line_1_3' title="bbox 259 549 2533 639; baseline -0.001 -20"><span class='ocrx_word' id='word_1_3' title='bbox 259 554 463 620; x_wconf 88' lang='lat' dir='ltr'><strong>etiam</strong></span> <span class='ocrx_word' id='word_1_4' title='bbox 495 552 659 620; x_wconf 73' lang='lat' dir='ltr'><strong>LX²⁸</strong></span> <span class='ocrx_word' id='word_1_5' title='bbox 705 559 926 619; x_wconf 84' lang='lat' dir='ltr'><strong>castra</strong></span> <span class='ocrx_word' id='word_1_6' title='bbox 955 551 1394 619; x_wconf 85' lang='lat' dir='ltr'><strong>munitissima</strong></span> <span class='ocrx_word' id='word_1_7' title='bbox 1413 552 1769 639; x_wconf 76' lang='lat' dir='ltr'>capiebant</span> <span class='ocrx_word' id='word_1_8' title='bbox 1802 556 1945 618; x_wconf 87' lang='lat' dir='ltr'><strong>tam</strong></span> <span class='ocrx_word' id='word_1_9' title='bbox 1978 551 2324 637; x_wconf 89' lang='lat' dir='ltr'><strong>populosa,</strong></span> <span class='ocrx_word' id='word_1_10' title='bbox 2358 549 2533 636; x_wconf 91' lang='lat' dir='ltr'><strong>quod</strong></span> 
     </span>
     <span class='ocr_line' id='line_1_4' title="bbox 259 659 2518 749; baseline 0 -22"><span class='ocrx_word' id='word_1_11' title='bbox 259 661 341 727; x_wconf 92' lang='lat' dir='ltr'><strong>de</strong></span> <span class='ocrx_word' id='word_1_12' title='bbox 391 681 521 729; x_wconf 89' lang='lat' dir='ltr'><strong>uno</strong></span> <span class='ocrx_word' id='word_1_13' title='bbox 553 681 774 731; x_wconf 89' lang='lat' dir='ltr'><strong>eorum</strong></span> <span class='ocrx_word' id='word_1_14' title='bbox 825 668 1128 749; x_wconf 86' lang='lat' dir='ltr'><strong>poterant</strong></span> <span class='ocrx_word' id='word_1_15' title='bbox 1179 661 1358 727; x_wconf 83' lang='lat' dir='ltr'><strong>exire</strong></span> <span class='ocrx_word' id='word_1_16' title='bbox 1408 662 1498 729; x_wconf 87' lang='lat'><strong>50</strong></span> <span class='ocrx_word' id='word_1_17' title='bbox 1537 659 1720 727; x_wconf 89' lang='lat' dir='ltr'><strong>milia</strong></span> <span class='ocrx_word' id='word_1_18' title='bbox 1770 661 2051 728; x_wconf 89' lang='lat' dir='ltr'><strong>militum</strong></span> <span class='ocrx_word' id='word_1_19' title='bbox 2101 667 2518 727; x_wconf 88' lang='lat' dir='ltr'><strong>armatorum.</strong></span> 
     </span>
     <span class='ocr_line' id='line_1_5' title="bbox 260 765 2522 856; baseline -0.001 -20"><span class='ocrx_word' id='word_1_20' title='bbox 260 770 563 837; x_wconf 86' lang='lat' dir='ltr'><strong>Ceterum</strong></span> <span class='ocrx_word' id='word_1_21' title='bbox 596 790 852 855; x_wconf 89' lang='lat' dir='ltr'><strong>quoque</strong></span> <span class='ocrx_word' id='word_1_22' title='bbox 884 778 953 837; x_wconf 89' lang='lat' dir='ltr'><strong>et</strong></span> <span class='ocrx_word' id='word_1_23' title='bbox 976 768 1235 854; x_wconf 86' lang='lat' dir='ltr'><strong>Wedin,</strong></span> <span class='ocrx_word' id='word_1_24' title='bbox 1269 778 1333 836; x_wconf 87' lang='lat' dir='ltr'><strong>et</strong></span> <span class='ocrx_word' id='word_1_25' title='bbox 1356 770 1756 853; x_wconf 84' lang='lat' dir='ltr'><strong>Merowiam,</strong></span> <span class='ocrx_word' id='word_1_26' title='bbox 1778 768 2230 856; x_wconf 86' lang='lat' dir='ltr'><strong>Poydowiam,</strong></span> <span class='ocrx_word' id='word_1_27' title='bbox 2263 765 2522 835; x_wconf 80' lang='lat' dir='ltr'><strong>Morda-</strong></span> 
     </span>
     <span class='ocr_line' id='line_1_6' title="bbox 259 876 2524 965; baseline -0 -22"><span class='ocrx_word' id='word_1_28' title='bbox 259 899 486 944; x_wconf 87' lang='lat' dir='ltr'><strong>norum</strong></span> <span class='ocrx_word' id='word_1_29' title='bbox 519 880 810 964; x_wconf 80' lang='lat' dir='ltr'>Regnum</span> <span class='ocrx_word' id='word_1_30' title='bbox 864 879 1309 965; x_wconf 81' lang='lat' dir='ltr'><strong>expugnabat,</strong></span> <span class='ocrx_word' id='word_1_31' title='bbox 1365 878 1549 945; x_wconf 88' lang='lat' dir='ltr'><strong>cuius</strong></span> <span class='ocrx_word' id='word_1_32' title='bbox 1583 878 1712 946; x_wconf 90' lang='lat' dir='ltr'><strong>duo</strong></span> <span class='ocrx_word' id='word_1_33' title='bbox 1744 878 2078 964; x_wconf 79' lang='lat' dir='ltr'><strong>Principes</strong></span> <span class='ocrx_word' id='word_1_34' title='bbox 2110 876 2387 945; x_wconf 84' lang='lat' dir='ltr'><strong>fuerunt.</strong></span> <span class='ocrx_word' id='word_1_35' title='bbox 2441 879 2524 943; x_wconf 87' lang='lat' dir='ltr'><strong>Et</strong></span> 
     </span>
     <span class='ocr_line' id='line_1_7' title="bbox 261 985 2521 1074; baseline -0 -21"><span class='ocrx_word' id='word_1_36' title='bbox 261 1007 427 1054; x_wconf 90' lang='lat' dir='ltr'><strong>unus</strong></span> <span class='ocrx_word' id='word_1_37' title='bbox 461 987 777 1074; x_wconf 80' lang='lat' dir='ltr'><strong>Princeps</strong></span> <span class='ocrx_word' id='word_1_38' title='bbox 829 1008 974 1055; x_wconf 92' lang='lat' dir='ltr'><strong>cum</strong></span> <span class='ocrx_word' id='word_1_39' title='bbox 1012 994 1150 1055; x_wconf 83' lang='lat' dir='ltr'><strong>toto</strong></span> <span class='ocrx_word' id='word_1_40' title='bbox 1203 986 1446 1074; x_wconf 91' lang='lat' dir='ltr'><strong>populo</strong></span> <span class='ocrx_word' id='word_1_41' title='bbox 1497 994 1562 1054; x_wconf 90' lang='lat' dir='ltr'><strong>et</strong></span> <span class='ocrx_word' id='word_1_42' title='bbox 1593 986 1847 1052; x_wconf 84' lang='lat' dir='ltr'><strong>familia</strong></span> <span class='ocrx_word' id='word_1_43' title='bbox 1891 985 2360 1055; x_wconf 82' lang='lat' dir='ltr'><strong>Thartarorum</strong></span> <span class='ocrx_word' id='word_1_44' title='bbox 2410 985 2521 1053; x_wconf 92' lang='lat' dir='ltr'><strong>do-</strong></span> 
     </span>
     <span class='ocr_line' id='line_1_8' title="bbox 259 1094 2518 1163; baseline 0.001 -4"><span class='ocrx_word' id='word_1_45' title='bbox 259 1096 462 1161; x_wconf 90' lang='lat' dir='ltr'><strong>minio</strong></span> <span class='ocrx_word' id='word_1_46' title='bbox 494 1116 567 1162; x_wconf 88' lang='lat' dir='ltr'><strong>se</strong></span> <span class='ocrx_word' id='word_1_47' title='bbox 599 1097 993 1163; x_wconf 84' lang='lat' dir='ltr'><strong>subicerunt.</strong></span> <span class='ocrx_word' id='word_1_48' title='bbox 1029 1096 1217 1163; x_wconf 87' lang='lat' dir='ltr'><strong>Alter</strong></span> <span class='ocrx_word' id='word_1_49' title='bbox 1249 1114 1403 1163; x_wconf 91' lang='lat' dir='ltr'><strong>vero</strong></span> <span class='ocrx_word' id='word_1_50' title='bbox 1437 1095 1881 1162; x_wconf 87' lang='lat' dir='ltr'><strong>munitissima</strong></span> <span class='ocrx_word' id='word_1_51' title='bbox 1911 1095 2057 1163; x_wconf 88' lang='lat' dir='ltr'><strong>loca</strong></span> <span class='ocrx_word' id='word_1_52' title='bbox 2088 1095 2176 1161; x_wconf 88' lang='lat' dir='ltr'><strong>ad</strong></span> <span class='ocrx_word' id='word_1_53' title='bbox 2211 1094 2518 1161; x_wconf 90' lang='lat' dir='ltr'><strong>tuendum</strong></span> 
     </span>
     <span class='ocr_line' id='line_1_9' title="bbox 258 1202 2518 1292; baseline 0 -22"><span class='ocrx_word' id='word_1_54' title='bbox 258 1222 329 1270; x_wconf 88' lang='lat' dir='ltr'><strong>se</strong></span> <span class='ocrx_word' id='word_1_55' title='bbox 362 1203 557 1289; x_wconf 89' lang='lat' dir='ltr'><strong>petiit</strong></span> <span class='ocrx_word' id='word_1_56' title='bbox 586 1225 733 1272; x_wconf 90' lang='lat' dir='ltr'><strong>cum</strong></span> <span class='ocrx_word' id='word_1_57' title='bbox 756 1204 984 1292; x_wconf 87' lang='lat' dir='ltr'><strong>paucis</strong></span> <span class='ocrx_word' id='word_1_58' title='bbox 1017 1203 1301 1291; x_wconf 90' lang='lat' dir='ltr'><strong>populis,</strong></span> <span class='ocrx_word' id='word_1_59' title='bbox 1336 1204 1393 1271; x_wconf 89' lang='lat' dir='ltr'><strong>si</strong></span> <span class='ocrx_word' id='word_1_60' title='bbox 1427 1204 1698 1271; x_wconf 86' lang='lat' dir='ltr'><strong>valeret.</strong></span> <span class='ocrx_word' id='word_1_61' title='bbox 1731 1202 1920 1270; x_wconf 89' lang='lat' dir='ltr'><strong>Nunc</strong></span> <span class='ocrx_word' id='word_1_62' title='bbox 1946 1210 2188 1288; x_wconf 89' lang='lat' dir='ltr'><strong>autem,</strong></span> <span class='ocrx_word' id='word_1_63' title='bbox 2222 1223 2366 1269; x_wconf 91' lang='lat' dir='ltr'><strong>cum</strong></span> <span class='ocrx_word' id='word_1_64' title='bbox 2398 1223 2518 1271; x_wconf 90' lang='lat' dir='ltr'><strong>nos</strong></span> 
     </span>
     <span class='ocr_line' id='line_1_10' title="bbox 255 1310 2523 1396; baseline 0.002 -22"><span class='ocrx_word' id='word_1_65' title='bbox 255 1310 321 1375; x_wconf 89' lang='lat' dir='ltr'><strong>in</strong></span> <span class='ocrx_word' id='word_1_66' title='bbox 355 1310 594 1377; x_wconf 89' lang='lat' dir='ltr'><strong>finibus</strong></span> <span class='ocrx_word' id='word_1_67' title='bbox 613 1311 848 1377; x_wconf 85' lang='lat' dir='ltr'><strong>Ruscie</strong></span> <span class='ocrx_word' id='word_1_68' title='bbox 868 1329 1300 1394; x_wconf 87' lang='lat' dir='ltr'><strong>maneremus,</strong></span> <span class='ocrx_word' id='word_1_69' title='bbox 1336 1328 1541 1396; x_wconf 84' lang='lat' dir='ltr'><strong>prope</strong></span> <span class='ocrx_word' id='word_1_70' title='bbox 1561 1310 1654 1376; x_wconf 91' lang='lat' dir='ltr'><strong>rei</strong></span> <span class='ocrx_word' id='word_1_71' title='bbox 1687 1310 1926 1377; x_wconf 85' lang='lat' dir='ltr'><strong>scimus</strong></span> <span class='ocrx_word' id='word_1_72' title='bbox 1947 1310 2313 1394; x_wconf 84' lang='lat' dir='ltr'><strong>veritatem,</strong></span> <span class='ocrx_word' id='word_1_73' title='bbox 2348 1312 2523 1394; x_wconf 89' lang='lat' dir='ltr'><strong>quod</strong></span> 
     </span>
     <span class='ocr_line' id='line_1_11' title="bbox 253 1419 2523 1508; baseline 0.001 -23"><span class='ocrx_word' id='word_1_74' title='bbox 253 1426 431 1486; x_wconf 88' lang='lat' dir='ltr'><strong>totns</strong></span> <span class='ocrx_word' id='word_1_75' title='bbox 463 1420 787 1487; x_wconf 83' lang='lat' dir='ltr'><strong>exercitus</strong></span> <span class='ocrx_word' id='word_1_76' title='bbox 818 1423 1303 1506; x_wconf 85' lang='lat' dir='ltr'><strong>Thartarorum,</strong></span> <span class='ocrx_word' id='word_1_77' title='bbox 1355 1421 1628 1488; x_wconf 84' lang='lat' dir='ltr'><strong>veniens</strong></span> <span class='ocrx_word' id='word_1_78' title='bbox 1660 1420 1748 1487; x_wconf 89' lang='lat' dir='ltr'><strong>ad</strong></span> <span class='ocrx_word' id='word_1_79' title='bbox 1785 1428 2007 1508; x_wconf 86' lang='lat' dir='ltr'><strong>partes</strong></span> <span class='ocrx_word' id='word_1_80' title='bbox 2040 1419 2423 1505; x_wconf 87' lang='lat' dir='ltr'><strong>occidentis,</strong></span> <span class='ocrx_word' id='word_1_81' title='bbox 2455 1420 2523 1487; x_wconf 90' lang='lat' dir='ltr'><strong>in</strong></span> 
     </span>
     <span class='ocr_line' id='line_1_12' title="bbox 257 1528 2523 1615; baseline 0.002 -22"><span class='ocrx_word' id='word_1_82' title='bbox 257 1528 391 1594; x_wconf 90' lang='lat'>1111</span> <span class='ocrx_word' id='word_1_83' title='bbox 434 1537 655 1614; x_wconf 88' lang='lat' dir='ltr'><strong>partes</strong></span> <span class='ocrx_word' id='word_1_84' title='bbox 706 1534 806 1597; x_wconf 89' lang='lat' dir='ltr'><strong>est</strong></span> <span class='ocrx_word' id='word_1_85' title='bbox 837 1529 1112 1598; x_wconf 82' lang='lat' dir='ltr'><strong>divisus.</strong></span> <span class='ocrx_word' id='word_1_86' title='bbox 1160 1531 1306 1596; x_wconf 89' lang='lat' dir='ltr'><strong>Vna</strong></span> <span class='ocrx_word' id='word_1_87' title='bbox 1336 1549 1494 1615; x_wconf 85' lang='lat' dir='ltr'><strong>pars</strong></span> <span class='ocrx_word' id='word_1_88' title='bbox 1545 1531 1634 1596; x_wconf 93' lang='lat' dir='ltr'><strong>ad</strong></span> <span class='ocrx_word' id='word_1_89' title='bbox 1666 1529 1933 1597; x_wconf 83' lang='lat' dir='ltr'><strong>fluvium</strong></span> <span class='ocrx_word' id='word_1_90' title='bbox 1966 1530 2142 1598; x_wconf 88' lang='lat' dir='ltr'><strong>Ethil</strong></span> <span class='ocrx_word' id='word_1_91' title='bbox 2186 1531 2256 1598; x_wconf 91' lang='lat' dir='ltr'><strong>in</strong></span> <span class='ocrx_word' id='word_1_92' title='bbox 2285 1529 2523 1598; x_wconf 89' lang='lat' dir='ltr'><strong>finibus</strong></span> 
     </span>
     <span class='ocr_line' id='line_1_13' title="bbox 255 1635 2521 1725; baseline 0 -22"><span class='ocrx_word' id='word_1_93' title='bbox 255 1635 496 1704; x_wconf 87' lang='lat' dir='ltr'><strong>Ruseie</strong></span> <span class='ocrx_word' id='word_1_94' title='bbox 526 1656 570 1703; x_wconf 88' lang='lat' dir='ltr'><strong>a</strong></span> <span class='ocrx_word' id='word_1_95' title='bbox 598 1637 801 1725; x_wconf 80' lang='lat' dir='ltr'><strong>plaga</strong></span> <span class='ocrx_word' id='word_1_96' title='bbox 834 1638 1135 1706; x_wconf 85' lang='lat' dir='ltr'><strong>orientali</strong></span> <span class='ocrx_word' id='word_1_97' title='bbox 1168 1636 1256 1703; x_wconf 86' lang='lat' dir='ltr'><strong>ad</strong></span> <span class='ocrx_word' id='word_1_98' title='bbox 1288 1638 1492 1704; x_wconf 90' lang='lat' dir='ltr'><strong>Sudal</strong></span> <span class='ocrx_word' id='word_1_99' title='bbox 1525 1637 1866 1724; x_wconf 80' lang='lat' dir='ltr'><strong>applicuit.</strong></span> <span class='ocrx_word' id='word_1_100' title='bbox 1908 1639 2141 1707; x_wconf 88' lang='lat' dir='ltr'><strong>Altera</strong></span> <span class='ocrx_word' id='word_1_101' title='bbox 2175 1658 2330 1707; x_wconf 81' lang='lat' dir='ltr'><strong>vero</strong></span> <span class='ocrx_word' id='word_1_102' title='bbox 2366 1657 2521 1725; x_wconf 90' lang='lat' dir='ltr'><strong>pars</strong></span> 
     </span>
     <span class='ocr_line' id='line_1_14' title="bbox 255 1739 2521 1832; baseline 0.002 -21"><span class='ocrx_word' id='word_1_103' title='bbox 255 1763 489 1813; x_wconf 84' lang='lat' dir='ltr'><strong>versus</strong></span> <span class='ocrx_word' id='word_1_104' title='bbox 522 1745 856 1814; x_wconf 87' lang='lat' dir='ltr'><strong>meridiem</strong></span> <span class='ocrx_word' id='word_1_105' title='bbox 905 1745 1039 1813; x_wconf 83' lang='lat' dir='ltr'><strong>iam</strong></span> <span class='ocrx_word' id='word_1_106' title='bbox 1072 1739 1235 1813; x_wconf 85' lang='lat' dir='ltr'><strong>fines</strong></span> <span class='ocrx_word' id='word_1_107' title='bbox 1268 1746 1612 1831; x_wconf 88' lang='lat' dir='ltr'><strong>Recennie,</strong></span> <span class='ocrx_word' id='word_1_108' title='bbox 1666 1747 1842 1832; x_wconf 91' lang='lat' dir='ltr'><strong>quod</strong></span> <span class='ocrx_word' id='word_1_109' title='bbox 1874 1756 1975 1816; x_wconf 89' lang='lat' dir='ltr'><strong>est</strong></span> <span class='ocrx_word' id='word_1_110' title='bbox 2023 1749 2196 1815; x_wconf 85' lang='lat' dir='ltr'><strong>alius</strong></span> <span class='ocrx_word' id='word_1_111' title='bbox 2230 1749 2521 1815; x_wconf 88' lang='lat' dir='ltr'><strong>Ducatus</strong></span> 
     </span>
     <span class='ocr_line' id='line_1_15' title="bbox 255 1853 2521 1943; baseline 0 -22"><span class='ocrx_word' id='word_1_112' title='bbox 255 1857 652 1922; x_wconf 83' lang='lat' dir='ltr'><strong>Rutenorum</strong></span> <span class='ocrx_word' id='word_1_113' title='bbox 685 1853 878 1943; x_wconf 74' lang='lat' dir='ltr'><strong>(ig-y),</strong></span> <span class='ocrx_word' id='word_1_114' title='bbox 911 1876 1107 1942; x_wconf 90' lang='lat' dir='ltr'><strong>quam</strong></span> <span class='ocrx_word' id='word_1_115' title='bbox 1141 1873 1471 1938; x_wconf 88' lang='lat' dir='ltr'><strong>uunquam</strong></span> <span class='ocrx_word' id='word_1_116' title='bbox 1504 1856 1997 1943; x_wconf 85' lang='lat' dir='ltr'><strong>expugnabant.</strong></span> <span class='ocrx_word' id='word_1_117' title='bbox 2047 1855 2273 1922; x_wconf 84' lang='lat' dir='ltr'><strong>Tertia</strong></span> <span class='ocrx_word' id='word_1_118' title='bbox 2303 1861 2521 1926; x_wconf 88' lang='lat' dir='ltr'><strong>autem</strong></span> 
     </span>
     <span class='ocr_line' id='line_1_16' title="bbox 253 1963 2524 2051; baseline 0 -21"><span class='ocrx_word' id='word_1_119' title='bbox 253 1983 411 2048; x_wconf 86' lang='lat' dir='ltr'><strong>pars</strong></span> <span class='ocrx_word' id='word_1_120' title='bbox 461 1971 692 2032; x_wconf 89' lang='lat' dir='ltr'><strong>eontra</strong></span> <span class='ocrx_word' id='word_1_121' title='bbox 740 1963 1008 2031; x_wconf 88' lang='lat' dir='ltr'><strong>fluvium</strong></span> <span class='ocrx_word' id='word_1_122' title='bbox 1038 1966 1182 2032; x_wconf 90' lang='lat' dir='ltr'><strong>Den</strong></span> <span class='ocrx_word' id='word_1_123' title='bbox 1231 1984 1437 2051; x_wconf 90' lang='lat' dir='ltr'><strong>prope</strong></span> <span class='ocrx_word' id='word_1_124' title='bbox 1488 1970 1776 2031; x_wconf 82' lang='lat' dir='ltr'><strong>castrum</strong></span> <span class='ocrx_word' id='word_1_125' title='bbox 1809 1963 2216 2050; x_wconf 85' lang='lat' dir='ltr'><strong>Oveheruch‚</strong></span> <span class='ocrx_word' id='word_1_126' title='bbox 2267 1964 2376 2048; x_wconf 92' lang='lat' dir='ltr'><strong>qui</strong></span> <span class='ocrx_word' id='word_1_127' title='bbox 2424 1970 2524 2030; x_wconf 88' lang='lat' dir='ltr'><strong>est</strong></span> 
     </span>
     <span class='ocr_line' id='line_1_17' title="bbox 255 2070 2520 2160; baseline 0 -24"><span class='ocrx_word' id='word_1_128' title='bbox 255 2070 429 2139; x_wconf 89' lang='lat' dir='ltr'><strong>alius</strong></span> <span class='ocrx_word' id='word_1_129' title='bbox 460 2072 754 2139; x_wconf 87' lang='lat' dir='ltr'><strong>Ducatus</strong></span> <span class='ocrx_word' id='word_1_130' title='bbox 783 2073 1250 2159; x_wconf 90' lang='lat' dir='ltr'><strong>Ruthenorum,</strong></span> <span class='ocrx_word' id='word_1_131' title='bbox 1283 2074 1655 2159; x_wconf 89' lang='lat' dir='ltr'><strong>residebat;</strong></span> <span class='ocrx_word' id='word_1_132' title='bbox 1710 2073 1777 2139; x_wconf 90' lang='lat' dir='ltr'><strong>hi</strong></span> <span class='ocrx_word' id='word_1_133' title='bbox 1813 2070 1996 2160; x_wconf 87' lang='lat' dir='ltr'><strong>(hoc)</strong></span> <span class='ocrx_word' id='word_1_134' title='bbox 2033 2078 2251 2139; x_wconf 90' lang='lat' dir='ltr'><strong>tamen</strong></span> <span class='ocrx_word' id='word_1_135' title='bbox 2286 2092 2520 2158; x_wconf 86' lang='lat' dir='ltr'><strong>expec-</strong></span> 
     </span>
     <span class='ocr_line' id='line_1_18' title="bbox 253 2179 2519 2268; baseline 0 -24"><span class='ocrx_word' id='word_1_136' title='bbox 253 2186 498 2263; x_wconf 85' lang='lat' dir='ltr'><strong>tantes,</strong></span> <span class='ocrx_word' id='word_1_137' title='bbox 551 2181 722 2266; x_wconf 92' lang='lat' dir='ltr'><strong>quod</strong></span> <span class='ocrx_word' id='word_1_138' title='bbox 772 2181 942 2247; x_wconf 89' lang='lat' dir='ltr'><strong>sicut</strong></span> <span class='ocrx_word' id='word_1_139' title='bbox 993 2188 1058 2247; x_wconf 84' lang='lat' dir='ltr'><strong>et</strong></span> <span class='ocrx_word' id='word_1_140' title='bbox 1108 2181 1238 2268; x_wconf 90' lang='lat' dir='ltr'><strong>ipsi</strong></span> <span class='ocrx_word' id='word_1_141' title='bbox 1270 2181 1573 2265; x_wconf 87' lang='lat' dir='ltr'><strong>Rutheni,</strong></span> <span class='ocrx_word' id='word_1_142' title='bbox 1627 2180 1903 2266; x_wconf 89' lang='lat' dir='ltr'><strong>Ungari‚</strong></span> <span class='ocrx_word' id='word_1_143' title='bbox 1954 2186 2018 2247; x_wconf 87' lang='lat' dir='ltr'><strong>et</strong></span> <span class='ocrx_word' id='word_1_144' title='bbox 2056 2179 2347 2267; x_wconf 86' lang='lat' dir='ltr'><strong>Bulgari,</strong></span> <span class='ocrx_word' id='word_1_145' title='bbox 2408 2179 2519 2263; x_wconf 93' lang='lat' dir='ltr'><strong>qui</strong></span> 
     </span>
     <span class='ocr_line' id='line_1_19' title="bbox 256 2286 2518 2373; baseline 0.001 -20"><span class='ocrx_word' id='word_1_146' title='bbox 256 2291 411 2353; x_wconf 84' lang='lat' dir='ltr'><strong>ante</strong></span> <span class='ocrx_word' id='word_1_147' title='bbox 462 2306 576 2353; x_wconf 93' lang='lat' dir='ltr'><strong>eos</strong></span> <span class='ocrx_word' id='word_1_148' title='bbox 628 2286 906 2373; x_wconf 84' lang='lat' dir='ltr'><strong>fuerant,</strong></span> <span class='ocrx_word' id='word_1_149' title='bbox 960 2287 1114 2354; x_wconf 81' lang='lat' dir='ltr'><strong>viva</strong></span> <span class='ocrx_word' id='word_1_150' title='bbox 1165 2306 1322 2354; x_wconf 87' lang='lat' dir='ltr'><strong>voce</strong></span> <span class='ocrx_word' id='word_1_151' title='bbox 1374 2288 1566 2355; x_wconf 87' lang='lat' dir='ltr'><strong>nobis</strong></span> <span class='ocrx_word' id='word_1_152' title='bbox 1616 2286 2029 2354; x_wconf 78' lang='lat' dir='ltr'><strong>referebant:</strong></span> <span class='ocrx_word' id='word_1_153' title='bbox 2092 2286 2286 2372; x_wconf 90' lang='lat' dir='ltr'><strong>quod,</strong></span> <span class='ocrx_word' id='word_1_154' title='bbox 2340 2293 2518 2355; x_wconf 88' lang='lat' dir='ltr'><strong>terra</strong></span> 
     </span>
     <span class='ocr_line' id='line_1_20' title="bbox 255 2393 2518 2485; baseline 0.002 -26"><span class='ocrx_word' id='word_1_155' title='bbox 255 2393 474 2460; x_wconf 86' lang='lat' dir='ltr'><strong>fluviis</strong></span> <span class='ocrx_word' id='word_1_156' title='bbox 497 2400 563 2460; x_wconf 90' lang='lat' dir='ltr'><strong>et</strong></span> <span class='ocrx_word' id='word_1_157' title='bbox 580 2394 935 2481; x_wconf 85' lang='lat' dir='ltr'><strong>paludibus</strong></span> <span class='ocrx_word' id='word_1_158' title='bbox 957 2395 1025 2461; x_wconf 92' lang='lat' dir='ltr'><strong>in</strong></span> <span class='ocrx_word' id='word_1_159' title='bbox 1045 2395 1344 2481; x_wconf 81' lang='lat' dir='ltr'><strong>proxima</strong></span> <span class='ocrx_word' id='word_1_160' title='bbox 1362 2394 1578 2462; x_wconf 89' lang='lat' dir='ltr'><strong>hieme</strong></span> <span class='ocrx_word' id='word_1_161' title='bbox 1603 2395 1991 2485; x_wconf 85' lang='lat' dir='ltr'><strong>congelatis,</strong></span> <span class='ocrx_word' id='word_1_162' title='bbox 2025 2400 2228 2462; x_wconf 88' lang='lat' dir='ltr'><strong>totam</strong></span> <span class='ocrx_word' id='word_1_163' title='bbox 2250 2396 2518 2463; x_wconf 82' lang='lat' dir='ltr'><strong>Ruziam</strong></span> 
     </span>
     <span class='ocr_line' id='line_1_21' title="bbox 254 2500 2519 2590; baseline 0 -21"><span class='ocrx_word' id='word_1_164' title='bbox 254 2501 378 2569; x_wconf 89' lang='lat' dir='ltr'><strong>toti</strong></span> <span class='ocrx_word' id='word_1_165' title='bbox 411 2501 803 2570; x_wconf 86' lang='lat' dir='ltr'><strong>multitudini</strong></span> <span class='ocrx_word' id='word_1_166' title='bbox 856 2502 953 2567; x_wconf 88' lang='lat' dir='ltr'><strong>sie</strong></span> <span class='ocrx_word' id='word_1_167' title='bbox 986 2500 1181 2569; x_wconf 86' lang='lat' dir='ltr'><strong>facile</strong></span> <span class='ocrx_word' id='word_1_168' title='bbox 1214 2509 1317 2569; x_wconf 92' lang='lat' dir='ltr'><strong>est</strong></span> <span class='ocrx_word' id='word_1_169' title='bbox 1348 2503 1446 2570; x_wconf 87' lang='lat' dir='ltr'><strong>eis</strong></span> <span class='ocrx_word' id='word_1_170' title='bbox 1482 2502 1846 2589; x_wconf 87' lang='lat' dir='ltr'><strong>depredari,</strong></span> <span class='ocrx_word' id='word_1_171' title='bbox 1894 2502 2117 2590; x_wconf 89' lang='lat' dir='ltr'><strong>(sieut)</strong></span> <span class='ocrx_word' id='word_1_172' title='bbox 2150 2509 2358 2570; x_wconf 86' lang='lat' dir='ltr'><strong>totam</strong></span> <span class='ocrx_word' id='word_1_173' title='bbox 2391 2510 2519 2572; x_wconf 86' lang='lat' dir='ltr'><strong>ter-</strong></span> 
     </span>
     <span class='ocr_line' id='line_1_22' title="bbox 253 2609 2514 2698; baseline 0.001 -20"><span class='ocrx_word' id='word_1_174' title='bbox 253 2633 397 2678; x_wconf 88' lang='lat' dir='ltr'><strong>ram</strong></span> <span class='ocrx_word' id='word_1_175' title='bbox 430 2612 888 2679; x_wconf 87' lang='lat' dir='ltr'><strong>Ruthenorum.</strong></span> <span class='ocrx_word' id='word_1_176' title='bbox 940 2609 1051 2677; x_wconf 82' lang='lat' dir='ltr'><strong>Sic</strong></span> <span class='ocrx_word' id='word_1_177' title='bbox 1083 2616 1300 2679; x_wconf 90' lang='lat' dir='ltr'><strong>tamen</strong></span> <span class='ocrx_word' id='word_1_178' title='bbox 1338 2611 1730 2698; x_wconf 86' lang='lat' dir='ltr'><strong>intelligatis</strong></span> <span class='ocrx_word' id='word_1_179' title='bbox 1762 2611 1883 2678; x_wconf 90' lang='lat' dir='ltr'><strong>hec</strong></span> <span class='ocrx_word' id='word_1_180' title='bbox 1916 2613 2158 2697; x_wconf 90' lang='lat' dir='ltr'><strong>omnia,</strong></span> <span class='ocrx_word' id='word_1_181' title='bbox 2197 2611 2370 2698; x_wconf 90' lang='lat' dir='ltr'><strong>quod</strong></span> <span class='ocrx_word' id='word_1_182' title='bbox 2400 2611 2514 2680; x_wconf 90' lang='lat' dir='ltr'><strong>ille</strong></span> 
     </span>
     <span class='ocr_line' id='line_1_23' title="bbox 255 2718 2514 2807; baseline -0.001 -20"><span class='ocrx_word' id='word_1_183' title='bbox 255 2721 622 2804; x_wconf 82' lang='lat' dir='ltr'><strong>Gurgatam</strong></span> <span class='ocrx_word' id='word_1_184' title='bbox 652 2720 827 2804; x_wconf 82' lang='lat' dir='ltr'><strong>Dux,</strong></span> <span class='ocrx_word' id='word_1_185' title='bbox 859 2720 1158 2807; x_wconf 87' lang='lat' dir='ltr'><strong>primitus</strong></span> <span class='ocrx_word' id='word_1_186' title='bbox 1191 2721 1304 2806; x_wconf 90' lang='lat' dir='ltr'><strong>qui</strong></span> <span class='ocrx_word' id='word_1_187' title='bbox 1342 2721 1582 2788; x_wconf 90' lang='lat' dir='ltr'><strong>bellum</strong></span> <span class='ocrx_word' id='word_1_188' title='bbox 1616 2719 1972 2805; x_wconf 81' lang='lat' dir='ltr'><strong>inchoavit,</strong></span> <span class='ocrx_word' id='word_1_189' title='bbox 2021 2728 2123 2786; x_wconf 91' lang='lat' dir='ltr'><strong>est</strong></span> <span class='ocrx_word' id='word_1_190' title='bbox 2152 2718 2514 2804; x_wconf 85' lang='lat' dir='ltr'><strong>defunctus.</strong></span> 
     </span>
     <span class='ocr_line' id='line_1_24' title="bbox 253 2826 2519 2915; baseline 0 -21"><span class='ocrx_word' id='word_1_191' title='bbox 253 2828 446 2895; x_wconf 87' lang='lat' dir='ltr'><strong>Nune</strong></span> <span class='ocrx_word' id='word_1_192' title='bbox 477 2838 692 2896; x_wconf 86' lang='lat' dir='ltr'><strong>autem</strong></span> <span class='ocrx_word' id='word_1_193' title='bbox 745 2829 919 2896; x_wconf 90' lang='lat' dir='ltr'><strong>filius</strong></span> <span class='ocrx_word' id='word_1_194' title='bbox 969 2829 1109 2895; x_wconf 86' lang='lat' dir='ltr'><strong>eius</strong></span> <span class='ocrx_word' id='word_1_195' title='bbox 1145 2828 1397 2915; x_wconf 85' lang='lat' dir='ltr'><strong>Chaym</strong></span> <span class='ocrx_word' id='word_1_196' title='bbox 1429 2834 1663 2915; x_wconf 83' lang='lat' dir='ltr'><strong>regnat</strong></span> <span class='ocrx_word' id='word_1_197' title='bbox 1717 2849 1836 2913; x_wconf 87' lang='lat' dir='ltr'><strong>pro</strong></span> <span class='ocrx_word' id='word_1_198' title='bbox 1869 2826 2122 2912; x_wconf 90' lang='lat' dir='ltr'><strong>eodem,</strong></span> <span class='ocrx_word' id='word_1_199' title='bbox 2174 2835 2237 2894; x_wconf 89' lang='lat' dir='ltr'><strong>et</strong></span> <span class='ocrx_word' id='word_1_200' title='bbox 2277 2828 2519 2896; x_wconf 84' lang='lat' dir='ltr'><strong>residet</strong></span> 
     </span>
     <span class='ocr_line' id='line_1_25' title="bbox 253 2936 2519 3023; baseline 0 -20"><span class='ocrx_word' id='word_1_201' title='bbox 253 2937 325 3003; x_wconf 90' lang='lat' dir='ltr'><strong>in</strong></span> <span class='ocrx_word' id='word_1_202' title='bbox 358 2936 628 3005; x_wconf 82' lang='lat' dir='ltr'><strong>civitate</strong></span> <span class='ocrx_word' id='word_1_203' title='bbox 660 2957 902 3022; x_wconf 89' lang='lat' dir='ltr'><strong>magna</strong></span> <span class='ocrx_word' id='word_1_204' title='bbox 932 2936 1214 3023; x_wconf 88' lang='lat' dir='ltr'><strong>Ornach,</strong></span> <span class='ocrx_word' id='word_1_205' title='bbox 1268 2938 1454 3003; x_wconf 86' lang='lat' dir='ltr'><strong>cuius</strong></span> <span class='ocrx_word' id='word_1_206' title='bbox 1486 2938 1785 3022; x_wconf 86' lang='lat' dir='ltr'><strong>Regnum</strong></span> <span class='ocrx_word' id='word_1_207' title='bbox 1825 2936 2105 3004; x_wconf 87' lang='lat' dir='ltr'><strong>obtinuit</strong></span> <span class='ocrx_word' id='word_1_208' title='bbox 2154 2942 2340 3022; x_wconf 87' lang='lat' dir='ltr'><strong>pater</strong></span> <span class='ocrx_word' id='word_1_209' title='bbox 2375 2938 2519 3003; x_wconf 90' lang='lat' dir='ltr'><strong>eius</strong></span> 
     </span>
     <span class='ocr_line' id='line_1_26' title="bbox 251 3033 2515 3133; baseline -0.001 -21"><span class='ocrx_word' id='word_1_210' title='bbox 251 3045 464 3133; x_wconf 80' lang='lat' dir='ltr'><strong>prima</strong></span> <span class='ocrx_word' id='word_1_211' title='bbox 512 3044 744 3113; x_wconf 84' lang='lat' dir='ltr'><strong>fronte.</strong></span> <span class='ocrx_word' id='word_1_212' title='bbox 795 3045 1067 3113; x_wconf 87' lang='lat' dir='ltr'><strong>Residet</strong></span> <span class='ocrx_word' id='word_1_213' title='bbox 1098 3052 1315 3112; x_wconf 77' lang='lat' dir='ltr'><strong>autem</strong></span> <span class='ocrx_word' id='word_1_214' title='bbox 1364 3046 1484 3111; x_wconf 85' lang='lat' dir='ltr'><strong>tali</strong></span> <span class='ocrx_word' id='word_1_215' title='bbox 1517 3045 1748 3112; x_wconf 84' lang='lat' dir='ltr'><strong>modo:</strong></span> <span class='ocrx_word' id='word_1_216' title='bbox 1784 3044 2108 3110; x_wconf 88' lang='lat' dir='ltr'><strong>Palatium</strong></span> <span class='ocrx_word' id='word_1_217' title='bbox 2142 3044 2341 3110; x_wconf 89' lang='lat' dir='ltr'><strong>habet</strong></span> <span class='ocrx_word' id='word_1_218' title='bbox 2379 3033 2515 3111; x_wconf 80' lang='lat' dir='ltr'><strong>tam</strong></span> 
     </span>
     <span class='ocr_line' id='line_1_27' title="bbox 255 3150 2512 3238; baseline -0.001 -18"><span class='ocrx_word' id='word_1_219' title='bbox 255 3174 588 3238; x_wconf 86' lang='lat' dir='ltr'><strong>magnum,</strong></span> <span class='ocrx_word' id='word_1_220' title='bbox 640 3152 815 3238; x_wconf 91' lang='lat' dir='ltr'><strong>quod</strong></span> <span class='ocrx_word' id='word_1_221' title='bbox 852 3153 1028 3220; x_wconf 91' lang='lat' dir='ltr'><strong>mille</strong></span> <span class='ocrx_word' id='word_1_222' title='bbox 1081 3154 1336 3238; x_wconf 86' lang='lat' dir='ltr'><strong>equites</strong></span> <span class='ocrx_word' id='word_1_223' title='bbox 1389 3153 1633 3221; x_wconf 87' lang='lat' dir='ltr'><strong>intrant</strong></span> <span class='ocrx_word' id='word_1_224' title='bbox 1683 3173 1802 3238; x_wconf 94' lang='lat' dir='ltr'><strong>per</strong></span> <span class='ocrx_word' id='word_1_225' title='bbox 1854 3171 2048 3218; x_wconf 91' lang='lat' dir='ltr'><strong>unum</strong></span> <span class='ocrx_word' id='word_1_226' title='bbox 2099 3150 2404 3237; x_wconf 88' lang='lat' dir='ltr'><strong>hostium,</strong></span> <span class='ocrx_word' id='word_1_227' title='bbox 2446 3159 2512 3219; x_wconf 92' lang='lat' dir='ltr'><strong>et</strong></span> 
     </span>
     <span class='ocr_line' id='line_1_28' title="bbox 253 3259 2512 3350; baseline 0.001 -23"><span class='ocrx_word' id='word_1_228' title='bbox 253 3261 453 3328; x_wconf 91' lang='lat' dir='ltr'><strong>iidem</strong></span> <span class='ocrx_word' id='word_1_229' title='bbox 502 3260 743 3349; x_wconf 89' lang='lat' dir='ltr'><strong>(eidem</strong></span> <span class='ocrx_word' id='word_1_230' title='bbox 766 3260 830 3350; x_wconf 72' lang='lat' dir='ltr'><strong>P)</strong></span> <span class='ocrx_word' id='word_1_231' title='bbox 865 3262 1257 3329; x_wconf 86' lang='lat' dir='ltr'><strong>inclinantes</strong></span> <span class='ocrx_word' id='word_1_232' title='bbox 1308 3261 1562 3347; x_wconf 87' lang='lat' dir='ltr'><strong>equites</strong></span> <span class='ocrx_word' id='word_1_233' title='bbox 1595 3268 1835 3328; x_wconf 85' lang='lat' dir='ltr'><strong>exeunt</strong></span> <span class='ocrx_word' id='word_1_234' title='bbox 1884 3259 2306 3328; x_wconf 89' lang='lat' dir='ltr'><strong>nihilominus</strong></span> <span class='ocrx_word' id='word_1_235' title='bbox 2357 3261 2512 3329; x_wconf 88' lang='lat' dir='ltr'><strong>insi-</strong></span> 
     </span>
     <span class='ocr_line' id='line_1_29' title="bbox 255 3370 2514 3460; baseline 0 -23"><span class='ocrx_word' id='word_1_236' title='bbox 255 3371 506 3441; x_wconf 70' lang='lat' dir='ltr'><strong>denteS.</strong></span> <span class='ocrx_word' id='word_1_237' title='bbox 557 3373 709 3439; x_wconf 84' lang='lat' dir='ltr'><strong>Dux</strong></span> <span class='ocrx_word' id='word_1_238' title='bbox 761 3381 976 3439; x_wconf 85' lang='lat' dir='ltr'><strong>autem</strong></span> <span class='ocrx_word' id='word_1_239' title='bbox 1030 3373 1325 3460; x_wconf 88' lang='lat' dir='ltr'><strong>prefatus</strong></span> <span class='ocrx_word' id='word_1_240' title='bbox 1374 3372 1636 3459; x_wconf 84' lang='lat' dir='ltr'><strong>paravit</strong></span> <span class='ocrx_word' id='word_1_241' title='bbox 1682 3371 1811 3439; x_wconf 89' lang='lat' dir='ltr'><strong>sibi</strong></span> <span class='ocrx_word' id='word_1_242' title='bbox 1861 3372 2099 3437; x_wconf 89' lang='lat' dir='ltr'><strong>lectum</strong></span> <span class='ocrx_word' id='word_1_243' title='bbox 2147 3370 2398 3457; x_wconf 85' lang='lat' dir='ltr'><strong>grande</strong></span> <span class='ocrx_word' id='word_1_244' title='bbox 2447 3380 2514 3438; x_wconf 91' lang='lat' dir='ltr'><strong>et</strong></span> 
     </span>
     <span class='ocr_line' id='line_1_30' title="bbox 253 3478 2511 3567; baseline 0.001 -21"><span class='ocrx_word' id='word_1_245' title='bbox 253 3480 481 3567; x_wconf 86' lang='lat' dir='ltr'><strong>altum,</strong></span> <span class='ocrx_word' id='word_1_246' title='bbox 534 3478 854 3547; x_wconf 88' lang='lat' dir='ltr'><strong>columnis</strong></span> <span class='ocrx_word' id='word_1_247' title='bbox 902 3481 1121 3548; x_wconf 89' lang='lat' dir='ltr'><strong>aureis</strong></span> <span class='ocrx_word' id='word_1_248' title='bbox 1152 3480 1424 3547; x_wconf 84' lang='lat' dir='ltr'><strong>inixum.</strong></span> <span class='ocrx_word' id='word_1_249' title='bbox 1478 3482 1751 3547; x_wconf 90' lang='lat' dir='ltr'><strong>Lectum</strong></span> <span class='ocrx_word' id='word_1_250' title='bbox 1802 3478 2071 3565; x_wconf 89' lang='lat' dir='ltr'><strong>inquam</strong></span> <span class='ocrx_word' id='word_1_251' title='bbox 2103 3500 2392 3567; x_wconf 90' lang='lat' dir='ltr'><strong>aureum,</strong></span> <span class='ocrx_word' id='word_1_252' title='bbox 2445 3487 2511 3549; x_wconf 92' lang='lat' dir='ltr'><strong>et</strong></span> 
     </span>
     <span class='ocr_line' id='line_1_31' title="bbox 253 3586 2507 3677; baseline 0.001 -23"><span class='ocrx_word' id='word_1_253' title='bbox 253 3587 737 3674; x_wconf 87' lang='lat' dir='ltr'><strong>preciosissime</strong></span> <span class='ocrx_word' id='word_1_254' title='bbox 769 3596 1166 3677; x_wconf 87' lang='lat' dir='ltr'><strong>coopertum,</strong></span> <span class='ocrx_word' id='word_1_255' title='bbox 1199 3590 1268 3656; x_wconf 92' lang='lat' dir='ltr'><strong>in</strong></span> <span class='ocrx_word' id='word_1_256' title='bbox 1302 3607 1430 3673; x_wconf 93' lang='lat' dir='ltr'><strong>quo</strong></span> <span class='ocrx_word' id='word_1_257' title='bbox 1462 3588 1649 3656; x_wconf 90' lang='lat' dir='ltr'><strong>sedet</strong></span> <span class='ocrx_word' id='word_1_258' title='bbox 1682 3586 1871 3674; x_wconf 86' lang='lat' dir='ltr'><strong>quasi</strong></span> <span class='ocrx_word' id='word_1_259' title='bbox 1902 3587 2252 3676; x_wconf 84' lang='lat' dir='ltr'><strong>gloriosus,</strong></span> <span class='ocrx_word' id='word_1_260' title='bbox 2291 3597 2356 3658; x_wconf 94' lang='lat' dir='ltr'><strong>et</strong></span> <span class='ocrx_word' id='word_1_261' title='bbox 2386 3590 2507 3657; x_wconf 89' lang='lat' dir='ltr'><strong>eir-</strong></span> 
     </span>
     <span class='ocr_line' id='line_1_32' title="bbox 253 3695 2510 3785; baseline 0.002 -24"><span class='ocrx_word' id='word_1_262' title='bbox 253 3695 596 3764; x_wconf 84' lang='lat' dir='ltr'><strong>cumdatus</strong></span> <span class='ocrx_word' id='word_1_263' title='bbox 628 3697 1122 3782; x_wconf 86' lang='lat' dir='ltr'><strong>gloriosissimis</strong></span> <span class='ocrx_word' id='word_1_264' title='bbox 1155 3697 1568 3765; x_wconf 89' lang='lat' dir='ltr'><strong>indumentis.</strong></span> <span class='ocrx_word' id='word_1_265' title='bbox 1629 3696 1866 3766; x_wconf 83' lang='lat' dir='ltr'><strong>Hostia</strong></span> <span class='ocrx_word' id='word_1_266' title='bbox 1897 3707 2115 3768; x_wconf 87' lang='lat' dir='ltr'><strong>autem</strong></span> <span class='ocrx_word' id='word_1_267' title='bbox 2152 3698 2360 3785; x_wconf 88' lang='lat' dir='ltr'><strong>ipsius</strong></span> <span class='ocrx_word' id='word_1_268' title='bbox 2395 3719 2510 3785; x_wconf 90' lang='lat' dir='ltr'><strong>pa-</strong></span> 
     </span>
     <span class='ocr_line' id='line_1_33' title="bbox 251 3804 2511 3892; baseline 0.003 -22"><span class='ocrx_word' id='word_1_269' title='bbox 251 3804 395 3872; x_wconf 87' lang='lat' dir='ltr'><strong>latii</strong></span> <span class='ocrx_word' id='word_1_270' title='bbox 448 3826 565 3892; x_wconf 91' lang='lat' dir='ltr'><strong>per</strong></span> <span class='ocrx_word' id='word_1_271' title='bbox 615 3812 819 3874; x_wconf 89' lang='lat' dir='ltr'><strong>totum</strong></span> <span class='ocrx_word' id='word_1_272' title='bbox 869 3826 1076 3874; x_wconf 91' lang='lat' dir='ltr'><strong>aurea</strong></span> <span class='ocrx_word' id='word_1_273' title='bbox 1124 3815 1294 3873; x_wconf 90' lang='lat' dir='ltr'><strong>sunt.</strong></span> <span class='ocrx_word' id='word_1_274' title='bbox 1359 3808 1484 3874; x_wconf 91' lang='lat' dir='ltr'><strong>Per</strong></span> <span class='ocrx_word' id='word_1_275' title='bbox 1534 3826 1658 3892; x_wconf 91' lang='lat' dir='ltr'><strong>que</strong></span> <span class='ocrx_word' id='word_1_276' title='bbox 1710 3806 1964 3889; x_wconf 88' lang='lat' dir='ltr'><strong>equites</strong></span> <span class='ocrx_word' id='word_1_277' title='bbox 2015 3806 2118 3873; x_wconf 92' lang='lat' dir='ltr'><strong>sui</strong></span> <span class='ocrx_word' id='word_1_278' title='bbox 2170 3813 2511 3877; x_wconf 87' lang='lat' dir='ltr'><strong>transeunt</strong></span> 
     </span>
     <span class='ocr_line' id='line_1_34' title="bbox 255 3914 2510 4004; baseline 0.002 -25"><span class='ocrx_word' id='word_1_279' title='bbox 255 3914 666 4003; x_wconf 86' lang='lat' dir='ltr'><strong>inclinantes,</strong></span> <span class='ocrx_word' id='word_1_280' title='bbox 702 3926 765 3983; x_wconf 89' lang='lat' dir='ltr'><strong>et</strong></span> <span class='ocrx_word' id='word_1_281' title='bbox 798 3916 1179 4002; x_wconf 72' lang='lat' dir='ltr'><strong>incolomeS,</strong></span> <span class='ocrx_word' id='word_1_282' title='bbox 1215 3924 1281 3984; x_wconf 89' lang='lat' dir='ltr'><strong>et</strong></span> <span class='ocrx_word' id='word_1_283' title='bbox 1300 3917 1571 3985; x_wconf 90' lang='lat' dir='ltr'><strong>imunes.</strong></span> <span class='ocrx_word' id='word_1_284' title='bbox 1604 3916 1824 3985; x_wconf 89' lang='lat' dir='ltr'><strong>Alieni</strong></span> <span class='ocrx_word' id='word_1_285' title='bbox 1857 3917 1960 3984; x_wconf 85' lang='lat' dir='ltr'><strong>sui</strong></span> <span class='ocrx_word' id='word_1_286' title='bbox 1981 3917 2210 4004; x_wconf 89' lang='lat' dir='ltr'><strong>nuntii,</strong></span> <span class='ocrx_word' id='word_1_287' title='bbox 2243 3918 2303 3984; x_wconf 90' lang='lat' dir='ltr'><strong>si</strong></span> <span class='ocrx_word' id='word_1_288' title='bbox 2333 3919 2510 4004; x_wconf 88' lang='lat' dir='ltr'><strong>equi.</strong></span> 
     </span>
     <span class='ocr_line' id='line_1_35' title="bbox 251 4022 2508 4113; baseline -0 -21"><span class='ocrx_word' id='word_1_289' title='bbox 251 4028 353 4092; x_wconf 84' lang='lat' dir='ltr'><strong>tes</strong></span> <span class='ocrx_word' id='word_1_290' title='bbox 383 4029 724 4091; x_wconf 89' lang='lat' dir='ltr'><strong>transeunt</strong></span> <span class='ocrx_word' id='word_1_291' title='bbox 775 4043 893 4110; x_wconf 91' lang='lat' dir='ltr'><strong>per</strong></span> <span class='ocrx_word' id='word_1_292' title='bbox 924 4023 1161 4111; x_wconf 87' lang='lat' dir='ltr'><strong>hostia,</strong></span> <span class='ocrx_word' id='word_1_293' title='bbox 1195 4025 1299 4092; x_wconf 84' lang='lat' dir='ltr'><strong>vel</strong></span> <span class='ocrx_word' id='word_1_294' title='bbox 1332 4022 1609 4113; x_wconf 90' lang='lat' dir='ltr'><strong>pedites,</strong></span> <span class='ocrx_word' id='word_1_295' title='bbox 1661 4025 1719 4092; x_wconf 91' lang='lat' dir='ltr'><strong>si</strong></span> <span class='ocrx_word' id='word_1_296' title='bbox 1754 4024 2034 4112; x_wconf 86' lang='lat' dir='ltr'><strong>pedibus</strong></span> <span class='ocrx_word' id='word_1_297' title='bbox 2067 4023 2266 4093; x_wconf 92' lang='lat' dir='ltr'><strong>limen</strong></span> <span class='ocrx_word' id='word_1_298' title='bbox 2307 4025 2508 4093; x_wconf 90' lang='lat' dir='ltr'><strong>hostii</strong></span> 
     </span>
     <span class='ocr_line' id='line_1_36' title="bbox 252 4131 2507 4222; baseline 0.001 -22"><span class='ocrx_word' id='word_1_299' title='bbox 252 4139 551 4222; x_wconf 87' lang='lat' dir='ltr'><strong>tangunt,</strong></span> <span class='ocrx_word' id='word_1_300' title='bbox 601 4132 846 4200; x_wconf 89' lang='lat' dir='ltr'><strong>ibidem</strong></span> <span class='ocrx_word' id='word_1_301' title='bbox 878 4131 1105 4216; x_wconf 85' lang='lat' dir='ltr'><strong>gladio</strong></span> <span class='ocrx_word' id='word_1_302' title='bbox 1137 4132 1475 4201; x_wconf 86' lang='lat' dir='ltr'><strong>feriuntur.</strong></span> <span class='ocrx_word' id='word_1_303' title='bbox 1510 4133 1640 4200; x_wconf 85' lang='lat' dir='ltr'><strong>Sed</strong></span> <span class='ocrx_word' id='word_1_304' title='bbox 1671 4154 1817 4200; x_wconf 91' lang='lat' dir='ltr'><strong>cum</strong></span> <span class='ocrx_word' id='word_1_305' title='bbox 1849 4153 2104 4202; x_wconf 88' lang='lat' dir='ltr'><strong>summa</strong></span> <span class='ocrx_word' id='word_1_306' title='bbox 2141 4134 2507 4203; x_wconf 86' lang='lat' dir='ltr'><strong>reverentia</strong></span> 
     </span>
     <span class='ocr_line' id='line_1_37' title="bbox 253 4240 2500 4329; baseline -0.001 -19"><span class='ocrx_word' id='word_1_307' title='bbox 253 4248 511 4328; x_wconf 83' lang='lat' dir='ltr'><strong>oportet</strong></span> <span class='ocrx_word' id='word_1_308' title='bbox 542 4241 827 4308; x_wconf 89' lang='lat' dir='ltr'><strong>alienum</strong></span> <span class='ocrx_word' id='word_1_309' title='bbox 878 4240 1237 4325; x_wconf 90' lang='lat' dir='ltr'><strong>quemlibet</strong></span> <span class='ocrx_word' id='word_1_310' title='bbox 1269 4241 1575 4309; x_wconf 87' lang='lat' dir='ltr'><strong>transire.</strong></span> <span class='ocrx_word' id='word_1_311' title='bbox 1624 4242 1700 4309; x_wconf 88' lang='lat' dir='ltr'><strong>In</strong></span> <span class='ocrx_word' id='word_1_312' title='bbox 1730 4242 1851 4309; x_wconf 90' lang='lat' dir='ltr'><strong>tali</strong></span> <span class='ocrx_word' id='word_1_313' title='bbox 1884 4261 2041 4328; x_wconf 90' lang='lat' dir='ltr'><strong>ergo</strong></span> <span class='ocrx_word' id='word_1_314' title='bbox 2074 4262 2317 4329; x_wconf 89' lang='lat' dir='ltr'><strong>pompa</strong></span> <span class='ocrx_word' id='word_1_315' title='bbox 2347 4244 2500 4311; x_wconf 89' lang='lat' dir='ltr'><strong>resi-</strong></span> 
     </span>
     <span class='ocr_line' id='line_1_38' title="bbox 254 4348 2509 4437; baseline 0.001 -20"><span class='ocrx_word' id='word_1_316' title='bbox 254 4351 434 4435; x_wconf 89' lang='lat' dir='ltr'><strong>dens,</strong></span> <span class='ocrx_word' id='word_1_317' title='bbox 485 4349 660 4417; x_wconf 89' lang='lat' dir='ltr'><strong>misit</strong></span> <span class='ocrx_word' id='word_1_318' title='bbox 690 4348 1017 4417; x_wconf 84' lang='lat' dir='ltr'><strong>exercitus</strong></span> <span class='ocrx_word' id='word_1_319' title='bbox 1048 4369 1203 4419; x_wconf 90' lang='lat' dir='ltr'><strong>suos</strong></span> <span class='ocrx_word' id='word_1_320' title='bbox 1236 4369 1352 4437; x_wconf 90' lang='lat' dir='ltr'><strong>per</strong></span> <span class='ocrx_word' id='word_1_321' title='bbox 1379 4350 1677 4419; x_wconf 88' lang='lat' dir='ltr'><strong>diversas</strong></span> <span class='ocrx_word' id='word_1_322' title='bbox 1711 4358 1942 4435; x_wconf 89' lang='lat' dir='ltr'><strong>terras,</strong></span> <span class='ocrx_word' id='word_1_323' title='bbox 1996 4349 2303 4419; x_wconf 83' lang='lat' dir='ltr'><strong>videlieet</strong></span> <span class='ocrx_word' id='word_1_324' title='bbox 2337 4352 2509 4419; x_wconf 86' lang='lat' dir='ltr'><strong>ultra</strong></span> 
     </span>
     <span class='ocr_line' id='line_1_39' title="bbox 255 4456 2555 4544; baseline 0 -19"><span class='ocrx_word' id='word_1_325' title='bbox 255 4479 451 4544; x_wconf 87' lang='lat' dir='ltr'><strong>mare,</strong></span> <span class='ocrx_word' id='word_1_326' title='bbox 502 4458 672 4527; x_wconf 88' lang='lat' dir='ltr'><strong>sicut</strong></span> <span class='ocrx_word' id='word_1_327' title='bbox 721 4456 1065 4543; x_wconf 88' lang='lat' dir='ltr'><strong>credimus,</strong></span> <span class='ocrx_word' id='word_1_328' title='bbox 1120 4464 1186 4525; x_wconf 90' lang='lat' dir='ltr'><strong>et</strong></span> <span class='ocrx_word' id='word_1_329' title='bbox 1217 4464 1463 4543; x_wconf 85' lang='lat' dir='ltr'><strong>quanta</strong></span> <span class='ocrx_word' id='word_1_330' title='bbox 1492 4459 1585 4525; x_wconf 91' lang='lat' dir='ltr'><strong>ibi</strong></span> <span class='ocrx_word' id='word_1_331' title='bbox 1637 4458 1887 4544; x_wconf 84' lang='lat' dir='ltr'><strong>fecerit,</strong></span> <span class='ocrx_word' id='word_1_332' title='bbox 1938 4460 2136 4526; x_wconf 88' lang='lat' dir='ltr'><strong>etiam</strong></span> <span class='ocrx_word' id='word_1_333' title='bbox 2174 4478 2294 4525; x_wconf 84' lang='lat' dir='ltr'><strong>vos</strong></span> <span class='ocrx_word' id='word_1_334' title='bbox 2322 4458 2506 4526; x_wconf 89' lang='lat' dir='ltr'><strong>audi·</strong></span> <span class='ocrx_word' id='word_1_335' title='bbox 2548 4493 2555 4499; x_wconf 92' lang='lat'><strong>·</strong></span> 
     </span>
     <span class='ocr_line' id='line_1_40' title="bbox 253 4567 2507 4655; baseline 0 -22"><span class='ocrx_word' id='word_1_336' title='bbox 253 4567 461 4634; x_wconf 79' lang='lat' dir='ltr'><strong>vistis,</strong></span> <span class='ocrx_word' id='word_1_337' title='bbox 526 4567 747 4635; x_wconf 87' lang='lat' dir='ltr'><strong>Alium</strong></span> <span class='ocrx_word' id='word_1_338' title='bbox 796 4575 1016 4635; x_wconf 90' lang='lat' dir='ltr'><strong>autem</strong></span> <span class='ocrx_word' id='word_1_339' title='bbox 1064 4567 1418 4635; x_wconf 81' lang='lat' dir='ltr'><strong>exercitum</strong></span> <span class='ocrx_word' id='word_1_340' title='bbox 1469 4568 1806 4655; x_wconf 80' lang='lat' dir='ltr'><strong>copiosum</strong></span> <span class='ocrx_word' id='word_1_341' title='bbox 1864 4568 2038 4635; x_wconf 90' lang='lat' dir='ltr'><strong>misit</strong></span> <span class='ocrx_word' id='word_1_342' title='bbox 2095 4568 2279 4634; x_wconf 82' lang='lat' dir='ltr'><strong>iuxta</strong></span> <span class='ocrx_word' id='word_1_343' title='bbox 2329 4586 2507 4635; x_wconf 88' lang='lat' dir='ltr'><strong>mare</strong></span> 
     </span>
     <span class='ocr_line' id='line_1_41' title="bbox 252 4675 2506 4765; baseline 0.001 -22"><span class='ocrx_word' id='word_1_344' title='bbox 252 4694 449 4765; x_wconf 88' lang='lat' dir='ltr'><strong>super</strong></span> <span class='ocrx_word' id='word_1_345' title='bbox 497 4693 722 4745; x_wconf 88' lang='lat' dir='ltr'><strong>omnes</strong></span> <span class='ocrx_word' id='word_1_346' title='bbox 755 4675 1103 4764; x_wconf 85' lang='lat' dir='ltr'><strong>Cumanos,</strong></span> <span class='ocrx_word' id='word_1_347' title='bbox 1157 4676 1268 4761; x_wconf 92' lang='lat' dir='ltr'><strong>qui</strong></span> <span class='ocrx_word' id='word_1_348' title='bbox 1300 4677 1384 4744; x_wconf 88' lang='lat' dir='ltr'><strong>ad</strong></span> <span class='ocrx_word' id='word_1_349' title='bbox 1424 4682 1648 4763; x_wconf 85' lang='lat' dir='ltr'><strong>partes</strong></span> <span class='ocrx_word' id='word_1_350' title='bbox 1682 4675 1974 4762; x_wconf 88' lang='lat' dir='ltr'><strong>Ungarie</strong></span> <span class='ocrx_word' id='word_1_351' title='bbox 2006 4675 2506 4761; x_wconf 88' lang='lat' dir='ltr'><strong>transfugerunt.</strong></span> 
     </span>
    </p>
   </div>
  </div>
 </body>
</html>
