3359 5250
1805 321 1938 387 288

1796 891 1955 963 m·

746 1083 864 1152 Ράῑ
892 1076 1393 1168 ονεεάρόίνόηαῆ,
1442 1103 1486 1144 a
1513 1074 1870 1162 balconybe'li
1914 1074 2183 1162 apdtsdq
2230 1076 2290 1138 e's
2337 1097 2381 1138 a
2407 1070 2658 1141 korkom’
2684 1079 2804 1142 υάν
2837 1074 2982 1162 job-

1270 1187 1500 1274 bdyyai
1524 1184 1686 1250 ksszti
1712 1180 2234 1249 birtokrendezdee.
2266 1178 2462 1246 1249.

956 1385 1199 1452 Paulus
1242 1382 1458 1452 Judex
1486 1379 1654 1448 Aule
1684 1379 1890 1465 Regie
1921 1386 1986 1445 et
2017 1377 2252 1446 Comes
2302 1378 2711 1448 Zaladiensis
2740 1381 2998 1449 vniuer·

743 1495 837 1562 sis
866 1512 1135 1580 presens
1184 1490 1494 1576 scriptum
1522 1486 1923 1556 intuentibus
1962 1489 2242 1554 salutem
2274 1487 2343 1552 in
2371 1507 2468 1573 eo,
2519 1487 2631 1572 qui
2664 1495 2767 1556 est
2813 1488 2995 1557 salus

744 1602 1049 1671 omnium.
1098 1600 1203 1667 Ad
1232 1600 1675 1667 universorum
1728 1595 2026 1664 volumus
2074 1594 2407 1682 peruenire
2436 1596 2765 1684 noticiam,
2819 1597 3000 1682 quod

745 1709 1109 1777 constitutis
1142 1729 1355 1776 ceram
1389 1706 1579 1775 nobis
1608 1705 1927 1791 partibus,
1979 1703 2286 1772 videlicet
2315 1705 2573 1772 Abbate
2610 1712 2676 1773 et
2695 1706 2997 1793 jobagio·

744 1819 937 1886 nibus
968 1815 1348 1885 Monasterii
1380 1816 1462 1882 de
1493 1815 1649 1881 Beel
1682 1833 1763 1879 ex
1795 1832 1927 1879 una
1956 1819 2183 1898 parte3
2217 1819 2281 1880 et
2295 1813 2759 1900 jobagionibus
2780 1814 2997 1882 Castri

743 1927 1019 1993 Korkon
1073 1943 1155 1990 ex
1205 1924 1453 2009 altera,
1525 1921 1966 1988 intelleximus
2015 1920 2296 2008 partium
2347 1941 2690 2007 consensu,
2754 1931 2999 1989 terram

744 2033 903 2100 dicti
931 2032 1332 2116 Monasterij,
1385 2050 1511 2114 que
1543 2029 1968 2096 communiter
2001 2030 2130 2096 sita
2159 2028 2375 2096 fuerat
2404 2036 2578 2098 terre
2607 2031 2998 2118 populorum

746 2142 828 2208 de
858 2141 1019 2207 villa
1048 2139 1297 2223 Scelch,
1332 2139 1568 2205 aratris
1600 2137 1853 2205 duobus
1886 2139 2267 2223 subiectam,
2300 2144 2593 2208 trecenta
2624 2148 2690 2206 et
2718 2140 3002 2224 quadra-

745 2249 932 2332 ginta
953 2250 1191 2334 jugera
1220 2248 1288 2314 in
1320 2265 1392 2313 se
1425 2245 1879 2330 continentem,
1909 2246 2104 2330 Juxta
2139 2252 2433 2314 tenorem
2464 2246 2793 2333 privilegii
2843 2247 3001 2314 Illu-

745 2357 896 2424 stris
947 2362 1101 2422 tunc
1138 2353 1337 2437 Regis
1385 2353 1547 2419 Bele
1599 2352 1812 2419 felicis
1860 2355 2190 2438 memorie,
2243 2374 2287 2421 a
2315 2361 2491 2420 terra
2537 2353 2791 2441 prefate
2837 2353 3000 2420 ville

743 2461 976 2531 Scelch
1006 2459 1245 2528 debere
1273 2459 1630 2547 segregari.
1680 2460 1819 2527 Nos
1855 2460 2077 2545 itaque
2108 2461 2415 2546 congruis
2451 2461 2749 2549 parcium
2780 2462 3000 2546 acqui-

745 2578 1036 2640 escentes
1084 2569 1552 2655 voluntatibus,
1604 2568 1932 2637 mediante
1963 2569 2225 2638 homine
2273 2575 2492 2640 nostro
2542 2570 2859 2638 Michaele
2912 2569 2999 2637 de

745 2681 914 2766 Gely
944 2685 1183 2746 terram
1221 2678 1311 2744 ad
1359 2678 1487 2745 duo
1522 2685 1747 2746 aratra
1794 2698 1837 2744 a
1869 2684 2044 2745 terra
2091 2678 2424 2764 sepedicte
2476 2679 2634 2746 ville
2681 2679 3000 2747 facientes

743 2787 1039 2873 separari
1073 2794 1337 2873 propter
1368 2786 1720 2864 cautellam
1750 2787 2206 2855 altercacionis
2236 2788 2429 2871 juxta
2458 2787 2741 2873 priorem
2771 2805 2995 2853 nume-

742 2915 887 2961 rum
944 2895 1251 2979 jugerum
1316 2915 1359 2962 a
1407 2896 1612 2982 plaga
1671 2895 2189 2982 septemtrionali
2256 2894 2451 2962 sitam
2472 2947 2490 2982 ‚
2556 2894 2764 2962 tribus
2814 2893 2997 2961 villis

745 3002 962 3070 Castri
998 3005 1473 3091 Soproniensis‚
1509 3006 1820 3073 videlicet
1861 3005 2193 3092 Keycuch,
2244 3007 2488 3091 Geztey
2537 3011 2601 3073 et
2627 3005 2831 3073 Surch
2877 3023 3000 3090 per

744 3111 1010 3178 crebras
1043 3111 1231 3179 binas
1281 3118 1513 3197 metas,
1562 3130 1771 3198 vsque
1802 3132 1929 3196 quo
1962 3112 2214 3180 venitur
2260 3112 2351 3179 ad
2381 3110 2699 3193 Grenche‚
2748 3111 2817 3178 in
2846 3131 2999 3198 pos·

744 3218 1103 3287 sessionem
1136 3217 1294 3286 dicti
1324 3221 1704 3306 Monasterij
1756 3219 2027 3287 fecimus
2068 3219 2394 3305 assignari
2443 3226 2755 3307 perpetuo
2783 3220 2996 3306 possi-

745 3326 1046 3394 dendam.
1096 3328 1197 3393 Ne
1225 3326 1425 3412 igitur
1455 3346 1652 3414 super
1683 3327 1858 3394 facto
1906 3327 2077 3394 dicte
2123 3334 2295 3393 terre
2325 3325 2637 3413 temporis
2686 3346 3000 3413 processu

742 3435 1018 3503 nouacio
1047 3437 1155 3503 vel
1184 3436 1268 3503 lis
1300 3436 1528 3522 aliqua
1558 3436 1804 3505 oriatur
1834 3456 1953 3523 pro
1986 3435 2288 3503 distincte
2305 3441 2476 3504 terre
2507 3443 2703 3523 statu,
2734 3436 2821 3504 ad
2852 3456 3003 3524 par·

745 3543 916 3609 cium
946 3544 1336 3630 peticionem
1386 3544 1683 3613 dedimus
1714 3552 2053 3632 presentes
2083 3544 2336 3613 litteras
2385 3544 2591 3631 sigilli
2623 3546 2827 3613 nostri
2859 3565 2997 3611 mu-

742 3651 985 3718 nimine
1032 3652 1390 3720 roboratas.
1415 3652 1629 3743 ‚Anno
1661 3653 2003 3723 Dominice
2051 3654 2537 3721 Incarnacionis
2567 3655 2659 3721 Μ’
2679 3652 2812 3720 00⁶
2841 3672 2992 3736 qua

743 3757 1115 3845 dragesimo
1152 3782 1345 3832 nono.

950 3955 1223 4023 (El-edetis
1247 3951 1577 4021 hdr-haman
1602 3968 1637 4004 a
1660 3952 2047 4020 pannonhalmi
2070 3948 2359 4021 f6apatskg
2382 3949 2795 4021 leveltkrfiban.)
