3359 5250
1306 438 1352 447 .,
1408 349 1539 419 539

338 544 865 631 parafemalibus
918 544 1179 614 domine
1210 545 1550 613 Elizabeth
1602 544 1734 613 filie
1765 544 2036 613 Comitis
2075 545 2333 613 Pharon
2375 546 2600 614 uxoris

211 724 222 731 ,
336 671 459 721 sue
475 650 618 720 iure
638 658 951 742 perpetuo
983 653 1374 738 reliquisset.
1411 652 1610 722 Cuius
1631 652 1805 720 facto
1840 652 1908 721 in
1940 654 2278 740 premissis
2298 653 2596 723 omnibus

335 757 574 828 Comes
604 759 972 828 Feliciauus
1005 768 1072 828 et
1099 760 1433 846 Martleus,
1465 760 1670 829 frater
1700 759 1907 848 ipsius
1944 759 2217 829 Comitis
2247 759 2595 845 Feliciani,

334 865 587 934 domini
615 867 892 954 predicti
924 868 1139 935 Pousa
1172 886 1391 936 coram
1425 868 1612 936 nobis
1644 868 2081 955 personaliter
2118 875 2592 956 comparentes,

333 973 601 1059 plenum
647 954 1041 1060 prebuerunt
1089 994 1477 1042 consensum
1530 980 1595 1040 et
1627 988 1987 1056 assensum,
2041 975 2257 1061 ipsum
2309 973 2590 1042 Pousam

331 1079 699 1148 liberaliter
730 1081 1051 1166 premissa
1082 1081 1449 1166 relinquere
1480 1081 1948 1168 permittentes.
1985 1081 2072 1149 Vt
2099 1081 2304 1167 igitur
2333 1100 2592 1167 presen-

333 1186 424 1256 tis
457 1185 903 1257 ordinacionis
954 1188 1156 1256 series
1187 1189 1388 1257 robur
1422 1191 1719 1276 optineat
1767 1195 2079 1277 perpetue
2108 1189 2447 1274 firmitatis,
2501 1188 2589 1255 ad

331 1294 730 1361 instanciam
780 1300 845 1361 et
892 1296 1284 1383 peticionem
1336 1296 1543 1382 ipsius
1593 1295 1811 1363 Pousa
1868 1314 2138 1381 presens
2200 1294 2590 1363 contulimus

332 1400 648 1488 scriptum
697 1401 902 1487 sigilli
953 1405 1158 1470 nostri
1205 1402 1560 1470 munimine
1611 1403 2015 1472 roborantes.
2084 1405 2273 1471 Anno
2323 1401 2589 1470 Domini

332 1508 428 1575 Μ’
447 1506 580 1576 00⁰
608 1510 1046 1594 sexagesimo,
1068 1509 1390 1577 Michaele
1413 1509 1775 1597 Proposito,
1808 1511 1989 1578 Iwan
2009 1510 2310 1594 Cantore,
2342 1509 2588 1578 Andro·

330 1616 481 1686 nico
513 1615 822 1703 Custode,
854 1619 1109 1688 Thoma
1138 1620 1406 1686 Decano
1444 1618 1895 1687 existentibus.

330 1812 610 1878 (modone
632 1810 977 1884 bssrhlrtyln,
1021 1831 1057 1868 a
1079 1812 1530 1883 hhrtyminegeu
1556 1816 1728 1883 sugg&
1754 1814 1940 1883 penset
1958 1830 2208 1884 niman,
2231 1830 2267 1867 a
2283 1816 2451 1868 budti
2475 1815 2584 1868 kir-

1139 1906 1385 1959 &marai
1402 1898 1782 1972 leveltirbau.)

1210 2171 1724 2190 -ffl———i—

329 2815 395 2885 Δ
412 2817 750 2904 υοειρνέηιί
763 2816 1192 2904 kdptalmmak
1206 2817 1744 2903 bizonyaaqlevele‚
1781 2818 1950 2903 hoqy
1968 2814 2159 2885 Man-k
2175 2813 2376 2903 Reykc
2391 2835 2587 2882 comen

329 2924 616 3011 bizonyo·
641 2945 817 3009 peres
845 2932 1041 3009 ilqyre
1073 2930 1252 2988 ne‘zve
1280 2922 1552 3009 Meyer
1563 2923 1805 3006 fiaival
1833 2922 2195 3007 bardudyos
2240 2925 2582 3008 eqyessdyre

1250 3032 1441 3116 ἱέρεα.
1474 3031 1666 3095 1260.

567 3224 936 3314 Capitulum
987 3224 1283 3293 Ecclesie
1335 3220 1842 3311 Vesprimiensis
1891 3222 2195 3291 omnibus
2243 3228 2578 3310 presentes

327 3333 576 3404 litteras
605 3333 995 3422 inspecturis
1031 3334 1310 3402 salutem
1343 3334 1409 3403 in
1442 3334 1744 3402 Domino.
1796 3332 1901 3399 Ad
1933 3333 2381 3402 vniuersorum
2417 3331 2580 3400 uoti·

328 3441 497 3512 ciam
531 3451 756 3510 tenore
786 3442 1191 3529 presencium
1223 3444 1519 3510 uolumus
1566 3441 1931 3529 peruenire,
1988 3440 2162 3528 quod
2193 3438 2424 3508 Marko
2459 3438 2579 3508 Oo-

326 3549 480 3617 mite
512 3549 596 3617 de
627 3549 818 3633 Reyk
852 3550 936 3615 ab
971 3568 1100 3616 una
1131 3557 1339 3635 parte,
1392 3557 1457 3616 et
1487 3546 1707 3617 Endre
1745 3568 1825 3616 ac
1855 3548 2209 3636 Stephano,
2262 3547 2425 3632 filijs
2455 3548 2574 3613 Le-

326 3654 552 3742 degcri
581 3653 871 3740 Gomytis
905 3656 988 3723 de
1020 3657 1289 3741 Vasyan
1323 3676 1403 3722 ex
1436 3657 1662 3742 altera,
1700 3676 1918 3724 coram
1948 3654 2137 3722 nobis
2169 3653 2580 3740 constitutis;

323 3762 518 3849 ydem
567 3763 760 3830 Mark
813 3783 1028 3831 comes
1079 3763 1415 3831 confessus
1468 3771 1532 3831 et
1575 3764 1729 3831 uiua
1777 3781 1957 3844 uoce,
2016 3761 2189 3846 quod
2238 3780 2384 3828 cum
2434 3761 2579 3848 ipse

324 3873 637 3939 mouisset
670 3891 936 3939 causam
968 3879 1195 3938 contra
1226 3872 1441 3939 Endre
1477 3870 1954 3958 etStepbanum
1986 3869 2334 3956 predictos,
2370 3869 2580 3954 requi·

325 3977 525 4045 rendo
560 3978 643 4045 ab
677 3977 944 4063 eisdem,
984 3979 1209 4047 ordine
1229 3978 1604 4065 judiciario,
1653 3976 1784 4046 duo
1803 3975 2082 4063 judicia,
2115 3994 2313 4062 super
2342 3975 2578 4059 quibus

329 4093 513 4174 pater
547 4105 767 4152 eorum
802 4086 1013 4153 dictus
1046 4087 1421 4173 Ledegerus
1471 4093 1698 4153 contra
1729 4084 2003 4152 eundem
2036 4081 2338 4149 Markum
2370 4081 2579 4152 Comi-

323 4202 452 4260 tem
484 4192 696 4260 fuerat
727 4194 1083 4277 conuictus,
1120 4201 1181 4260 et
1214 4194 1380 4262 duas
1414 4214 1691 4280 marcas,
1727 4212 1889 4276 quas
1922 4193 2065 4277 ipse
2096 4187 2284 4256 Μαι-15
2321 4189 2576 4276 Comes,

320 4308 392 4368 vt
432 4300 618 4388 dixit,
675 4301 925 4385 eisdem
955 4310 1174 4369 mutuo
1228 4307 1658 4388 concesserat,
1714 4320 1797 4367 ac
1828 4296 2353 4367 verberacionem
2402 4298 2579 4365 serui

321 4411 444 4494 sui,
477 4429 675 4497 super
695 4431 828 4495 qua
860 4412 1066 4478 eciam
1087 4432 1289 4479 causa
1320 4418 1543 4499 partes
1568 4409 1655 4477 ad
1690 4408 2090 4477 sentenciam
2119 4402 2578 4472 arbitrator-um

319 4526 794 4606 peruenerant,
851 4519 1128 4587 eandem
1180 4538 1445 4588 causam
1496 4516 1700 4585 fuisse
1749 4514 2049 4584 sedatam
2096 4517 2165 4578 et
2225 4509 2578 4580 secundum

318 4624 593 4698 formam
629 4627 813 4714 pacis
847 4627 1281 4713 terminatam,
1332 4627 1451 4694 tali
1484 4624 1698 4711 modo,
1751 4622 1923 4708 quod
1956 4619 2176 4688 Ender
2211 4624 2276 4685 et
2304 4617 2575 4709 Stepha-
