3359 5250
1771 324 1862 392 26

682 522 890 590 tribus
924 523 1227 605 solueret,
1263 522 1528 590 residua
1559 541 1719 589 uero
1753 520 2074 588 medietas
2109 519 2462 606 sepedictis
2501 520 2952 588 castrensibus

692 630 953 697 cederet
969 629 1429 715 persoluenda.
1466 627 1699 713 Incipit
1727 635 1946 695 autem
1965 635 2138 693 terre
2167 627 2346 713 illius
2370 634 2545 697 meta
2574 629 2659 695 ab
2679 630 2952 713 oriente,

685 744 751 802 et
782 743 1061 803 metatur
1090 756 1235 802 cum
1270 734 1716 802 castrensibus
1747 733 2099 822 predictis3
2135 734 2204 802 in
2234 735 2441 822 plaga
2469 756 2627 803 uero
2661 736 2958 803 meridio-

687 843 826 910 nali
858 851 1140 910 metatur
1190 862 1336 909 cum
1368 842 1533 910 villa
1562 841 1798 909 Buken
1832 842 2124 927 Comitis,
2178 863 2305 928 que
2338 843 2613 911 Checlez
2646 851 2954 928 uocatur;

680 952 748 1019 in
779 952 1114 1020 occidente
1167 971 1323 1018 uero
1356 970 1504 1017 cum
1534 951 1701 1016 villa
1730 950 2251 1033 vduornicorum,
2303 958 2368 1019 et
2396 971 2440 1018 a
2478 953 2941 1039 septemtrione

682 1066 929 1128 metata
983 1065 1083 1126 est
1133 1079 1279 1126 cum
1328 1065 1506 1126 terra
1556 1060 1768 1127 Sebus
1820 1059 2112 1129 Comitis.
2177 1060 2323 1126 Hiis
2373 1060 2600 1145 itaque
2652 1061 2953 1131 omnibns

687 1167 933 1253 ordine,
969 1188 1098 1251 quo
1132 1167 1435 1251 diximus,
1469 1168 1778 1253 peractis,
1813 1166 2048 1234 Comes
2081 1168 2384 1235 Andreas
2415 1168 2743 1236 hominem
2763 1188 2953 1238 suum

686 1275 1109 1361 Stephanum,
1162 1293 1354 1358 quem
1386 1295 1584 1342 cause
1617 1276 2006 1361 pristaldum
2040 1276 2426 1363 prefecerat,
2467 1297 2602 1341 una
2632 1296 2780 1342 cum
2811 1298 2959 1364 par-

692 1382 869 1450 tibus
902 1383 1192 1466 utrisque
1244 1382 1333 1449 ad
1362 1392 1653 1450 nostram
1687 1390 1754 1449 et
1798 1383 2070 1449 fratrum
2102 1384 2374 1450 Posonii
2423 1386 2830 1470 presenciam
2863 1384 2958 1451 di·

564 1518 577 1532 ·
694 1490 885 1574 rexit,
939 1497 1186 1559 attente
1217 1492 1584 1578 postulans,
1634 1498 1706 1558 ut
1735 1492 1833 1558 rei
1866 1499 2074 1577 geste,
2127 1511 2211 1558 ne
2240 1499 2456 1561 tractu
2492 1496 2800 1581 temporis
2852 1515 2959 1561 cu-

688 1597 970 1684 iuspiam
1003 1598 1378 1684 calumpnia
1410 1598 1788 1683 infirmaret,
1828 1597 2036 1682 sigilli
2064 1598 2272 1667 nostri
2314 1618 2792 1684 apponeremus
2823 1623 2958 1670 mu-

693 1705 1075 1771 nimentum.
1127 1702 1317 1772 Vnde
1366 1726 1486 1773 nos
1539 1705 1628 1772 ad
1665 1706 1811 1772 eius
1861 1715 1926 1772 et
1974 1705 2272 1792 parcium
2325 1706 2643 1773 iustarum
2689 1729 2957 1795 precum

691 1815 1102 1900 instanciam,
1134 1833 1294 1881 sane
1327 1814 1482 1898 quia
1514 1814 1807 1881 eiusdem
1830 1813 2101 1882 Comitis
2133 1814 2422 1899 sigillum
2441 1814 2681 1883 litteris
2713 1838 2958 1905 appen-

693 1941 840 1988 sum
873 1941 1097 1988 sumus
1145 1919 1384 2007 intuiti,
1440 1920 1695 1988 litteras
1728 1922 1850 1988 has
1889 1921 2257 2006 sigillorum
2306 1927 2673 1989 nostrorum
2722 1925 2959 1995 robore

691 2029 1248 2096 communiuimus.
1281 2030 1468 2097 Anno
1501 2028 1682 2094 verbi
1716 2027 2042 2096 incarnati
2069 2028 2311 2096 M⁰Oo⁶
2329 2029 2552 2096 XXX‘·
2571 2038 2783 2100 sexto.

695 2227 928 2291 (Roland
947 2224 1117 2278 nador
1136 2225 1193 2278 es
1213 2227 1418 2279 Vincze
1436 2228 1638 2291 nyitrai
1663 2228 2005 2293 pflspbknek,
2031 2230 2170 2279 mint
2196 2227 2472 2280 kikuldutt
2492 2226 2762 2282 biriknak
2795 2234 2955 2285 1265-

1265 2316 1325 2367 ki
1354 2314 1672 2383 jovahagyo
1699 2315 1975 2370 iteletebo‘l
2013 2320 2150 2370 mint
2174 2315 2378 2385 alabb.)

1554 2615 2065 2628 w-

1774 3076 1882 3143 17.

682 3217 752 3327 ‘A
784 3261 1105 3326 ιιῑιιιιιαυιι
1151 3258 1396 3344 loe-alys
1424 3258 1612 3323 bio-ak
1644 3281 1685 3319 a
1718 3258 2106 3345 barmeqyei
2150 3257 2612 3345 „affobbaqyok
2652 3261 2717 3324 «ε,
2747 3284 2790 3324 a
2823 3261 2955 3326 Ga-

689 3390 834 3434 ram
862 3365 1117 3431 melletti
1153 3388 1238 3430 σε.
1268 3365 1560 3432 benedeki
1601 3368 1761 3451 aptit
1790 3365 1976 3448 kvzti,
2009 3366 2263 3431 Ιεουάωί
2294 3365 2581 3432 birtokra
2615 3368 2959 3433 vonam-‚026

1455 3482 1606 3558 pert
1635 3470 1946 3535 elintdzt'k.
1985 3473 2180 3542 1236.

910 3671 1049 3736 Nos
1081 3667 1348 3735 Jndices
1379 3674 1702 3733 terrarum
1736 3665 1971 3735 Comes
1993 3668 2385 3754 Alexander,
2422 3668 2656 3738 Comes
2688 3671 2953 3755 Zochet,

694 3781 927 3848 Comes
957 3777 1205 3845 Benete
1235 3783 1302 3842 et
1332 3774 1547 3860 Ozyas
1578 3773 2096 3842 Archidiaconus
2115 3776 2501 3863 Waciensis,
2547 3780 2880 3847 constituti
2909 3799 2954 3845 a

693 3888 955 3954 domino
989 3888 1170 3971 Rege
1202 3884 1366 3951 Bela
1397 3885 1464 3950 in
1494 3883 1832 3970 provincia
1862 3884 2218 3970 Borsiensi,
2258 3893 2482 3955 notum
2511 3886 2792 3954 facimus
2824 3911 2953 3957 om-

693 3995 886 4061 nibus
939 4011 1211 4079 presens
1263 3991 1574 4077 scriptum
1622 3990 2035 4077 inspecturis,
2090 3992 2264 4077 quod
2300 3993 2705 4077 yobagiones
2754 3999 2954 4066 castri

693 4102 1064 4171 Borsiensis
1097 4099 1179 4167 de
1210 4101 1373 4167 villa
1405 4099 1679 4185 Crusan,
1715 4100 1965 4168 scilicet
1994 4102 2214 4170 Pousa
2246 4109 2313 4168 et
2343 4102 2446 4168 sui
2483 4105 2952 4191 consanquinei

693 4212 775 4278 de
807 4210 1039 4278 eadem
1071 4208 1253 4287 uilla,
1285 4209 1611 4275 Abbatem
1633 4206 1937 4275 Oosmam
1969 4209 2265 4276 Ecclesie
2294 4208 2485 4278 Beati
2514 4209 2856 4280 Benedicti
2887 4221 2955 4283 et

696 4316 1101 4404 yobagiones
1134 4315 1423 4382 eiusdem
1441 4315 1737 4382 Ecclesie
1757 4336 1974 4383 coram
1995 4317 2186 4385 nobis
2215 4318 2283 4385 in
2304 4337 2573 4385 causam
2589 4324 2951 4410 traxerunt,

691 4423 1004 4508 dicentes,
1052 4429 1125 4489 ut
1155 4422 1223 4490 in
1254 4424 1418 4491 uilla
1450 4425 1729 4509 Guachc,
1764 4444 1890 4510 que
1921 4432 2023 4492 est
2053 4425 2280 4493 Sancti
2310 4425 2666 4513 Benedicti,
2706 4434 2948 4499 terram

690 4551 916 4600 corum
966 4530 1450 4615 hereditariam,
1506 4531 1593 4598 ad
1640 4530 1771 4600 duo
1793 4524 2041 4601 'aratra
2062 4586 2081 4619 ,
2133 4533 2449 4602 uiolenter
2497 4546 2948 4621 occupassent.

688 4641 920 4707 Dictus
951 4655 1109 4704 uero
1134 4637 1358 4707 Abbas
1381 4659 1525 4707 cum
1559 4641 1697 4708 suis
1719 4641 2193 4727 jobagionibus
2228 4640 2475 4709 eisdem
2495 4643 2947 4716 contradicens
