3359 5250
1420 369 1507 436 23

1308 460 1401 468 -,-.-

316 570 595 639 easdem
627 571 695 636 in
746 588 907 655 pace
938 573 1005 634 et
1035 567 1253 653 quiete
1286 566 1498 633 eidem
1549 565 1929 649 reliquimus
1974 563 2445 649 possidendas3
2503 565 2599 632 in·

318 679 830 747 trommittentes
881 692 1027 742 evm
1060 676 1129 740 in
1176 674 1662 761 possessionem
1713 692 1831 758 per
1875 672 2206 739 hominem
2237 674 2439 758 Regis
2484 694 2596 742 no·

318 787 508 854 mine
541 786 917 853 Lvstacium
955 783 1162 849 filium
1192 782 1513 850 Johannis
1554 782 1637 848 de
1677 801 1918 865 genere
1951 779 2300 847 Gutkeled.
2351 780 2456 847 Ad
2484 781 2596 847 hu-

319 896 435 962 ius
466 895 666 979 igitur
692 894 852 961 facti
890 893 1268 960 memoriam
1321 892 1682 978 pleniorem
1714 900 1779 957 et
1811 889 2193 957 inviolabile
2238 888 2597 956 firmamen-

323 1012 474 1070 tum
508 1004 764 1069 litteras
799 1010 1063 1070 nostras
1097 999 1397 1067 dedimus
1432 999 1800 1084 sigillorum
1844 1005 2210 1066 nostrorum
2244 997 2597 1064 munimine

318 1113 694 1178 roboratas.
746 1111 991 1176 Datum
1044 1109 1299 1194 Simigij
1355 1130 1526 1176 unno
1576 1108 1844 1176 Domini
1882 1108 1974 1174 M⁰
1996 1104 2126 1173 00⁰
2144 1106 2365 1173 XXX·
2383 1112 2593 1174 sexto.

317 1308 609 1375 (Eredetie
628 1305 976 1375 bdrhartyln,
1001 1308 1226 1374 molyrffl
1247 1309 1455 1374 egykor
1471 1307 1663 1374 nyolcz
1689 1305 1878 1374 penset
1893 1302 2341 1371 hdrtyazsinegen
2358 1305 2594 1369 fflggott,

595 1401 662 1452 de
686 1396 830 1465 negy
854 1394 973 1448 mar
996 1396 1270 1461 elveszett,
1294 1413 1329 1448 a
1353 1398 1517 1448 budai
1543 1398 1646 1449 kir.
1673 1397 1921 1447 kamarai
1945 1391 2321 1460 leveltkrbau.)

1418 2146 1527 2214 14.

344 2333 419 2397 U
407 2331 746 2418 yyanazok
775 2329 939 2395 Zala
970 2327 1292 2417 meqydben
1324 2325 1580 2413 Mihdly
1623 2334 1868 2390 mestert
1897 2324 2272 2392 birtokdban
2317 2324 2616 2413 itaotiloq

1153 2436 1568 2521 mqorasatk.
1602 2436 1798 2500 1236.

571 2632 1025 2702 Bai-tolomeus
1076 2632 1203 2698 Dei
1235 2631 1461 2716 gracia
1509 2630 1880 2718 Episcopus
1930 2631 2457 2719 vesprimiensis,
2505 2634 2621 2699 Ar-

346 2741 591 2808 noldus
624 2741 856 2807 Comes
892 2738 1324 2822 Saladiensis‚
1375 2738 1730 2805 Ladizlaus
1774 2738 2030 2829 Comes,
2081 2742 2395 2826 Magister
2428 2742 2620 2809 Zlan·

343 2852 478 2916 dus
511 2850 754 2914 Lector
785 2848 1094 2913 Albensis
1126 2846 1441 2932 Ecclesie,
1494 2847 1896 2932 Rednaldus,
1930 2850 2296 2938 Tiburcius‚
2338 2852 2620 2935 Marcus,

357 2958 556 3039 Bata,
590 2955 796 3039 Elias,
830 2956 1009 3022 Enoc
1040 2962 1105 3020 et
1137 2957 1463 3022 Damassa
1488 2955 1774 3023 Comites
1807 2957 2127 3042 omnibus,
2170 2958 2259 3024 ad
2290 2979 2451 3044 quos
2483 2977 2624 3044 pre-

361 3072 585 3131 sentes
636 3065 853 3130 littere
882 3062 1318 3150 peruenerint,
1374 3064 1652 3130 salutem
1698 3063 1767 3129 in
1798 3065 2080 3132 Domino
2124 3065 2288 3134 Jesu
2341 3065 2622 3134 Christo.

364 3172 475 3238 Ad
504 3172 956 3238 uniuersorum
989 3172 1288 3237 uolumus
1320 3172 1666 3257 peruenire
1697 3172 2031 3260 noticiam,
2070 3174 2246 3258 quod
2277 3194 2422 3241 cum
2454 3195 2627 3242 esse·

366 3300 511 3346 mus
539 3279 967 3364 inquisitores
989 3277 1287 3344 ueritatis
1323 3279 1389 3343 in
1413 3278 1770 3345 Parrochia
1789 3279 2167 3348 Zaladiensi
2198 3301 2398 3369 super
2415 3282 2627 3366 terris,

368 3389 602 3474 uineis,
654 3394 722 3453 et
753 3407 949 3474 super
982 3387 1132 3454 aliis
1183 3387 1436 3453 iuribus
1468 3386 1931 3473 Ecclesiarum,
1982 3389 2376 3458 seruientum
2406 3391 2628 3477 Regis,

369 3495 828 3578 castrensium,
881 3494 1401 3577 vduornicorum,
1454 3494 1846 3580 populorum
1896 3496 2144 3581 Regine
2166 3550 2184 3584 ‚
2235 3504 2300 3565 et
2350 3500 2631 3566 aliarum

370 3604 781 3671 diuersarum
830 3605 1283 3672 condicionum
1315 3606 1401 3669 ab
1432 3603 1679 3671 Illustri
1724 3606 1905 3689 Rege
1936 3606 2092 3673 Bele
2123 3609 2476 3693 constituti,
2529 3629 2634 3675 ac·

374 3713 695 3779 cessimus
746 3711 834 3777 ad
863 3716 1107 3777 terram
1136 3710 1440 3796 Magistri
1470 3710 1813 3779 Michaelis
1833 3764 1852 3798 ‚
1903 3712 2094 3780 sitam
2140 3714 2309 3781 inter
2338 3716 2633 3784 Drauam

372 3830 441 3888 et
472 3820 745 3903 Muram,
781 3824 847 3884 et
865 3817 1110 3884 ibidem
1142 3820 1491 3886 multorum
1509 3820 1884 3887 testimonio
1916 3827 1982 3887 et
2006 3822 2261 3902 occulta
2279 3824 2635 3908 subtilique

374 3927 745 3993 inuenimus
777 3926 1226 4013 inquisicione,
1279 3926 1454 4011 quod
1486 3926 1666 3994 dicta
1697 3936 1872 3995 terra
1901 3929 2116 3996 fuerat
2159 3930 2483 4012 quondam
2514 3934 2643 3999 Ra-.

374 4034 540 4123 polti
590 4044 654 4102 et
688 4035 860 4122 Sulc,
916 4037 1035 4102 sed
1067 4036 1198 4121 ipsi
1230 4036 1590 4103 amiserunt
1640 4057 1759 4121 pro
1791 4036 2253 4105 interfeccione
2297 4040 2638 4107 cuiusdam

376 4143 621 4211 nobilis
642 4145 725 4209 de
755 4143 1056 4230 partibus
1077 4142 1231 4228 illis,
1265 4143 1569 4211 videlicet
1588 4144 1864 4211 Fridrici
1886 4170 1902 4230 ;
1938 4145 2056 4213 sed
2078 4147 2360 4215 scientes
2380 4168 2638 4216 omnem

380 4252 728 4318 ueritatem
778 4271 919 4334 nos,
977 4251 1151 4336 quod
1179 4259 1356 4318 terra
1406 4252 1523 4317 illa
1568 4251 1783 4318 fuerat
1814 4271 1857 4317 a
1887 4252 2203 4337 Magistro
2233 4253 2507 4322 Micaele
2557 4254 2639 4321 de

381 4360 526 4425 iure
553 4377 889 4445 possessa,
924 4357 1048 4424 sibi
1082 4358 1484 4426 restituimus
1513 4358 1982 4445 perpetualiter
2011 4359 2517 4448 possidendam;
2550 4362 2640 4428 in·

375 4464 794 4531 troducentes
845 4465 1061 4550 ipsum
1093 4466 1161 4531 in
1192 4466 1683 4551 possessionem
1735 4465 2026 4534 eiusdem
2076 4474 2247 4534 terre
2292 4489 2412 4555 per
2441 4470 2643 4556 Magi·

379 4580 589 4640 strum
610 4573 931 4639 Mathiam
960 4573 1358 4640 Canonicum
1387 4573 2149 4659 Quinqueeoclesiensem
2179 4576 2504 4644 hominem
2522 4580 2644 4647 Re-

378 4684 509 4769 gis.
541 4682 627 4747 Et
645 4688 716 4747 ut
745 4681 872 4748 hoc
904 4680 1033 4748 sibi
1056 4682 1293 4750 stabile
1326 4690 1392 4748 ct
1420 4681 1673 4750 firmum
1702 4684 1914 4769 possit
1942 4703 2345 4771 permanere,
2382 4691 2446 4751 et
2463 4687 2644 4756 nullo
