3359 5250
1825 387 1956 450 216

1829 958 1980 1025 143.

773 1144 1043 1222 Iwcznca,
1077 1149 1137 1205 εἰς
1180 1142 1416 1226 Tywan
1454 1141 1833 1206 Lb'vincznek
1845 1141 1971 1223 fia,
2002 1163 2045 1202 a
2073 1141 2327 1203 vasva'ri
2354 1139 2654 1225 lra'ptalan
2685 1138 2827 1201 elb'tt
2858 1136 3027 1200 Ram

771 1250 1005 1314 birtoka
1020 1251 1200 1335 feleth
1230 1256 1390 1335 πόρῃ
1423 1262 1571 1313 tame
1605 1252 1746 1314 ewa
1766 1254 2114 1335 eyycsse'qre
2144 1247 2376 1332 le'pnek,
2408 1269 2566 1310 azon
2580 1246 2817 1331 selce'tel
2849 1245 3025 1321 alem,

770 1359 932 1443 ἦσαν]
960 1380 1002 1420 a
1048 1355 1269 1442 melyilc
1300 1355 1403 1442 J‘Lffl
1451 1379 1527 1420 az
1578 1360 1916 1441 eyyesse'yet
1964 1355 2306 1439 meqszeqi,
2358 1351 2492 1417 500
2539 1354 2714 1438 qircit
2740 1352 3024 1435 flzessen.

1806 1460 1996 1526 1246.

1454 1640 1535 1707 A.
1859 1639 1932 1705 Β.
2260 1635 2332 1704 Ο.

993 1823 1128 1888 Nos
1153 1821 1525 1908 Capitulum
1558 1819 1855 1886 Ecclesie
1875 1819 2098 1885 Sancti
2132 1817 2473 1885 Michaelis
2513 1815 2595 1882 de
2630 1815 2863 1883 Castro
2885 1817 3032 1881 Fer-

782 1952 891 1998 rco
920 1932 1218 1997 omnibus
1238 1937 1460 1997 notum
1490 1930 1786 2011 facimus,
1833 1928 2007 2012 quod
2029 1929 2290 1994 Iwanea
2310 1928 2392 1992 de
2411 1926 2546 1994 Seli
2577 1947 2697 2012 pro
2720 1944 3033 2009 germano

781 2059 898 2106 suo
932 2045 996 2106 et
1016 2040 1169 2125 filio,
1206 2046 1270 2106 et
1292 2040 1536 2104 Paulus
1570 2038 1650 2103 de
1672 2036 1977 2123 Choupse
2014 2057 2097 2103 ex
2129 2057 2259 2102 una
2297 2042 2485 2122 parte
2508 2033 3030 2120 respondentes;

782 2153 848 2213 ct
877 2148 1129 2231 Tywan
1161 2147 1332 2212 filius
1367 2145 1714 2230 Laurencij
1750 2166 1868 2231 pro
1903 2165 1975 2211 se
2011 2150 2074 2209 et
2105 2145 2258 2230 filijs
2292 2153 2358 2210 et
2396 2141 2724 2229 germanis
2759 2142 2916 2223 suiS,
2971 2149 3038 2206 et

787 2256 1164 2322 Gothardus
1197 2277 1313 2341 pro
1336 2273 1408 2320 se
1441 2260 1505 2321 et
1536 2260 1724 2339 patre
1756 2273 1873 2319 suo
1895 2251 2145 2319 seilicet
2173 2252 2382 2318 Paulo
2415 2272 2498 2317 ex
2531 2251 2742 2317 altera
2773 2270 3036 2335 respon·

786 2363 1032 2445 dentes,
1088 2361 1368 2447 professi
1422 2366 1574 2426 sunt
1624 2380 1844 2427 eoram
1895 2360 2105 2441 nobiS‚
2157 2358 2332 2443 quod
2383 2358 2510 2445 ipsi
2544 2357 2625 2424 de
2673 2358 2790 2424 lite
2838 2378 3035 2443 super

785 2477 960 2536 terra
989 2471 1174 2553 Eum,
1211 2470 1428 2536 Marco
1453 2477 1516 2535 et
1546 2468 1854 2534 fratribus
1884 2467 2021 2534 suis
2048 2472 2405 2553 spectante,
2438 2467 2604 2532 inter
2630 2485 2742 2532 eos
2783 2473 3035 2548 exorta,

788 2585 852 2643 et
886 2596 1080 2664 super
1112 2576 1406 2661 qualibet
1455 2575 1902 2644 controuersia
1934 2576 2164 2659 altera,
2198 2595 2427 2661 pacem
2459 2579 2840 2660 perpetuam
2894 2594 3040 2642 eon·

788 2684 1142 2769 dixissent;
1196 2693 1260 2750 et
1293 2704 1488 2769 super
1524 2683 1645 2748 hoe
1678 2689 2044 2750 statuerunt
2076 2703 2295 2749 eoram
2327 2682 2514 2749 nobis
2547 2689 2823 2766 quatuor
2864 2685 3039 2752 uiros

790 2791 1225 2877 fideiussores,
1261 2791 1647 2857 Michaelem
1683 2791 1932 2857 scilicet
1982 2792 2183 2857 filium
2223 2792 2463 2875 Moym‚
2504 2791 2787 2859 Pousam
2837 2794 3038 2859 filium

791 2901 976 2983 Seeh,
1011 2900 1252 2965 Baeam
1273 2899 1474 2965 filium
1495 2898 1535 2964 J
1540 2898 1838 2983 ohannis,
1863 2897 2216 2982 Georgium
2239 2898 2440 2962 filium
2462 2898 2656 2966 Wota
2675 2899 2794 2964 tali
2825 2900 3041 2981 modo,

790 3008 959 3094 quod
993 3027 1371 3092 quecunque
1402 3006 1695 3093 parcium
1730 3006 2172 3092 predictarum
2210 3007 2388 3074 litem
2421 3007 2710 3091 aliquam
2745 3027 2861 3074 seu
2894 3028 3041 3075 eou-

792 3117 1177 3183 trouersiam
1210 3135 1402 3201 super
1453 3122 1633 3181 terra
1664 3115 1804 3181 siue
1840 3134 2225 3199 quacunque
2262 3135 2469 3183 eausa
2500 3116 2636 3182 alia
2675 3122 3044 3202 acceptaret

794 3228 1019 3288 eontra
1071 3223 1368 3306 alteram,
1422 3240 1551 3285 non
1600 3240 1936 3287 recurrens
1988 3221 2074 3286 ad
2115 3219 2527 3288 fideiussores
2574 3221 2926 3306 predictos,
2976 3222 3044 3289 in

792 3328 1267 3414 quinquaginta
1317 3328 1555 3394 mareis
1588 3335 1956 3394 remaneret
1982 3306 2118 3414 'pro
2151 3328 2335 3415 pacis
2377 3327 2600 3395 federe
2635 3329 2894 3395 —uiolato
2947 3350 3045 3397 se-

796 3436 1074 3506 eundum
1124 3436 1393 3501 uerbum
1447 3434 1902 3501 fideiussorum
1953 3436 2415 3522 predictorum.
2476 3435 2665 3514 Quod
2714 3446 2784 3503 ut
2834 3444 3047 3505 ratum

800 3545 907 3629 sit,
942 3564 1213 3630 presens
1262 3545 1575 3629 seriptum
1609 3545 1999 3611 contulimus
2032 3545 2234 3630 sigilli
2267 3546 2474 3613 nostri
2517 3545 2738 3612 federe
2769 3566 3039 3613 commu-

797 3654 1020 3722 nitum.
1054 3654 1263 3722 Paulo
1287 3652 1605 3720 existente
1625 3660 1847 3721 nostro
1870 3654 2232 3740 Proposito,
2265 3656 2547 3722 Roberto
2570 3653 2873 3737 Cantom,
2900 3655 3049 3721 Om-

800 3763 935 3830 bud
955 3760 1258 3847 Custode,
1296 3760 1640 3846 Eymerieo
1662 3763 1951 3829 Deeano.
1980 3762 2169 3829 Anno
2192 3760 2456 3828 Domini
2488 3763 2578 3828 M⁰
2597 3760 2728 3829 00⁰
2747 3762 2893 3829 ΧΗ
2913 3765 3050 3831 Vl⁰.

795 3961 1071 4027 (Eredetie
1096 3980 1131 4014 a
1153 3963 1330 4027 Rumy
1356 3963 1539 4018 csalae'td
1563 3963 1953 4029 loveltaraban,
1975 3964 2244 4018 masolata
2270 3982 2304 4017 a
2329 3966 2558 4033 Magyar'
2581 3966 2718 4021 Tud.
2745 3965 3054 4017 Akademia

1540 4055 1766 4108 kczirati
1795 4055 2327 4122 gyiijtomcnyeben.)

1648 4359 2199 4367 ..——-·-——-——
