3359 5250
1797 296 1924 362 198

723 509 1008 568 tarorum
1059 519 1220 582 gens
1253 498 1457 585 impia
1491 494 1929 563 Christianum
1959 494 2267 580 populum
2300 494 2649 578 subiugare
2713 492 2838 559 sibi
2873 493 2979 556 vel

722 611 940 695 potius
988 609 1308 694 pertinere
1342 614 1679 692 appetenS,
1737 604 2027 670 collectis
2077 605 2208 669 iam
2245 603 2485 670 dudum
2518 625 2783 670 suarum
2819 599 2970 669 viri·

727 719 849 783 bus
901 716 1254 799 nationum,
1292 715 1648 798 I'oloniam,
1685 714 2017 795 Rusciam,
2055 713 2412 796 Ungariam
2464 713 2762 794 aliasque
2799 711 2977 778 Chri-

733 825 1087 891 stianorum
1139 823 1437 905 regiones
1471 823 1792 904 ingressa,
1847 820 1938 887 sie
1972 821 2038 885 in
2073 840 2187 887 eas
2220 821 2677 905 depopulatrix
2718 820 2977 904 insevit,

730 939 801 999 ut
831 930 1056 1014 gladio
1089 931 1229 996 eius
1262 951 1379 995 nec
1413 931 1570 995 etati
1604 936 1933 1014 parcente,
1988 947 2107 995 nec
2139 929 2341 1006 sexui,
2379 929 2495 995 sed
2525 929 2592 995 in
2632 948 2855 996 omnes
2888 929 2982 993 in-

733 1039 1103 1104 differenter
1135 1036 1517 1102 crudelitate
1572 1035 1820 1103 orribili
1855 1034 2281 1120 debachante,
2339 1035 2628 1104 inaudito
2663 1036 2845 1122 ipsas
2877 1055 2983 1100 ex·

731 1147 1031 1213 terminio
1064 1144 1454 1227 devastavit,
1508 1163 1586 1209 ac
1618 1144 1894 1208 aliorum
1925 1145 2174 1227 Regna,
2209 1143 2581 1210 continuato
2630 1163 2983 1230 progressu

730 1255 851 1320 illa
882 1255 1028 1336 sibi,
1083 1252 1310 1321 eodem
1342 1253 1408 1318 in
1444 1253 1689 1335 vagina
1722 1251 1912 1318 otiari
1949 1251 2168 1335 gladio
2203 1254 2551 1328 nesciente,
2604 1252 2985 1319 incessabili

734 1363 1187 1449 persecutione
1239 1362 1616 1445 substernit,
1670 1366 1737 1425 ut
1770 1361 2242 1443 subsequenter
2291 1360 2357 1424 in
2400 1361 2631 1427 robore
2680 1361 2986 1428 fortiores

732 1471 1053 1538 exercitus
1089 1469 1494 1536 Christianos
1547 1468 1883 1549 invadens,
1935 1487 2119 1532 suam
2154 1466 2408 1551 plenius
2440 1467 2505 1533 in
2558 1469 2735 1555 ipsos
2774 1471 2986 1554 possit

733 1581 1037 1648 sevitiam
1071 1600 1392 1662 exercere,
1446 1579 1669 1660 sicque
1713 1579 1960 1657 orbate,
2019 1576 2189 1660 quod
2226 1576 2418 1658 absit,
2471 1576 2771 1644 fidelibus
2803 1579 2983 1661 orbe,

738 1687 902 1755 fides
935 1687 1279 1767 exorbitet,
1330 1686 1481 1751 dum
1517 1686 1813 1751 sublatos
1847 1683 1970 1750 sibi
2005 1684 2321 1766 gemuerit
2357 1684 2564 1769 ipsius
2598 1685 2812 1767 gentis
2841 1684 2986 1751 feri-

733 1802 868 1862 tate
902 1797 1200 1862 cultores.
1251 1794 1351 1858 Ne
1383 1792 1582 1877 igitur
1614 1798 1747 1857 tam
1782 1792 2170 1858 detestanda
2210 1793 2422 1875 gentis
2458 1791 2749 1860 eiusdem
2783 1794 2985 1859 inten-

729 1903 821 1967 tio
854 1905 1167 1986 proficere
1202 1903 1441 1983 valeat,
1494 1900 1610 1967 sed
1645 1902 1921 1984 deficiat,
1964 1909 2227 1966 auctore
2258 1902 2422 1982 Dee,
2458 1900 2694 1985 potius,
2745 1909 2807 1966 et
2839 1921 2982 1967 con·

734 2010 936 2076 trario
987 2008 1408 2076 concludatur
1459 2015 1732 2090 eventu,
1787 2008 1871 2074 ab
1931 2009 2250 2074 universis
2297 2007 2682 2074 christicolis
2732 2013 2986 2074 attenta

738 2123 837 2183 est
864 2116 1386 2186 consideratione
1410 2117 1814 2202 pensandum
1839 2126 1902 2182 et
1923 2117 2400 2202 procurandum
2422 2117 2638 2184 studio
2663 2116 2981 2200 diligenti,

739 2232 808 2291 ut
840 2225 935 2292 sic
966 2225 1141 2291 illius
1175 2223 1571 2311 impediatur
1592 2245 1952 2310 processus,
1988 2224 2160 2308 quod
2193 2232 2475 2308 nequeat
2505 2225 2592 2291 ab
2617 2226 2794 2310 ipsos
2828 2226 2984 2291 ulte·

737 2331 872 2397 rius
894 2339 1479 2416 quantumcumque
1499 2334 1752 2417 potenti
1783 2341 2034 2399 armato
2057 2332 2322 2399 brachio
2342 2332 2762 2418 pertransire.
2801 2333 2978 2400 Ideo·

738 2457 863 2522 que
895 2441 1097 2506 Sacro
1132 2439 1450 2507 suadente
1473 2439 1778 2524 Concilio,
1817 2440 2302 2507 universitatem
2324 2447 2605 2507 vestram
2628 2461 2981 2525 monemuS‚

732 2566 1038 2629 rogamus
1090 2554 1155 2614 et
1186 2547 1520 2613 hortamur
1572 2553 1820 2615 attente
1872 2546 2281 2634 mandantes,
2332 2554 2653 2632 quatenus
2690 2549 2866 2615 viam
2921 2559 2988 2616 et

739 2654 976 2741 aditus,
1031 2655 1202 2722 unde
1234 2657 1300 2722 iu
1333 2664 1575 2724 terram
1608 2666 1891 2725 vestram
1927 2678 2088 2740 gens
2122 2657 2273 2742 ipsa
2308 2667 2532 2742 posset
2566 2657 2834 2744 ingredi,
2873 2680 2982 2724 so-

735 2762 1086 2829 lertissime
1134 2773 1645 2849 perscrutantes,
1701 2766 1845 2831 illos
1877 2767 2146 2834 fossatis
2185 2768 2385 2832 velet
2435 2767 2634 2835 muris
2668 2787 2784 2834 seu
2834 2768 2984 2835 allis

730 2869 1002 2935 edificiis
1035 2876 1148 2935 aut
1181 2871 1493 2955 artificiis,
1549 2881 1740 2957 prout
1771 2873 2080 2958 expedire
2113 2872 2426 2957 videritis,
2482 2876 2701 2942 taliter
2736 2897 2985 2962 premu-

732 2977 874 3044 nire
905 2979 1160 3064 curetiS,
1215 2978 1388 3062 quod
1424 2980 1714 3048 eiusdem
1749 2985 1961 3066 gentis
1996 2983 2080 3049 ad
2114 3004 2230 3050 vos
2265 2983 2601 3068 ingressus
2642 2991 2865 3070 patere
2901 2985 2982 3053 de

726 3084 905 3152 facili
938 3094 1240 3170 nequeat,
1276 3086 1394 3152 sed
1428 3089 1607 3173 prius
1634 3091 2014 3175 Apostolice
2046 3090 2198 3157 Sedi
2236 3112 2388 3158 suus
2429 3091 2806 3160 denunciari
2842 3116 2984 3180 pos-

735 3192 819 3258 sit
842 3192 1184 3275 adventus,
1219 3200 1288 3258 ut
1319 3214 1401 3260 ea
1421 3195 1608 3263 vobis
1632 3197 1915 3263 fidelium
1939 3197 2311 3264 destinante
2332 3219 2726 3279 succursum,
2759 3210 2986 3267 eontra

733 3307 1003 3368 conatus
1036 3308 1101 3367 et
1131 3300 1410 3368 insultus
1462 3304 1676 3385 gentis
1712 3304 1919 3391 ipsius
1973 3307 2090 3372 tuti
2126 3326 2288 3391 esse,
2346 3306 2643 3373 adiutore
2676 3309 2976 3389 Domine,

730 3407 1024 3475 valeatis.
1079 3410 1217 3473 Nos
1269 3409 1540 3473 enimin
1592 3417 1726 3476 tam
1778 3413 2169 3480 necessariis
2224 3424 2287 3480 et
2333 3414 2595 3481 utilibus
2652 3418 2980 3502 expensis,

729 3536 894 3601 quas
926 3516 1010 3583 ob
1040 3516 1107 3580 id
1139 3515 1446 3598 feceritis,
1501 3519 1981 3587 contribuemus
2035 3521 2394 3605 magnifice,
2450 3542 2528 3587 ac
2562 3523 2647 3588 ab
2680 3525 2980 3591 omnibus

734 3623 1246 3692 Christianorum
1280 3625 1676 3712 regionibus,
1731 3647 1876 3695 cum
1906 3648 2024 3714 per
2060 3630 2177 3694 hoe
2216 3639 2585 3697 occurratur
2633 3637 2980 3701 communi-

729 3733 854 3798 bus
886 3730 1215 3818 periculiS,
1252 3734 1836 3818 proporcionaliter
1868 3736 2186 3803 contribui
2218 3738 2569 3805 faciemus:
2622 3748 2684 3805 et
2713 3740 2981 3807 nichilo-

732 3839 943 3905 minus
995 3857 1188 3925 super
1237 3839 1365 3905 hiis
1419 3841 1569 3909 aliis
1622 3841 1862 3910 Christi
1913 3842 2235 3929 fidelibus,
2286 3866 2402 3930 per
2435 3866 2706 3931 quorum
2759 3856 2983 3934 partes

724 3949 972 4016 habere
1020 3954 1246 4033 posset
1295 3947 1541 4016 aditum
1593 3972 1756 4036 gens
1798 3953 2108 4038 predicta,
2154 3954 2405 4022 litteras
2458 3956 2868 4041 presentibus
2902 3960 2984 4024 si·

724 4056 912 4121 miles
943 4053 1367 4121 destinamus.

720 4233 999 4305 (Theiner,
1046 4237 1247 4287 Vetera
1292 4237 1637 4291 Monumenta
1678 4242 1957 4296 Historiea
1984 4245 2322 4311 flung-ariam
2370 4246 2582 4297 Sacram
2634 4247 2981 4299 illustrantia.

1683 4334 1725 4383 Ι.
1755 4335 1807 4384 k.
1843 4338 1958 4385 198.
1989 4337 2021 4384 l.
