3359 5250
1830 318 1919 390 80

740 520 931 608 Saar,
984 528 1049 588 et
1082 520 1482 591 Conuentum
1515 517 1597 587 de
1627 517 1806 604 Beel,
1859 524 1925 585 et
1954 516 2169 606 ipsum
2201 517 2523 588 Abbatem
2555 519 2996 607 judicauimus

739 636 1035 720 prestare
1068 635 1568 711 sacramentum,
1621 625 1964 695 terminum
1999 628 2436 712 assignantes.
2479 627 2610 696 Sed
2640 630 2796 715 quia
2826 629 2997 697 inter

740 740 949 827 ipsius
981 759 1178 808 cause
1211 738 1704 808 deuolucionem
1739 737 1968 824 populi
1989 736 2070 805 de
2101 738 2263 806 villa
2282 738 2510 825 Kayar
2540 739 2815 828 prefata,
2856 754 2996 828 pre-

737 855 836 917 ter
866 850 1176 938 Ipolitum
1210 857 1276 916 et
1306 869 1461 917 suos
1495 854 1831 933 cognatos,
1890 848 2057 915 sicut
2090 848 2279 918 nobis
2312 849 2727 936 postmodum
2765 849 2999 918 consti-

739 957 836 1043 tit,
871 958 1200 1044 mancipia
1229 956 1440 1043 ipsius
1476 955 1756 1022 Abbatis
1790 962 1855 1024 ‚et
1886 975 2114 1024 seruos
2145 957 2388 1024 ibidem
2412 957 2786 1044 existentes,
2827 957 2997 1025 sicut

739 1067 963 1135 Abbas
989 1072 1054 1132 et
1074 1062 1309 1131 fratres
1331 1064 1652 1150 dicebant,
1691 1063 2165 1150 destruxerant,
2193 1065 2489 1134 faciendo
2523 1067 2734 1134 eidem
2767 1065 2989 1152 damp-

737 1195 888 1242 num
920 1172 1396 1259 quinquaginta
1417 1179 1482 1241 et
1514 1193 1630 1240 sex
1652 1192 2058 1260 marcarum;
2093 1180 2158 1241 et
2188 1172 2354 1261 ipsis
2375 1176 2630 1263 populis
2667 1195 2741 1245 se
2763 1175 2997 1243 fecisse

738 1281 1153 1368 negantibus,
1186 1281 1486 1349 dominus
1507 1281 1732 1349 Abbas
1767 1289 1832 1348 et
1861 1282 2091 1350 fratres
2112 1290 2340 1351 contra
2361 1305 2472 1352 eos
2506 1283 2994 1352 euidentissime

739 1392 1308 1478 comprobassent;
1352 1391 1821 1477 judicauimus,
1875 1398 1945 1457 vt
1977 1391 2061 1458 de
2090 1391 2366 1459 testibus
2419 1393 2664 1460 domini
2714 1392 2992 1459 Abbatis

739 1505 1016 1585 quatuor
1045 1500 1338 1569 homines
1371 1500 1905 1585 intelligeremus,
1953 1508 2321 1587 prestarent
2353 1508 2852 1587 sacramentum,
2885 1500 2991 1567 vel

738 1609 996 1696 pugiles
1029 1630 1415 1696 congressos
1447 1610 1847 1677 adducerent
1877 1611 1965 1677 ad
1995 1613 2418 1697 pugnandum
2444 1635 2459 1694 ;
2494 1619 2560 1679 et
2592 1632 2737 1679 cum
2773 1609 2994 1698 populi

741 1717 1118 1803 hesitarent,
1153 1720 1349 1803 quale
1381 1718 1465 1784 de
1498 1717 1753 1785 duobus
1775 1717 2097 1802 eligerent
2121 1720 2412 1806 judicijs,
2446 1722 2783 1807 pecierunt
2813 1739 2856 1785 a
2885 1737 2997 1784 no-

738 1826 840 1894 bis
874 1826 963 1893 ad
1011 1826 1351 1895 consilium
1386 1826 1552 1894 inter
1583 1846 1656 1894 se
1692 1825 2169 1913 accipiendum.
2220 1825 2508 1905 Quorum
2549 1826 2998 1913 acquieuimus

741 1935 1091 2020 peticioni;
1144 1936 1263 2005 sed
1292 1936 1766 2021 antequamad
1796 1955 1916 2002 nos
1950 1934 2235 2003 redirent
2265 1936 2353 2003 ad
2395 1936 2718 2022 judicium
2756 1935 3003 2020 eligen-‘

741 2043 914 2129 dum,
950 2051 1081 2112 tam
1115 2045 1357 2129 Abbas,
1407 2066 1605 2129 quam
1636 2044 1835 2132 ijdem
1869 2045 2096 2133 populi
2129 2065 2172 2111 a
2203 2045 2392 2114 nobis
2444 2066 2517 2113 se
2553 2042 2857 2131 componi
2885 2061 2997 2128 pe-

740 2152 1026 2241 cierunt3
1079 2151 1212 2237 qui,
1244 2152 1518 2219 licencia
1569 2159 1633 2219 et
1660 2152 2096 2241 permissione
2137 2174 2179 2221 a
2208 2154 2397 2220 nobis
2429 2153 2714 2238 obtenta,
2768 2170 2992 2219 rursus

744 2261 989 2329 eisdem
1021 2281 1239 2329 coram
1268 2260 1458 2329 nobis
1490 2262 1881 2345 constitutis,
1917 2262 2085 2329 sicut
2110 2261 2580 2347 compositores
2610 2262 2989 2340 retulerunt,

742 2369 969 2455 populi
1017 2369 1458 2454 cuiuscunque
1506 2369 1907 2438 condicionis
1938 2370 2006 2436 in
2037 2370 2197 2437 villa
2229 2369 2500 2457 prefata,
2552 2375 2769 2457 preter
2800 2367 2995 2456 Ipoli·

744 2485 884 2544 tum
917 2484 983 2544 et
1013 2496 1167 2544 suos
1187 2483 1504 2563 cognatos
1536 2479 1913 2561 existentes,
1947 2495 2145 2566 super
2174 2478 2462 2565 dampno
2494 2476 2816 2564 premisso
2853 2482 2996 2542 tan-

743 2604 939 2672 quam
959 2583 1052 2652 rei
1083 2604 1300 2655 coram
1335 2584 1521 2652 nobis
1544 2584 2094 2672 supplicauerunt,
2127 2590 2500 2670 terramque
2528 2585 2824 2655 fimosam
2844 2602 2995 2653 cum

740 2693 1027 2762 funiculo
1060 2692 1284 2761 decem
1315 2695 1614 2760 vlnarum
1660 2713 1928 2763 numero
1959 2695 2322 2782 nonaginta
2355 2714 2495 2782 sex,
2536 2692 2643 2761 vbi
2675 2694 2995 2763 contineri

743 2800 1042 2868 dicuntur
1090 2797 1788 2884 centumquadraginta
1816 2800 2048 2887 iugera
2080 2808 2146 2868 et
2177 2803 2391 2889 sylua,
2432 2801 2502 2868 in
2535 2802 2754 2888 quiete
2785 2809 2852 2872 et
2880 2820 2995 2891 pa·

744 2908 946 2993 cifice,
981 2909 1149 2976 sicut
1177 2907 1361 2995 prius
1391 2906 1839 2995 possidebant,
1880 2908 2055 2977 omni
2086 2916 2387 2978 cessante
2422 2910 2821 2996 reliquerunt
2849 2931 2996 2980 con-

741 3017 1163 3085 tradiccione.
1210 3017 1425 3086 Pouca
1458 3017 1669 3085 eciam
1702 3024 1767 3086 et
1797 3017 1900 3085 sni
1932 3017 2218 3104 cognati,
2253 3038 2324 3086 se
2355 3025 2896 3105 recognoscentes
2926 3020 2995 3088 in

743 3124 970 3194 eodem
1000 3125 1298 3211 termino,
1351 3144 1478 3210 quo
1511 3125 1739 3193 Abbas
1771 3146 1918 3195 cum
1949 3126 2086 3193 suis
2118 3127 2337 3194 iurare
2395 3127 2679 3195 debebat
2722 3126 2997 3194 testibus

741 3252 964 3301 coram
995 3234 1181 3320 ipsis,
1216 3235 1302 3301 ad
1352 3254 1568 3320 genua
1599 3233 1874 3302 Abbatis
1906 3243 1971 3302 et
2021 3236 2292 3303 fratrum
2324 3235 2418 3302 ibi
2466 3235 2893 3304 existencium
2926 3243 2998 3302 vt

743 3341 840 3407 rei
869 3339 1310 3429 prociderunt,
1364 3340 1447 3408 de
1481 3340 1734 3409 offensa
1765 3342 1959 3409 simul
1992 3349 2056 3408 et
2085 3343 2493 3410 contumacia
2523 3343 2784 3410 veniam
2813 3343 2997 3411 flebi-

741 3446 892 3514 liter
912 3448 1342 3536 postulantes,
1377 3455 1442 3515 et
1460 3458 1530 3515 vt
1561 3448 1724 3515 nihil
1755 3467 1924 3534 pene
1956 3471 2075 3537 pro
2096 3449 2467 3518 huiusmodi
2498 3450 2995 3538 presumpcione

741 3561 807 3622 et
838 3554 1153 3641 elacione,
1186 3575 1383 3641 quam
1414 3557 1891 3644 commiserant,
1930 3557 2026 3625 eis
2059 3558 2418 3626 inferretur.
2454 3557 2743 3638 Quorum
2764 3557 2994 3624 Abbas

740 3671 806 3731 et
832 3664 1067 3732 fratres
1117 3664 1272 3733 moti
1305 3664 1627 3751 precibus,
1679 3672 1910 3733 nostra
1960 3667 2170 3734 eciam
2203 3688 2321 3754 pro
2373 3666 2471 3734 eis
2524 3664 2994 3735 interueniente

738 3772 1086 3862 peticione,
1117 3771 1621 3840 misericorditer
1653 3772 2139 3859 condescendit,
2175 3782 2241 3841 et
2259 3774 2624 3843 commissis
2656 3773 2997 3857 indulgen·

742 3882 913 3948 ciam
945 3880 1269 3965 faciendo,
1304 3889 1368 3948 et
1399 3888 1468 3948 vt
1497 3881 1799 3969 seruicijs
1833 3889 1898 3949 et
1928 3882 2251 3967 libertate,
2293 3883 2530 3968 quibus
2562 3881 2744 3969 prius
2777 3881 2995 3948 Eccle-

741 3991 839 4058 sie
857 3991 1264 4075 tenebantur,
1299 3990 1528 4058 fierent
1549 3990 1836 4059 obnoxii.
1872 3992 2005 4058 Nos
2026 3992 2251 4075 itaque
2284 3999 2354 4058 vt
2373 3992 2602 4077 judex,
2638 4009 2784 4057 cum
2807 3990 2998 4076 justi·

741 4101 845 4169 cia
870 4098 1153 4167 Abbatis
1202 4105 1267 4165 et
1299 4098 1568 4166 fratrum
1618 4099 1975 4167 secundum
2012 4098 2274 4168 modum
2324 4100 2645 4185 patuisset
2690 4105 2993 4184 pretaxa-

739 4218 900 4295 tum,
953 4217 1087 4278 tam
1118 4214 1359 4277 terram
1410 4229 1608 4293 quam
1655 4210 1915 4293 syluum
1966 4217 2031 4276 et
2062 4209 2405 4277 libertinos
2451 4208 2835 4293 antedictos,
2890 4228 2996 4276 eo-

738 4339 1009 4403 rumque
1039 4320 1336 4403 heredes,
1369 4340 1488 4405 per
1517 4327 1809 4387 nostrum
1841 4318 2228 4405 pristaldum
2253 4318 2571 4385 Comitem
2604 4316 2993 4405 Dionysium

741 4429 822 4495 de
841 4427 984 4495 Toh
1015 4427 1407 4497 monasterio
1442 4428 1779 4514 sepedicto
1802 4427 2000 4496 statui
2029 4427 2301 4495 fecimus
2332 4435 2648 4515 perpetuo
2682 4434 2748 4494 et
2780 4427 2996 4512 quiete

739 4535 1160 4623 possidenda.
1211 4538 1295 4605 Et
1323 4545 1396 4604 vt
1425 4540 1556 4606 ista
1587 4541 1776 4605 firma
1826 4545 1892 4605 et
1920 4538 2175 4605 illibata
2214 4539 2281 4605 in
2315 4546 2700 4626 perpetuum
2739 4537 2995 4625 possint

740 4664 1144 4734 permanere,
1179 4647 1590 4731 presentibus
1610 4646 1845 4715 litteris
1878 4646 2150 4716 fecimus
2176 4647 2516 4734 interponi,
2552 4646 2755 4732 sigilli
2790 4645 2995 4714 nostri
