3359 5250
1974 391 2102 458 158

895 590 1184 676 periculo
1217 606 1545 675 exponere
1575 585 1975 673 formiduus3
2009 584 2423 672 postmodum
2453 590 2671 651 autem
2690 601 2837 650 cum
2864 584 3163 669 Regnum

888 705 1184 766 nostrum
1222 695 1464 763 Diuino
1505 693 1746 761 iudicio
1782 692 2017 761 fornax
2054 692 2479 761 succenderat
2505 690 3037 778 Thartharorum,
3079 712 3161 759 ex

893 805 1099 872 multa
1115 802 1356 870 fiducia
1373 822 1572 887 quam
1593 802 1678 868 ab
1704 800 1846 867 eius
1865 801 2180 869 fidelitate
2200 819 2386 868 mens
2404 800 2617 884 Regia
2636 799 2996 883 obtinebat,
3028 818 3162 866 cor-

892 918 1182 980 nostrum
1215 918 1281 977 et
1311 911 1599 976 animam
1632 913 1942 993 nostram,
1982 907 2400 976 karissimum
2429 905 2743 975 uidelicet
2769 905 3160 994 primogeni-

889 1022 1028 1083 tum
1078 1022 1368 1083 nostrum
1418 1016 1665 1081 Ducem
1714 1013 2111 1099 Stephanum
2149 1012 2446 1080 inclitum
2480 1018 2547 1079 et
2574 1012 2896 1080 illustrem
2926 1011 2996 1077 in
3029 1030 3160 1078 ma·

889 1142 1015 1191 nus
1047 1122 1189 1190 eius
1221 1121 1527 1188 duximus
1567 1119 2173 1204 commendandum,
2214 1119 2331 1205 qui
2358 1119 2635 1187 eundem
2662 1119 3161 1206 primogenitum

891 1237 1186 1298 nostrum
1215 1249 1351 1296 vna
1380 1249 1527 1296 cum
1559 1228 1711 1296 aliis
1741 1228 2032 1315 prolibus
2071 1228 2311 1295 nostris
2342 1227 2517 1295 tristi
2549 1233 2845 1313 tempore
2872 1226 3045 1293 letos
3066 1245 3160 1293 re·

889 1336 1106 1403 tineus
1137 1336 1209 1403 in
1240 1335 1497 1404 deliciis
1548 1334 2104 1419 conuenientibus,
2161 1354 2360 1405 sanos
2418 1333 2782 1402 recondidit
2812 1340 2878 1401 et
2907 1332 3155 1402 illesos.

891 1446 1168 1513 Demum
1218 1465 1372 1514 uero
1422 1463 1566 1513 cum
1600 1451 1825 1531 partes
1865 1445 2230 1512 maritimas
2271 1445 2683 1530 adiissemus,
2717 1444 2890 1511 idem
2924 1442 3159 1513 Comes

889 1553 1172 1621 Michael
1204 1553 1484 1621 confinia
1525 1560 1749 1620 nostra
1768 1553 1945 1619 circa
1982 1552 2237 1620 Vorosd
2269 1561 2333 1620 et
2363 1555 2703 1621 Petouiam
2735 1552 2802 1619 in
2832 1559 3017 1619 tante
3038 1553 3160 1618 tur-

891 1661 1186 1729 bacionis
1220 1666 1512 1746 tempore
1542 1667 1769 1728 contra
1818 1660 2274 1728 malefactores
2327 1660 2837 1747 quamplurimos
2868 1658 3065 1725 illesa
3096 1667 3160 1725 et

890 1769 1276 1855 indempnia
1306 1768 1555 1855 potenti
1590 1767 1828 1835 uirtute
1873 1767 2223 1853 ualidoque
2255 1767 2522 1836 brachio
2554 1768 2986 1851 conseruauit,
3019 1788 3161 1853 pro·

891 1877 1241 1945 ficiscendo
1293 1875 1375 1943 de
1426 1876 1666 1944 uirtute
1717 1877 1787 1943 in
1830 1877 2153 1959 uirtutem,
2192 1882 2257 1942 et
2305 1876 2377 1941 in
2407 1894 2530 1942 sua
2559 1874 2871 1942 fidelitate
2901 1874 3158 1940 culmen

888 1986 1274 2053 constancie
1322 1983 1758 2053 ascendendo.
1810 1984 1895 2050 Et
1940 1984 2096 2068 quia
2143 1984 2411 2068 longum
2469 1990 2643 2050 esset
2691 2000 3000 2049 enarrare
3043 2000 3159 2068 per

887 2091 1155 2177 singula
1176 2091 1318 2158 eius
1351 2110 1552 2178 opera
1574 2089 1770 2157 laude
1800 2089 2028 2179 digna,
2061 2090 2294 2156 saltem
2327 2096 2396 2155 ut
2427 2109 2545 2175 per
2574 2088 2862 2155 radicem
2895 2106 3157 2174 conpre-

891 2198 1253 2265 hendamus
1302 2217 1543 2281 ramos,
1586 2194 1853 2264 frondes
1910 2203 1976 2263 et
2030 2196 2274 2264 fructus
2329 2196 2580 2264 arboris
2613 2194 3152 2278 commendande,

893 2305 1103 2392 ipsius
1132 2304 1477 2391 generacio
1495 2303 1710 2370 fidelis
1730 2322 1987 2391 semper
2018 2304 2235 2371 extitit
2264 2305 2516 2373 Corone
2545 2305 2749 2390 Regie
2781 2323 2864 2369 ac
2894 2302 3153 2384 deuota,

893 2419 1119 2497 utpote
1165 2412 1234 2478 in
1284 2414 1510 2495 Regno
1563 2429 1680 2478 suo
1731 2410 1978 2478 fructus
2034 2410 2468 2495 dulcissimos,
2500 2430 2652 2477 nam
2683 2412 2973 2478 Barones
3008 2410 3157 2477 fide-

891 2519 1181 2587 lissimos
1214 2518 1624 2606 germinauit.
1658 2521 1735 2585 In
1766 2520 2161 2588 contrarium
2201 2538 2356 2588 uero
2389 2517 2655 2603 quidam
2687 2518 2771 2585 de
2802 2518 3158 2586 Sclauonia

887 2628 1156 2696 nomine
1186 2628 1498 2695 Puchuna
1529 2634 1624 2696 tot
1656 2636 1723 2694 et
1753 2634 1936 2694 tanta
1964 2627 2030 2693 in
2063 2629 2290 2711 Regno
2312 2635 2536 2695 nostro
2556 2625 2830 2694 ducente
2858 2626 3155 2712 maligno

883 2735 1126 2820 spiritu
1174 2735 1350 2802 mala
1399 2735 1823 2821 perpetrauit,
1854 2740 2116 2821 propter
2144 2753 2272 2817 que
2304 2734 2709 2801 membratim
2738 2753 2859 2820 per
2890 2732 3157 2800 diuersa

887 2843 1041 2909 loca
1070 2843 1405 2930 suspendi,
1436 2850 1574 2911 toto
1596 2845 1821 2928 Regno
1856 2851 2085 2912 contra
2113 2844 2328 2930 ipsum
2347 2844 2657 2911 reddente
2689 2843 3153 2922 testimonium,

891 2948 1282 3033 merebatur,
1317 2948 1754 3016 clamantibus
1776 2957 2005 3016 contra
2022 2948 2235 3034 ipsum
2266 2948 2635 3016 homicidiis
2655 2949 2893 3034 multis,
2914 2955 2981 3015 et
2999 2948 3153 3014 aliis

885 3054 1258 3145 nephandis
1287 3054 1686 3142 criminibus,
1738 3062 1804 3121 et
1830 3054 2205 3141 specialiter
2238 3057 2560 3141 sanguine
2588 3057 2887 3143 Magistri
2920 3055 3145 3123 Ochuz

879 3163 1006 3230 filii
1038 3163 1259 3231 Ochuz
1287 3163 1474 3250 Bani,
1526 3181 1719 3247 quem
1751 3161 1919 3229 inter
1957 3163 2127 3230 alios
2175 3163 2526 3231 crudeliter
2552 3161 2911 3246 interfecit3
2968 3163 3154 3230 cuius

887 3292 1063 3339 mors
1092 3270 1248 3338 fecit
1281 3270 1627 3338 tristiciam
1658 3271 1779 3336 toti
1807 3272 2073 3356 Regn03
2119 3290 2245 3354 que
2275 3272 2480 3338 multa
2510 3279 2577 3339 et
2604 3272 2897 3340 enormia
2927 3280 3152 3340 nostro

880 3383 958 3444 et
986 3383 1353 3443 nostrorum
1385 3376 1714 3444 Baronum
1745 3383 1812 3443 et
1841 3375 2052 3444 tocius
2085 3378 2294 3462 Regni
2325 3378 2528 3446 nostri
2560 3376 2803 3446 iudicio
2822 3379 3044 3465 ipsum
3063 3378 3152 3444 ad

879 3482 1165 3551 alicuius
1196 3481 1520 3550 horrende
1552 3484 1780 3551 mortis
1812 3482 2173 3569 periculum
2202 3484 2666 3570 perducebant.
2715 3486 2957 3552 Verum
2989 3485 3147 3569 quia

883 3590 1396 3660 misericordiam
1447 3590 1800 3676 diligimus,
1849 3601 1921 3660 ut
1969 3613 2011 3659 a
2062 3592 2480 3662 misericorde
2510 3601 2576 3661 et
2606 3593 2675 3660 id
2705 3599 2988 3661 testante
3020 3593 3148 3661 Do·

883 3702 1061 3769 mino
1092 3699 1606 3768 misericordiam
1643 3719 2134 3784 consequamur,
2192 3700 2419 3768 eodem
2449 3702 2760 3769 Puchuna
2791 3700 3151 3785 possessio·

881 3808 1077 3876 nibus
1126 3810 1264 3876 suis
1312 3808 1628 3895 omnibus,
1663 3827 1782 3894 per
1814 3828 1978 3893 quas
2010 3807 2384 3892 transgredi
2430 3816 2690 3896 poterat
2720 3816 2786 3877 et
2814 3819 3149 3896 transgre-

877 3916 1211 4000 diebatur,
1261 3916 1481 3984 facere
1529 3916 1709 3983 mala
1740 3923 1808 3983 et
1838 3914 2010 4000 fecit,
2062 3917 2420 3984 iustissime
2457 3918 2761 4003 spoliato,
2790 3936 3148 4004 personam

874 4024 1095 4109 ipsius
1143 4023 1349 4092 libere
1400 4024 1583 4092 abire
1632 4022 2046 4109 permisimus
2096 4024 2219 4090 sub
2268 4043 2346 4092 eo
2378 4023 2774 4093 condicionis
2804 4024 3148 4110 ligamine,

873 4127 1060 4213 quod
1107 4129 1267 4197 lesis
1310 4148 1430 4216 per
1458 4130 1673 4216 ipsum
1706 4128 2136 4216 satisfaceret,
2189 4128 2273 4198 de
2304 4135 2520 4199 cetero
2550 4131 2713 4198 talia
2742 4130 3148 4199 committere

873 4237 1356 4324 postponendo.
1409 4238 1607 4306 Cuius
1656 4235 2130 4325 possessiones,
2181 4237 2489 4307 uidelicet
2537 4238 2756 4308 Lobur
2789 4245 2857 4306 et
2890 4239 3146 4325 Velica,

881 4344 1210 4414 Olenonik
1241 4365 1321 4412 ac
1339 4346 1699 4430 Zlogonam
1732 4365 1877 4413 cum
1908 4346 2206 4414 omnibus
2238 4346 2606 4433 attinenciis
2637 4348 2793 4432 suis,
2825 4347 3151 4434 prenomi-

871 4457 1039 4518 nato
1086 4451 1394 4519 Michaeli
1443 4452 1677 4520 comiti
1729 4451 1811 4518 de
1858 4453 2126 4538 Vorosd,
2162 4461 2228 4521 et
2258 4454 2392 4523 suis
2422 4454 2821 4522 heredibus
2803 4476 2871 4522 1n
2902 4473 3149 4523 memo·

871 4557 1048 4625 riam
1097 4558 1521 4645 multiplicum
1567 4559 1990 4629 seruiciorum
2040 4561 2202 4647 eius,
2235 4582 2366 4630 non
2395 4570 2617 4631 tamen
2649 4563 2717 4632 in
2747 4564 3016 4651 plenam
3047 4584 3147 4631 re·

865 4666 1507 4751 compensacionem,
1557 4685 1704 4734 cum
1752 4666 1948 4753 longe
1995 4667 2208 4738 minus
2239 4669 2344 4755 sit,
2392 4670 2568 4755 quod
2612 4671 2674 4737 ei
2704 4668 3038 4739 offerimus
3073 4669 3147 4738 in
