3359 5250
1273 532 1306 539 --
1335 438 1482 539 {³91

303 633 596 704 dehitum
647 635 1077 722 perducamus
1111 637 1429 705 effectum.
1463 636 1697 704 Petitio
1732 636 2050 724 siquidem
2088 648 2308 708 vestra
2358 638 2549 707 nobis

305 740 601 810 exhibita
633 744 1022 829 continebat,
1075 743 1249 831 quod
1283 766 1427 813 cum
1459 745 1860 813 venerabilis
1897 745 2098 814 frater
2131 797 2145 812 .
2185 799 2198 814 .
2238 798 2253 814 .
2287 750 2551 837 Episco-

305 870 433 937 pus
484 856 550 916 et
597 901 612 918 .
650 902 665 918 .
701 902 715 917 .
768 854 1169 941 Prepositus,
1220 852 1680 923 Archidiaconi
1733 862 1799 922 et
1845 853 2154 922 Canonici
2195 856 2550 942 Agrienses

303 981 533 1028 omnes
564 961 699 1029 fere
729 961 1019 1031 redditus
1051 969 1117 1030 et
1145 972 1494 1051 proventus
1527 964 1970 1031 Ecclesiarum
2022 972 2380 1034 vestrarum
2413 967 2550 1035 suis

301 1068 533 1137 usibus
551 1069 838 1139 indebite
857 1072 1287 1160 applicantes,
1326 1082 1391 1141 et
1422 1073 1608 1141 vobis
1629 1072 1891 1139 nonnisi
1924 1073 2270 1160 quamdam
2292 1082 2551 1144 tenuem

303 1186 371 1246 et
402 1178 640 1247 exilem
692 1186 942 1267 partem
994 1180 1076 1248 de
1111 1181 1399 1268 decimis,
1457 1182 1899 1251 oblationibus
1950 1189 2015 1249 et
2054 1184 2551 1252 obventionibus

300 1289 566 1357 illarum
598 1309 717 1376 pro
750 1310 867 1358 suo
901 1288 1083 1357 libito
1117 1290 1542 1378 conferentes,
1578 1289 1858 1360 diversis
1877 1292 2369 1378 gravaminibus
2402 1294 2551 1361 aliis

302 1419 423 1467 vos
456 1397 828 1485 afficerent;
862 1399 1071 1468 felicis
1094 1400 1561 1469 recordationis
1584 1402 1635 1467 Ι.
1659 1403 1843 1487 Pape
1873 1400 2299 1489 predecessor
2314 1409 2552 1489 noster,

303 1505 602 1594 partibus
634 1528 853 1575 coram
873 1528 943 1576 se
977 1509 1339 1576 litterarum
1372 1529 1634 1576 suarum
1656 1509 2044 1578 auctoritate
2075 1509 2309 1594 citatis,
2346 1510 2551 1598 primo

306 1615 617 1683 dilectum
667 1617 870 1684 filium
902 1617 1285 1702 Magistrum
1319 1616 1652 1686 Ubaldum
1687 1618 2171 1686 Subdiaconum
2222 1626 2286 1685 et
2325 1618 2552 1707 Capel-

300 1725 532 1792 lanum
562 1731 847 1792 nostrum
880 1721 1221 1811 deputavit
1251 1725 1316 1791 in
1350 1726 1723 1793 huiusmodi
1754 1726 2016 1812 negotio
2049 1725 2435 1814 auditorem,
2489 1735 2555 1794 et

303 1836 593 1925 tandem,
643 1833 800 1920 quia
829 1833 1025 1900 nimis
1077 1839 1219 1901 erat
1254 1835 1417 1923 ipsis
1450 1833 1749 1922 partibus
1801 1833 2066 1903 difficile
2102 1833 2278 1922 apud
2317 1834 2553 1903 Sedem

300 1943 755 2030 Apostolicam
807 1942 1089 2029 litigare,
1142 1945 1368 2012 volens
1400 1964 1621 2012 earum
1655 1965 1925 2030 parcere
1970 1943 2301 2013 laboribus
2352 1949 2418 2011 et
2446 1965 2553 2012 ex-

301 2049 553 2141 pensis,
584 2070 702 2138 per
720 2050 971 2118 litteras
992 2069 1144 2118 suas
1166 2050 1421 2119 dilectis
1450 2050 1599 2119 filiis
1635 2100 1649 2116 .
1675 2101 1690 2116 .
1717 2103 1730 2116 .
1764 2051 2010 2119 Abbati
2034 2049 2116 2118 de
2135 2054 2298 2140 Seps
2320 2052 2555 2121 Cister-

302 2159 550 2227 ciensis
580 2159 865 2245 Ordinis,
919 2166 984 2226 et
1017 2209 1034 2226 .
1067 2208 1083 2225 .
1119 2209 1135 2225 .
1167 2158 1373 2225 Priori
1406 2160 1708 2226 Fratrum
1738 2159 2226 2230 Predicatorum
2259 2161 2342 2229 de
2373 2163 2554 2230 Pote-

305 2270 456 2354 hoc‚
490 2290 567 2335 ac
601 2316 617 2333 .
654 2320 668 2334 .
703 2319 718 2335 .
754 2267 1095 2355 Preposito
1115 2268 1339 2335 Sancti
1366 2266 1624 2335 Martini
1660 2268 1742 2335 de
1762 2268 1951 2354 Sipes
1985 2270 2105 2337 sub
2138 2276 2317 2338 certa
2342 2270 2554 2340 forma

306 2377 558 2445 dictum
605 2376 926 2445 commisit
976 2376 1308 2464 negotium
1361 2376 1807 2445 ordinandum.
1867 2375 1993 2455 Qui
2042 2378 2166 2446 rite
2212 2378 2280 2445 in
2326 2378 2552 2447 eodem

307 2486 574 2573 negotio
606 2486 1052 2574 procedentes,
1086 2493 1150 2553 et
1178 2486 1539 2554 litterarum
1566 2485 2004 2574 predictarum
2036 2487 2247 2555 forma
2266 2497 2550 2575 seruata,

304 2617 534 2666 earum
567 2596 950 2665 auctoritate
970 2602 1269 2681 quartam
1302 2603 1552 2684 partem
1585 2595 1905 2665 dictarum
1926 2595 2324 2666 decimarum
2342 2597 2551 2684 vobis,

302 2729 454 2776 cum
487 2705 555 2773 id
587 2707 668 2775 de
720 2707 860 2774 iure
909 2706 1231 2773 communi
1263 2710 1612 2792 competat,
1664 2726 1784 2792 pro
1817 2706 2288 2775 sustentatione
2335 2713 2554 2777 vestra

301 2818 371 2884 iu
426 2822 808 2903 perpetuum
859 2814 1329 2882 sententialiter
1378 2813 1834 2899 assignaruut,
1887 2820 1952 2881 et
2001 2814 2202 2883 aliam
2252 2822 2551 2902 quartam

303 2927 567 2994 illarum
599 2922 666 2989 in
699 2924 842 2991 loco
873 2929 1010 2991 tuto
1042 2922 1389 2990 cuiuslibet
1417 2922 1758 3010 parrochie
1789 2943 1905 3009 pro
1945 2923 2231 3010 fabricis,
2283 2924 2552 2992 lumina-

303 3033 423 3101 riis
454 3038 521 3100 et
551 3029 948 3101 ornamentis
982 3030 1404 3098 ecclesiarum
1438 3029 1725 3117 ipsarum
1755 3029 1991 3118 deponi
2022 3030 2302 3099 fideliter
2332 3030 2549 3100 decer·

302 3147 553 3227 nentes,
587 3138 918 3208 residuum
953 3138 1349 3209 decimarum
1380 3137 1841 3226 predictarum,
1894 3147 1958 3206 et
1988 3138 2153 3207 duas
2190 3144 2411 3226 partes
2440 3142 2551 3209 ob·

303 3251 626 3320 lationum
654 3250 721 3317 in
755 3248 1064 3335 denariis,
1094 3269 1253 3317 auro
1285 3249 1392 3315 vel
1415 3256 1710 3334 argento,
1752 3269 1878 3333 que
1910 3269 1953 3315 a
1976 3247 2427 3336 parrochianis
2447 3250 2551 3318 vel

308 3360 461 3429 aliis
497 3358 736 3429 Christi
787 3358 1091 3427 fidelibus
1130 3378 1212 3426 ex
1248 3378 1656 3444 quacumque
1707 3356 2060 3425 earundem
2109 3357 2550 3445 ecclesiarum,

304 3472 390 3541 ab
424 3491 506 3538 ea
535 3470 769 3556 quibus
807 3466 976 3556 (igy)
1011 3467 1384 3553 offeruntur,
1417 3467 1712 3555 exceptis
1744 3488 1933 3554 pane,
1968 3468 2270 3536 carnibus
2303 3474 2370 3535 ct
2398 3487 2549 3535 oan-

302 3579 491 3665 delis,
543 3597 671 3664 que
697 3577 918 3647 omnia
949 3597 1093 3646 cum
1127 3577 1327 3645 tertia
1379 3584 1567 3663 parte
1620 3574 1991 3644 huiusmodi
2045 3577 2449 3648 oblationum
2484 3577 2553 3645 in

302 3686 613 3772 denariis,
665 3693 730 3754 et
778 3707 939 3754 auro
990 3686 1094 3754 vel
1144 3694 1415 3772 argento
1447 3684 1628 3753 facta
1657 3684 1843 3754 vobis
1894 3685 2149 3772 cedant,
2202 3686 2348 3754 dari
2378 3684 2550 3756 dicto

303 3799 631 3887 Episcopo
680 3800 1147 3884 preceperunt3
1201 3814 1397 3882 super
1425 3792 1693 3880 reliquis
1725 3812 1881 3862 vero
1913 3800 2157 3862 certam
2206 3794 2553 3865 ordinatio·

298 3927 448 3975 nem
480 3903 825 3974 ediderunt
857 3905 1041 3972 iuxta
1060 3904 1423 3972 litterarum
1454 3904 1913 3972 continentiam
1935 3904 2328 3990 earundem;
2362 3909 2554 3993 prout

298 4016 367 4083 in
400 4014 775 4103 patentibus
826 4012 1063 4081 litteris
1114 4012 1430 4080 dictorum
1472 4011 1756 4079 iudicum
1803 4013 2113 4081 confectis
2161 4012 2418 4099 exinde,
2470 4034 2551 4081 ac

297 4147 524 4196 corum
555 4121 796 4211 sigillis
827 4121 1127 4209 signatis,
1178 4120 1437 4210 plenius
1490 4122 1728 4190 dicitur
1759 4121 2094 4191 contineri.
2145 4124 2283 4191 Nos
2328 4122 2550 4208 itaque

295 4235 537 4304 vestris
566 4233 1157 4324 supplicationibus
1188 4232 1503 4318 inclinati,
1535 4231 1907 4302 huiusmodi
1938 4252 2314 4320 processum
2356 4240 2421 4301 et
2452 4254 2547 4302 or-

299 4345 724 4429 dinationem,
758 4343 928 4411 sicut
958 4362 1076 4432 per
1107 4342 1371 4412 eosdem
1404 4339 1655 4410 iudices
1677 4340 1949 4429 provide
1985 4339 2147 4408 facti
2167 4347 2340 4431 sunt,
2368 4348 2550 4409 ratos

298 4462 368 4524 et
397 4455 619 4522 firmos
668 4452 1004 4536 habfflteffi
1059 4470 1173 4517 eos
1225 4450 1609 4518 auctoritate
1638 4447 2021 4536 Apostolica
2070 4447 2546 4533 confirmamus,

299 4571 368 4631 et
384 4560 711 4650 presentis
735 4559 962 4648 scripti
979 4557 1348 4646 patrocinio
1376 4558 1865 4626 communimus.
1898 4554 2081 4623 Nulli
2112 4573 2268 4643 ergo
2288 4556 2548 4627 omnino

299 4670 635 4739 hominum
654 4669 851 4737 liceat
866 4670 1035 4737 hanc
1053 4667 1365 4756 paginam
1382 4673 1602 4736 nostre
1624 4663 2132 4735 confirmationis
2168 4664 2546 4754 infringere,

305 4780 409 4848 vel
443 4780 504 4848 ei
537 4798 701 4847 ausu
733 4777 1074 4847 temerario
1106 4775 1449 4845 contraire.
1484 4775 1556 4843 Si
1587 4774 1733 4865 quis
1767 4780 1983 4843 autem
2001 4773 2126 4845 hoc
2157 4781 2544 4866 attemptare
