3359 5250
1846 318 1979 392 526

768 525 925 609 tum,
978 526 1043 588 et
1071 518 1416 589 formulam
1448 522 1583 590 vite
1613 529 1830 591 vestre
1859 544 1903 591 a
1933 523 2148 592 felicis
2195 521 2672 592 recordationis
2714 515 3038 606 Gregorio

767 629 954 716 Papa
981 628 1446 716 predecessore
1494 638 1719 699 nostro
1750 629 1963 701 ordini
1994 639 2213 701 vestro
2253 629 2584 716 traditam,
2634 651 2784 699 cum
2824 627 3041 697 adhuc

769 742 945 804 esset
973 736 1041 803 in
1074 736 1310 806 minori
1341 736 1555 805 officio
1587 739 2001 823 constitutus,
2040 738 2108 806 in
2141 736 2371 806 eodem
2408 738 2806 807 Monasterio
2848 735 3030 803 insti-

768 849 946 913 tutus
977 865 1126 914 esse
1160 845 1542 933 dinoscitur,
1576 849 1913 935 perpetuis
1954 845 2198 915 ibidem
2247 847 2649 934 temporibus
2690 844 3037 913 inviolabi-

768 952 919 1021 liter
937 955 1334 1023 observetur.
1355 956 1664 1024 Preterea
1685 976 2130 1042 quascumque
2149 956 2628 1043 possessiones,
2650 973 3035 1041 quecunque

772 1063 949 1131 bona
964 1061 1139 1131 idem
1150 1064 1611 1133 Monasterium
1633 1064 2205 1152 impresentiarum
2224 1065 2394 1133 iuste
2414 1071 2482 1132 et
2500 1064 2817 1132 canonice
2838 1062 3039 1151 possi-

774 1173 903 1261 det,
938 1180 1056 1240 aut
1074 1172 1140 1238 in
1172 1171 1457 1241 futurum
1484 1172 1909 1242 concessione
1926 1172 2331 1259 Pontificum,
2362 1173 2760 1241 liberalitate
2787 1174 3035 1255 Regum

774 1281 880 1349 vel
909 1281 1308 1369 Principum,
1359 1282 1693 1351 oblatione
1723 1282 2035 1366 fidelium,
2086 1302 2203 1351 seu
2236 1281 2386 1349 aliis
2414 1281 2611 1350 iustis
2643 1280 2857 1349 modis
2892 1281 3033 1346 Deo

771 1392 1065 1479 propitio
1096 1391 1334 1480 poterit
1366 1392 1668 1479 adipisci,
1699 1392 1885 1460 firma
1918 1392 2126 1478 vobis,
2160 1391 2524 1477 vestrisque
2555 1389 3039 1460 successoribus

778 1500 1038 1568 illibata
1058 1507 1507 1588 permaneant.
1540 1502 1617 1567 In
1650 1500 1887 1586 quibus
1919 1499 2040 1569 hec
2058 1501 2341 1588 propriis
2368 1499 2673 1569 duximus
2691 1498 3032 1567 vocabulis

779 1606 1212 1695 exprimenda
1243 1633 1260 1677 ε
1312 1610 1556 1679 Locum
1606 1609 1847 1697 ipsum,
1904 1609 1972 1677 in
2022 1630 2151 1696 quo
2201 1608 2526 1699 prefatum
2573 1607 3040 1678 Monasterium

782 1715 979 1784 situm
1030 1726 1151 1803 est,
1203 1738 1347 1785 cum
1380 1720 1683 1788 omnibus
1732 1720 2142 1806 pertinentiis
2191 1719 2365 1805 suis3
2416 1718 2762 1787 ecclesiam
2810 1717 3036 1785 Sancti

781 1823 1104 1893 Johannis
1138 1826 1219 1894 de
1237 1827 1506 1896 Mezano
1539 1848 1686 1895 cum
1716 1827 1913 1895 vinea
1933 1833 2000 1894 et
2030 1828 2219 1895 terris
2242 1826 2491 1893 ibidem
2509 1825 2771 1913 positis3
2805 1825 3034 1893 vineas

780 1933 865 2003 de
897 1933 1140 2004 Gilano
1172 1956 1319 2003 cum
1370 1937 1670 2004 omnibus
1702 1936 1912 2024 terris,
1967 1956 2094 2023 que
2125 1941 2275 2003 sunt
2307 1935 2394 2002 ad
2435 1936 2745 2021 Raccam,
2796 1942 2864 2002 et
2892 1954 3036 2001 cum

778 2045 1083 2113 omnibus
1116 2044 1329 2130 terris,
1381 2065 1509 2131 que
1538 2052 1690 2113 sunt
1721 2044 1808 2113 ad
1837 2044 2067 2131 Braus,
2119 2051 2186 2112 et
2215 2063 2362 2111 cum
2395 2043 2695 2113 omnibus
2733 2041 3032 2111 domibus

780 2155 847 2217 et
876 2151 1214 2237 casalinis,
1249 2170 1376 2237 que
1406 2159 1558 2220 sunt
1587 2153 1654 2219 in
1686 2153 1953 2221 civitate
1983 2149 2310 2237 Jadrensi,
2362 2171 2509 2218 cum
2539 2150 2768 2238 pratis,
2803 2149 3033 2236 vineis,

657 2322 686 2349 ‚
777 2258 991 2344 terris,
1022 2260 1423 2345 nemoribus,
1473 2260 1768 2345 usuagiis
1800 2264 1866 2329 et
1892 2259 2158 2348 pascuis
2207 2258 2273 2325 in
2327 2259 2527 2327 bosco
2575 2263 2640 2326 et
2687 2257 2912 2346 piano,
2964 2258 3026 2324 in

778 2370 967 2455 aquis
1001 2374 1066 2436 et
1099 2367 1510 2454 molendinis,
1561 2369 1630 2436 in
1660 2368 1788 2437 viis
1821 2375 1886 2435 et
1917 2367 2187 2454 semitis,
2222 2372 2288 2435 et
2322 2366 2620 2435 omnibus
2653 2366 2805 2434 aliis
2843 2367 3029 2434 liber·

775 2475 1024 2544 tatibus
1058 2483 1124 2542 et
1174 2475 1621 2544 immunitibus
1673 2477 1835 2544 suis.
1887 2477 2116 2544 Liceat
2163 2493 2419 2561 quoque
2471 2476 2660 2545 vobis
2710 2495 3029 2561 personas

776 2583 1023 2651 liberas
1057 2591 1121 2650 et
1154 2583 1494 2653 absolutas
1527 2604 1564 2650 e
1596 2585 1818 2653 seculo
1851 2582 2179 2670 fugientes
2214 2583 2301 2651 ad
2347 2582 2840 2653 conversionem
2873 2583 3026 2650 reci·

778 2713 954 2782 pere,
991 2701 1057 2762 et
1087 2713 1203 2762 eas
1221 2693 1470 2778 absque
1492 2693 2008 2763 contradictione
2026 2697 2253 2780 aliqua
2273 2695 2568 2762 retinere.
2608 2693 3031 2763 Prohibemus

779 2801 1071 2891 insuper,
1106 2810 1177 2870 ut
1195 2803 1358 2873 nulli
1392 2823 1689 2873 sororum
1710 2813 2079 2874 vestrarum
2103 2813 2254 2895 post
2271 2807 2516 2874 factam
2545 2805 2612 2871 in
2632 2805 2866 2872 eodem
2886 2805 3028 2873 loco

778 2910 1249 2999 professionem
1279 2912 1507 2998 aliqua
1537 2913 1807 2983 levitate
1837 2914 1983 2983 sine
2011 2915 2365 2984 Abbatisse
2396 2914 2667 2981 licentia
2693 2912 2801 2981 fas
2833 2915 2921 2981 sit
2950 2913 3031 2980 de

780 3021 1072 3089 claustro
1105 3020 1481 3108 discedere3
1515 3021 1961 3092 discedentem
1993 3044 2149 3094 vero
2183 3025 2436 3111 absque
2467 3022 2902 3092 communium
2934 3021 3048 3091 lit·

780 3138 1065 3199 terarum
1095 3131 1398 3199 cautione
1416 3130 1633 3200 nullus
1665 3132 1911 3200 audeat
1940 3133 2237 3200 retinere.
2271 3136 2398 3201 Pro
2430 3131 3030 3202 consecrationibus

782 3260 939 3310 vero
990 3239 1298 3307 altarium
1346 3241 1452 3308 vel
1503 3240 1783 3309 ecclesie
1814 3249 2050 3328 vestre,
2102 3241 2245 3310 sive
2292 3262 2412 3330 pro
2450 3244 2597 3311 oleo
2634 3249 2884 3328 sancto,
2933 3242 3039 3309 vel

786 3349 1080 3436 quolibet
1110 3348 1560 3418 ecclesiastico
1592 3358 2030 3437 sacramento,
2073 3352 2291 3421 nullus
2323 3372 2365 3420 a
2396 3350 2586 3422 vobis
2619 3355 2740 3419 sub
2772 3352 3042 3420 obtentu

791 3458 1282 3528 consuetudinis
1302 3458 1411 3526 vel
1440 3459 1575 3527 alio
1607 3459 1799 3529 modo
1833 3460 2075 3528 audeat
2104 3459 2462 3546 quidquam
2485 3466 2893 3547 extorquere,
2928 3456 3046 3528 sed

789 3568 912 3635 hec
942 3568 1163 3636 omnia
1192 3567 1400 3652 gratis
1429 3568 1617 3637 vobis
1648 3569 2015 3656 Episcopus
2047 3570 2455 3638 Diocesanus
2486 3569 2850 3656 impendat3
2886 3569 3043 3638 alio·

786 3675 945 3762 quin
978 3675 1178 3743 liceat
1205 3675 1397 3746 vobis
1428 3676 1550 3744 hec
1580 3685 1810 3745 nostra
1828 3678 2219 3747 auctoritate
2250 3677 2541 3765 recipere
2572 3698 2615 3744 a
2635 3697 3043 3763 quocumque

785 3783 1143 3852 malueritis
1179 3782 1521 3852 catholico
1541 3785 1853 3853 Antistite
1882 3787 2166 3872 gratiam
2198 3793 2264 3854 et
2296 3787 2816 3856 communionem
2852 3786 3049 3854 Sedis

785 3893 1164 3980 Apostolice
1195 3894 1552 3961 obtinente.
1586 3892 1777 3973 Quod
1805 3893 1865 3961 si
1899 3893 2105 3962 Sedes
2136 3896 2498 3964 Diocesani
2539 3895 2849 3984 Episcopi
2880 3895 3047 3965 forte

785 4001 1143 4088 vacaverit,
1191 4002 1453 4069 interim
1500 4003 1719 4071 omnia
1769 4003 2218 4073 ecclesiastica
2266 4010 2682 4073 sacramenta
2720 4025 2760 4071 a
2809 4003 3047 4073 vicinis

785 4111 1134 4197 Episcopis
1186 4110 1483 4198 accipere
1533 4111 1740 4179 libere
1771 4117 1839 4179 et
1886 4113 2136 4199 absque
2168 4112 2682 4182 contradictione
2730 4112 3041 4201 possitis3

787 4221 886 4289 sic
915 4228 1156 4304 tamen,
1207 4224 1277 4287 ut
1306 4240 1390 4287 ex
1422 4220 1544 4288 hoc
1576 4222 1842 4309 proprio
1876 4221 2204 4309 Episcopo
2237 4244 2430 4311 super
2474 4222 2571 4291 eis
2601 4222 2671 4289 in
2708 4229 3049 4309 posterum

785 4330 1035 4397 nullum
1052 4328 1486 4417 preiudicium
1511 4338 1879 4415 generetur.
1914 4329 2087 4410 Quia
2105 4351 2261 4399 vero
2281 4331 2610 4399 interdum
2633 4331 3048 4420 propriorum

787 4437 1257 4525 Episcoporum
1279 4436 1542 4525 copiam
1560 4459 1695 4507 non
1728 4438 2003 4525 habetis,
2041 4438 2097 4505 si
2117 4459 2312 4524 quem
2332 4438 2734 4526 Episcopum
2754 4441 3051 4506 Romane

790 4545 1004 4635 Sedis,
1036 4554 1109 4614 ut
1141 4547 1445 4635 diximus,
1497 4547 1783 4632 gratiam
1816 4556 1880 4615 et
1910 4549 2428 4617 communionem
2467 4548 2839 4634 habentem,
2872 4555 2939 4616 et
2971 4546 3053 4614 de

793 4675 922 4739 quo
954 4656 1218 4743 plenam
1251 4655 1560 4723 noticiam
1592 4655 1915 4742 habeatis,
1948 4678 2067 4744 per
2099 4677 2213 4725 ves
2244 4657 2527 4725 transire
2558 4656 2926 4744 contigerit,
2964 4658 3051 4725 ab
