3359 5250
1374 391 1502 460 381

1364 968 1519 1038 27⁰.

295 1148 422 1213 IV.
475 1149 636 1215 Bata
681 1150 891 1238 lviv-<ily
921 1175 960 1215 α
987 1153 1447 1239 pannonkalmi
1493 1158 1555 1216 (ἵε
1604 1176 1644 1216 a
1685 1154 2082 1238 aomoqudvi
2130 1151 2355 1238 apcitok
2402 1152 2562 1217 ko'zti

299 1258 462 1323 Faiz
494 1261 804 1347 hely-seqre
833 1261 1170 1327 vonatloozo
1202 1261 1769 1349 eqyenetlenadqeket
1798 1262 2055 1326 elintffzi.
2089 1260 2552 1326 1245—1258.

523 1456 661 1523 Nos
691 1456 857 1525 Bela
888 1457 1014 1525 Dei
1068 1457 1293 1543 gracia
1323 1461 1458 1526 Rex
1493 1459 1829 1544 Hungarie
1879 1459 2111 1526 damus
2163 1479 2279 1544 pro
2314 1479 2556 1526 memo-

303 1564 433 1649 ria,
485 1565 658 1650 quod
692 1586 840 1633 cum
869 1567 1038 1634 inter
1067 1568 1242 1635 viros
1291 1568 1653 1656 religiosos,
1706 1568 2013 1636 videlicet
2042 1567 2266 1635 Sancti
2296 1567 2557 1637 Martini

299 1671 392 1737 de
442 1675 799 1763 Pannonia,
855 1682 919 1743 et
966 1676 1189 1744 Sancti
1238 1676 1458 1762 Egidii
1512 1677 1595 1743 de
1644 1676 1938 1764 Symigio
1989 1678 2281 1745 Abbates
2328 1685 2556 1745 exorta

301 1779 538 1849 fnisset
585 1786 861 1852 materia
915 1786 1273 1871 questionis
1326 1806 1524 1873 super
1573 1784 1857 1871 quadam
1919 1794 2106 1873 parte
2160 1794 2329 1853 terre
2373 1786 2553 1868 Faiz‚

302 1888 577 1956 tandem
607 1891 1044 1961 mediantibus
1076 1895 1235 1962 viris
1268 1895 1521 1963 idoneis
1552 1895 1708 1963 talis
1740 1894 1907 1962 inter
1937 1895 2195 1963 eosdem
2239 1894 2551 1980 composi-

298 1999 411 2065 cio
444 1999 822 2087 intervenit3
879 2005 1050 2090 quod
1098 2004 1430 2091 predictus
1468 2006 1696 2072 Abbas
1727 2006 1950 2071 Sancti
1994 2004 2256 2071 Martini
2307 2004 2376 2071 in
2406 2023 2551 2090 pre·

297 2108 448 2174 fata
480 2110 638 2178 villa
677 2112 834 2179 Faiz
876 2113 1159 2200 quinque
1203 2116 1576 2183 mansiones
1618 2114 2045 2200 jobagionum
2096 2112 2386 2199 habebit,
2445 2110 2555 2197 qui

296 2217 546 2284 ibidem
588 2229 1079 2308 commorantes,
1129 2231 1390 2291 utentur
1436 2222 1754 2291 fructibus
1793 2231 1859 2290 et
1893 2222 2177 2290 utilitate
2209 2228 2379 2289 terre
2410 2239 2552 2308 pre⁶

294 2326 464 2409 fate,
516 2329 681 2396 sicut
716 2331 1110 2417 jobagiones
1143 2332 1416 2401 Abbatis
1455 2332 1907 2419 Symigiensis,
1962 2331 2361 2420 proprietate
2381 2336 2553 2396 terre

297 2454 513 2521 penes
562 2436 1025 2506 Monasterium
1084 2438 1166 2506 de
1218 2439 1509 2526 Symigio
1565 2447 1979 2523 remanente3
2047 2438 2105 2504 si
2156 2446 2374 2505 autem
2438 2459 2549 2507 nu-

299 2564 523 2611 merus
574 2548 931 2615 excreverit
980 2546 1348 2633 eorundem,
1403 2547 1632 2635 reliqui
1687 2547 2081 2635 posteriores
2121 2548 2547 2614 removebun-

299 2662 434 2738 tur,
469 2657 747 2742 quinque
775 2659 911 2726 illis
943 2660 1050 2725 vel
1084 2658 1236 2726 aliis
1269 2659 1554 2744 quinque
1586 2658 1907 2724 duntaxat
1937 2656 2080 2725 loco
2112 2656 2367 2726 illorum
2403 2660 2550 2726 sub·

300 2763 553 2830 stitutio
576 2768 1056 2834 remanentibus
1078 2766 1271 2835 modo
1292 2765 1689 2853 supradicto,
1724 2764 2243 2834 contradiccione
2264 2766 2555 2852 qualibet

299 2894 436 2939 non
470 2873 807 2957 abstante;
844 2875 1067 2943 Abbas
1097 2882 1317 2943 tamen
1351 2873 1786 2962 symigiensis
1809 2874 1877 2941 in
1908 2874 2042 2941 illis
2073 2875 2359 2960 quinque
2377 2895 2553 2941 man·

299 2981 599 3049 sionibus
650 2983 911 3052 racione
942 2992 1115 3052 terre
1162 2986 1487 3052 fructuum
1521 2990 1971 3070 perceptorum
2019 2988 2084 3049 et
2113 2982 2554 3069 percipiendo-

301 3111 449 3158 rum
483 3091 725 3158 nullam
745 3092 871 3159 sibi
895 3092 1431 3178 jurisdiccionem
1452 3093 1711 3179 penitus
1730 3091 2105 3159 vendicabit
2125 3116 2140 3177 ;
2176 3091 2294 3158 sed
2310 3091 2552 3159 Abbati

302 3200 534 3265 Sancti
584 3200 844 3270 Martini
897 3202 1179 3269 servient
1228 3201 1580 3268 secundum
1629 3197 1980 3267 eorundem
2024 3198 2555 3266 consvetudinem

303 3309 627 3377 hactenus
660 3312 1094 3379 observatam.
1126 3312 1433 3379 Preterea
1454 3310 1886 3379 existentibus
1917 3308 2049 3375 illis
2070 3308 2350 3395 quinque
2383 3329 2555 3375 man-

301 3416 624 3504 sionibu8‚
673 3421 779 3486 vel
810 3419 1058 3488 eisdem
1090 3420 1567 3503 deficientibus,
1597 3419 1823 3486 Abbas
1853 3416 2079 3485 Sancti
2110 3416 2399 3502 Martini,
2451 3417 2553 3484 vel

302 3524 619 3593 officiales
674 3527 966 3595 eiusdem
995 3528 1080 3596 de
1130 3534 1306 3595 terra
1337 3527 1489 3615 ipsa
1521 3528 1741 3595 locare
1770 3524 1919 3592 aliis
1974 3543 2103 3591 non
2132 3531 2436 3611 poterunt
2468 3524 2556 3591 ad

305 3634 669 3721 culturam3
718 3637 836 3703 sed
868 3636 951 3705 de
981 3636 1298 3704 fructibus
1349 3644 1414 3704 et
1444 3636 1732 3704 utilitate
1760 3634 1904 3721 ipse
1953 3634 2234 3720 quinque
2280 3635 2555 3700 mansio·

304 3759 444 3828 nes,
499 3743 606 3809 vel
660 3745 1211 3831 superexistentes
1260 3745 1601 3831 pauciores
1622 3795 1640 3828 ‚
1705 3747 1963 3810 utentur
2012 3739 2204 3810 modo
2254 3741 2555 3827 superius

301 3859 681 3919 memorato.
733 3853 975 3922 Datum
1005 3854 1074 3921 in
1122 3853 1358 3922 castris
1395 3853 1571 3920 circa
1600 3851 1941 3919 Petoviam
1990 3850 2059 3915 in
2111 3848 2555 3918 translacione

301 3960 528 4026 Sancti
562 3961 841 4029 Martini.

301 4161 577 4226 (Erodetie
600 4159 947 4229 borhartyam
968 4178 1004 4214 a
1027 4160 1481 4230 hartyaasincgen
1504 4162 1676 4229 fflggd
1700 4158 1993 4228 pecsetnek
2021 4157 2279 4213 turedeke
2300 4175 2549 4226 mogun,

827 4268 863 4304 a
887 4252 1271 4320 pannonhalmi
1296 4250 1584 4320 fflapatsag
1608 4249 2014 4318 levdltaraban.)
