<?xml version="1.0" encoding="UTF-8"?>
<!DOCTYPE html PUBLIC "-//W3C//DTD XHTML 1.0 Transitional//EN"
    "http://www.w3.org/TR/xhtml1/DTD/xhtml1-transitional.dtd">
<html xmlns="http://www.w3.org/1999/xhtml" xml:lang="en" lang="en">
 <head>
  <title>
</title>
<meta http-equiv="Content-Type" content="text/html;charset=utf-8" />
  <meta name='ocr-system' content='tesseract 3.04.00' />
  <meta name='ocr-capabilities' content='ocr_page ocr_carea ocr_par ocr_line ocrx_word'/>
</head>
<body>
  <div class='ocr_page' id='page_1' title='image "./codexdiplomatic09unkngoog_0524.png"; bbox 0 0 3359 5250; ppageno 0'>
   <div class='ocr_carea' id='block_1_1' title="bbox 1736 311 2019 414">
    <p class='ocr_par' dir='ltr' id='par_1_1' title="bbox 1736 311 2019 414">
     <span class='ocr_line' id='line_1_1' title="bbox 1736 311 2019 414; baseline -0.028 1"><span class='ocrx_word' id='word_1_1' title='bbox 1736 311 2019 414; x_wconf 40' lang='lat'><strong>284,</strong></span> 
     </span>
    </p>
   </div>
   <div class='ocr_carea' id='block_1_2' title="bbox 762 499 3030 1148">
    <p class='ocr_par' dir='ltr' id='par_1_2' title="bbox 762 499 3030 1148">
     <span class='ocr_line' id='line_1_2' title="bbox 762 499 3022 601; baseline -0.01 -15"><span class='ocrx_word' id='word_1_2' title='bbox 762 539 904 586; x_wconf 90' lang='lat' dir='ltr'><strong>rum</strong></span> <span class='ocrx_word' id='word_1_3' title='bbox 955 515 1302 600; x_wconf 82' lang='lat' dir='ltr'><strong>inquietari</strong></span> <span class='ocrx_word' id='word_1_4' title='bbox 1353 533 1551 601; x_wconf 88' lang='lat' dir='ltr'><strong>super</strong></span> <span class='ocrx_word' id='word_1_5' title='bbox 1584 511 1736 599; x_wconf 80' lang='lat' dir='ltr'><strong>ipsa</strong></span> <span class='ocrx_word' id='word_1_6' title='bbox 1790 515 1967 576; x_wconf 77' lang='lat' dir='ltr'><strong>terra</strong></span> <span class='ocrx_word' id='word_1_7' title='bbox 1996 508 2281 588; x_wconf 80' lang='lat' dir='ltr'><strong>valeant,</strong></span> <span class='ocrx_word' id='word_1_8' title='bbox 2330 509 2673 591; x_wconf 76' lang='lat' dir='ltr'><strong>presentes</strong></span> <span class='ocrx_word' id='word_1_9' title='bbox 2724 499 3022 570; x_wconf 78' lang='lat' dir='ltr'><strong>dedimus</strong></span> 
     </span>
     <span class='ocr_line' id='line_1_3' title="bbox 765 611 3024 713; baseline -0.01 -18"><span class='ocrx_word' id='word_1_10' title='bbox 765 627 1018 695; x_wconf 79' lang='lat' dir='ltr'><strong>litteras</strong></span> <span class='ocrx_word' id='word_1_11' title='bbox 1070 623 1394 713; x_wconf 87' lang='lat' dir='ltr'><strong>dupplicis</strong></span> <span class='ocrx_word' id='word_1_12' title='bbox 1445 621 1646 709; x_wconf 81' lang='lat' dir='ltr'><strong>sigilli</strong></span> <span class='ocrx_word' id='word_1_13' title='bbox 1698 619 1905 689; x_wconf 83' lang='lat' dir='ltr'><strong>nostri</strong></span> <span class='ocrx_word' id='word_1_14' title='bbox 1953 615 2312 686; x_wconf 80' lang='lat' dir='ltr'><strong>munimine</strong></span> <span class='ocrx_word' id='word_1_15' title='bbox 2361 615 2721 682; x_wconf 78' lang='lat' dir='ltr'><strong>roboratas.</strong></span> <span class='ocrx_word' id='word_1_16' title='bbox 2779 611 3024 678; x_wconf 73' lang='lat' dir='ltr'><strong>Datum</strong></span> 
     </span>
     <span class='ocr_line' id='line_1_4' title="bbox 762 720 3027 822; baseline -0.009 -19"><span class='ocrx_word' id='word_1_17' title='bbox 762 755 880 822; x_wconf 88' lang='lat' dir='ltr'><strong>per</strong></span> <span class='ocrx_word' id='word_1_18' title='bbox 912 754 1140 802; x_wconf 78' lang='lat' dir='ltr'><strong>manus</strong></span> <span class='ocrx_word' id='word_1_19' title='bbox 1171 731 1470 818; x_wconf 82' lang='lat' dir='ltr'><strong>Magistri</strong></span> <span class='ocrx_word' id='word_1_20' title='bbox 1503 729 1849 810; x_wconf 77' lang='lat' dir='ltr'><strong>Smaragdi</strong></span> <span class='ocrx_word' id='word_1_21' title='bbox 1882 725 2193 794; x_wconf 89' lang='lat' dir='ltr'><strong>Albensis</strong></span> <span class='ocrx_word' id='word_1_22' title='bbox 2236 722 2584 809; x_wconf 89' lang='lat' dir='ltr'><strong>Prepositi,</strong></span> <span class='ocrx_word' id='word_1_23' title='bbox 2618 720 2767 788; x_wconf 82' lang='lat' dir='ltr'><strong>aule</strong></span> <span class='ocrx_word' id='word_1_24' title='bbox 2806 726 3027 784; x_wconf 86' lang='lat' dir='ltr'><strong>nostre</strong></span> 
     </span>
     <span class='ocr_line' id='line_1_5' title="bbox 766 827 3025 931; baseline -0.007 -20"><span class='ocrx_word' id='word_1_25' title='bbox 766 841 1375 931; x_wconf 74' lang='lat' dir='ltr'><strong>Vice-Cancellarij,</strong></span> <span class='ocrx_word' id='word_1_26' title='bbox 1415 840 1622 907; x_wconf 85' lang='lat' dir='ltr'><strong>Electi</strong></span> <span class='ocrx_word' id='word_1_27' title='bbox 1675 837 2075 917; x_wconf 79' lang='lat' dir='ltr'><strong>colocensis,</strong></span> <span class='ocrx_word' id='word_1_28' title='bbox 2134 834 2355 900; x_wconf 88' lang='lat' dir='ltr'><strong>dilecti</strong></span> <span class='ocrx_word' id='word_1_29' title='bbox 2408 840 2473 899; x_wconf 89' lang='lat' dir='ltr'><strong>et</strong></span> <span class='ocrx_word' id='word_1_30' title='bbox 2521 830 2735 898; x_wconf 83' lang='lat' dir='ltr'><strong>fidelis</strong></span> <span class='ocrx_word' id='word_1_31' title='bbox 2795 827 3025 910; x_wconf 81' lang='lat' dir='ltr'><strong>nostri,</strong></span> 
     </span>
     <span class='ocr_line' id='line_1_6' title="bbox 769 939 3030 1027; baseline -0.007 -7"><span class='ocrx_word' id='word_1_32' title='bbox 769 973 942 1020; x_wconf 74' lang='lat' dir='ltr'><strong>anno</strong></span> <span class='ocrx_word' id='word_1_33' title='bbox 976 951 1237 1021; x_wconf 87' lang='lat' dir='ltr'><strong>Domini</strong></span> <span class='ocrx_word' id='word_1_34' title='bbox 1289 948 1631 1017; x_wconf 89' lang='lat' dir='ltr'><strong>millesimo</strong></span> <span class='ocrx_word' id='word_1_35' title='bbox 1684 942 2124 1014; x_wconf 87' lang='lat' dir='ltr'><strong>ducentesimo</strong></span> <span class='ocrx_word' id='word_1_36' title='bbox 2176 939 2723 1027; x_wconf 80' lang='lat' dir='ltr'><strong>quinquagesimo</strong></span> <span class='ocrx_word' id='word_1_37' title='bbox 2773 946 3030 1020; x_wconf 74' lang='lat' dir='ltr'><strong>octauo,</strong></span> 
     </span>
     <span class='ocr_line' id='line_1_7' title="bbox 773 1043 3030 1148; baseline -0.01 -19"><span class='ocrx_word' id='word_1_38' title='bbox 773 1068 1006 1148; x_wconf 76' lang='lat' dir='ltr'><strong>quarto</strong></span> <span class='ocrx_word' id='word_1_39' title='bbox 1036 1079 1246 1129; x_wconf 79' lang='lat' dir='ltr'><strong>nonas</strong></span> <span class='ocrx_word' id='word_1_40' title='bbox 1278 1057 1460 1143; x_wconf 87' lang='lat' dir='ltr'><strong>Julij‚</strong></span> <span class='ocrx_word' id='word_1_41' title='bbox 1508 1055 1719 1141; x_wconf 83' lang='lat' dir='ltr'><strong>Regni</strong></span> <span class='ocrx_word' id='word_1_42' title='bbox 1749 1063 1967 1122; x_wconf 80' lang='lat' dir='ltr'><strong>autem</strong></span> <span class='ocrx_word' id='word_1_43' title='bbox 1997 1050 2205 1121; x_wconf 85' lang='lat' dir='ltr'><strong>nostri</strong></span> <span class='ocrx_word' id='word_1_44' title='bbox 2255 1068 2428 1116; x_wconf 83' lang='lat' dir='ltr'><strong>anno</strong></span> <span class='ocrx_word' id='word_1_45' title='bbox 2463 1045 2771 1115; x_wconf 85' lang='lat' dir='ltr'><strong>vicesimo</strong></span> <span class='ocrx_word' id='word_1_46' title='bbox 2809 1043 3030 1112; x_wconf 85' lang='lat' dir='ltr'><strong>tercio.</strong></span> 
     </span>
    </p>
   </div>
   <div class='ocr_carea' id='block_1_3' title="bbox 773 1245 3030 1410">
    <p class='ocr_par' dir='ltr' id='par_1_3' title="bbox 773 1245 3030 1410">
     <span class='ocr_line' id='line_1_8' title="bbox 773 1245 3030 1328; baseline -0.008 -14"><span class='ocrx_word' id='word_1_47' title='bbox 773 1261 862 1327; x_wconf 83' lang='lat' dir='ltr'><strong>(V.</strong></span> <span class='ocrx_word' id='word_1_48' title='bbox 891 1257 1078 1312; x_wconf 60' lang='lat' dir='ltr'><strong>Istvfin</strong></span> <span class='ocrx_word' id='word_1_49' title='bbox 1104 1257 1393 1328; x_wconf 60' lang='lat' dir='ltr'><strong>kirfilynak</strong></span> <span class='ocrx_word' id='word_1_50' title='bbox 1424 1258 1643 1310; x_wconf 72' lang='grc' dir='ltr'><strong>1272-κί</strong></span> <span class='ocrx_word' id='word_1_51' title='bbox 1672 1252 1997 1322; x_wconf 67' lang='lat' dir='ltr'><strong>megero&#39;sitli</strong></span> <span class='ocrx_word' id='word_1_52' title='bbox 2021 1246 2515 1321; x_wconf 73' lang='lat' dir='ltr'><strong>privilegiunuibol,</strong></span> <span class='ocrx_word' id='word_1_53' title='bbox 2554 1264 2588 1299; x_wconf 77' lang='lat' dir='ltr'><strong>a</strong></span> <span class='ocrx_word' id='word_1_54' title='bbox 2611 1246 2776 1299; x_wconf 71' lang='lat' dir='ltr'><strong>budai</strong></span> <span class='ocrx_word' id='word_1_55' title='bbox 2804 1247 2908 1299; x_wconf 80' lang='lat' dir='ltr'><strong>kir.</strong></span> <span class='ocrx_word' id='word_1_56' title='bbox 2936 1245 3030 1297; x_wconf 71' lang='lat' dir='ltr'><strong>ks·</strong></span> 
     </span>
     <span class='ocr_line' id='line_1_9' title="bbox 1606 1341 2182 1410; baseline -0.01 -11"><span class='ocrx_word' id='word_1_57' title='bbox 1606 1348 1779 1399; x_wconf 75' lang='lat' dir='ltr'><strong>marai</strong></span> <span class='ocrx_word' id='word_1_58' title='bbox 1806 1341 2182 1410; x_wconf 56' lang='lat' dir='ltr'><strong>leveltfirhan.)</strong></span> 
     </span>
    </p>
   </div>
   <div class='ocr_carea' id='block_1_4' title="bbox 1827 2083 1981 2152">
    <p class='ocr_par' dir='ltr' id='par_1_4' title="bbox 1827 2083 1981 2152">
     <span class='ocr_line' id='line_1_10' title="bbox 1827 2083 1981 2152; baseline -0.013 0"><span class='ocrx_word' id='word_1_59' title='bbox 1827 2083 1981 2152; x_wconf 79' lang='lat'><strong>341.</strong></span> 
     </span>
    </p>
   </div>
   <div class='ocr_carea' id='block_1_5' title="bbox 777 2259 3037 2574">
    <p class='ocr_par' dir='ltr' id='par_1_5' title="bbox 777 2259 3037 2574">
     <span class='ocr_line' id='line_1_11' title="bbox 777 2259 3037 2356; baseline -0.005 -20"><span class='ocrx_word' id='word_1_60' title='bbox 777 2269 824 2336; x_wconf 92' lang='grc' dir='ltr'><em>Ι</em></span> <span class='ocrx_word' id='word_1_61' title='bbox 833 2270 899 2336; x_wconf 84' lang='lat' dir='ltr'><strong>V.</strong></span> <span class='ocrx_word' id='word_1_62' title='bbox 937 2269 1094 2335; x_wconf 72' lang='lat' dir='ltr'><strong>Be&#39;la</strong></span> <span class='ocrx_word' id='word_1_63' title='bbox 1122 2268 1331 2356; x_wconf 72' lang='lat' dir='ltr'><strong>kirdly</strong></span> <span class='ocrx_word' id='word_1_64' title='bbox 1359 2268 1573 2336; x_wconf 62' lang='lat' dir='ltr'><strong>lumin</strong></span> <span class='ocrx_word' id='word_1_65' title='bbox 1602 2269 1952 2334; x_wconf 75' lang='lat' dir='ltr'><strong>szlavoniai</strong></span> <span class='ocrx_word' id='word_1_66' title='bbox 1980 2263 2229 2331; x_wconf 59' lang='lat' dir='ltr'><strong>bannale</strong></span> <span class='ocrx_word' id='word_1_67' title='bbox 2265 2264 2553 2348; x_wconf 73' lang='lat' dir='ltr'><strong>bizonyos</strong></span> <span class='ocrx_word' id='word_1_68' title='bbox 2591 2259 2759 2328; x_wconf 81' lang='lat' dir='ltr'><strong>Zala</strong></span> <span class='ocrx_word' id='word_1_69' title='bbox 2794 2262 3037 2349; x_wconf 58' lang='grc' dir='ltr'><strong>σπερμά</strong></span> 
     </span>
     <span class='ocr_line' id='line_1_12' title="bbox 778 2370 3031 2466; baseline -0.006 -19"><span class='ocrx_word' id='word_1_70' title='bbox 778 2379 1056 2447; x_wconf 71' lang='lat' dir='ltr'><strong>Drdvdn</strong></span> <span class='ocrx_word' id='word_1_71' title='bbox 1106 2382 1224 2445; x_wconf 67' lang='lat' dir='ltr'><strong>nui</strong></span> <span class='ocrx_word' id='word_1_72' title='bbox 1270 2379 1528 2445; x_wconf 76' lang='lat' dir='ltr'><strong>birtokot</strong></span> <span class='ocrx_word' id='word_1_73' title='bbox 1572 2384 1872 2466; x_wconf 73' lang='lat' dir='ltr'><strong>tdrqyazo</strong></span> <span class='ocrx_word' id='word_1_74' title='bbox 1922 2377 2305 2461; x_wconf 72' lang='lat' dir='ltr'><strong>adomdnydt</strong></span> <span class='ocrx_word' id='word_1_75' title='bbox 2353 2373 2561 2439; x_wconf 72' lang='lat' dir='ltr'><strong>Sceme</strong></span> <span class='ocrx_word' id='word_1_76' title='bbox 2580 2422 2599 2451; x_wconf 90' lang='lat'><em>‚</em></span> <span class='ocrx_word' id='word_1_77' title='bbox 2656 2370 2899 2437; x_wconf 77' lang='lat' dir='ltr'><strong>Pouche</strong></span> <span class='ocrx_word' id='word_1_78' title='bbox 2932 2371 3031 2453; x_wconf 77' lang='lat' dir='ltr'><strong>fla</strong></span> 
     </span>
     <span class='ocr_line' id='line_1_13' title="bbox 1441 2482 2365 2574; baseline -0.009 -21"><span class='ocrx_word' id='word_1_79' title='bbox 1441 2488 1735 2553; x_wconf 75' lang='lat' dir='ltr'><strong>szcimcira</strong></span> <span class='ocrx_word' id='word_1_80' title='bbox 1763 2487 2126 2574; x_wconf 69' lang='lat' dir='ltr'><strong>meyerdsv&#39;ti.</strong></span> <span class='ocrx_word' id='word_1_81' title='bbox 2170 2482 2365 2548; x_wconf 78' lang='lat'><strong><em>1258.</em></strong></span> 
     </span>
    </p>
   </div>
   <div class='ocr_carea' id='block_1_6' title="bbox 779 2676 3044 4732">
    <p class='ocr_par' dir='ltr' id='par_1_6' title="bbox 779 2676 3044 4732">
     <span class='ocr_line' id='line_1_14' title="bbox 995 2676 3030 2774; baseline -0.003 -21"><span class='ocrx_word' id='word_1_82' title='bbox 995 2683 1223 2774; x_wconf 67' lang='lat' dir='ltr'><strong>(mela</strong></span> <span class='ocrx_word' id='word_1_83' title='bbox 1252 2683 1377 2752; x_wconf 87' lang='lat' dir='ltr'><strong>Dei</strong></span> <span class='ocrx_word' id='word_1_84' title='bbox 1408 2682 1635 2770; x_wconf 76' lang='lat' dir='ltr'><strong>gracie</strong></span> <span class='ocrx_word' id='word_1_85' title='bbox 1671 2680 2026 2768; x_wconf 77' lang='lat' dir='ltr'><strong>Hungerie,</strong></span> <span class='ocrx_word' id='word_1_86' title='bbox 2067 2678 2428 2766; x_wconf 76' lang='lat' dir='ltr'><strong>Dalmacie‚</strong></span> <span class='ocrx_word' id='word_1_87' title='bbox 2462 2676 2752 2766; x_wconf 77' lang='lat' dir='ltr'><strong>Groacie,</strong></span> <span class='ocrx_word' id='word_1_88' title='bbox 2804 2677 3030 2760; x_wconf 71' lang='lat' dir='ltr'><strong>Reme,</strong></span> 
     </span>
     <span class='ocr_line' id='line_1_15' title="bbox 782 2785 3030 2880; baseline -0.003 -20"><span class='ocrx_word' id='word_1_89' title='bbox 782 2791 1036 2880; x_wconf 86' lang='lat' dir='ltr'><strong>Seruie,</strong></span> <span class='ocrx_word' id='word_1_90' title='bbox 1059 2791 1357 2877; x_wconf 75' lang='lat' dir='ltr'><strong>Gallicie,</strong></span> <span class='ocrx_word' id='word_1_91' title='bbox 1381 2788 1783 2874; x_wconf 81' lang='lat' dir='ltr'><strong>Lodomerie,</strong></span> <span class='ocrx_word' id='word_1_92' title='bbox 1805 2786 2250 2873; x_wconf 74' lang='lat' dir='ltr'><strong>Cumanieque</strong></span> <span class='ocrx_word' id='word_1_93' title='bbox 2272 2788 2410 2856; x_wconf 86' lang='lat' dir='ltr'><strong>Rex</strong></span> <span class='ocrx_word' id='word_1_94' title='bbox 2442 2785 2740 2855; x_wconf 88' lang='lat' dir='ltr'><strong>omnibus</strong></span> <span class='ocrx_word' id='word_1_95' title='bbox 2759 2805 3030 2874; x_wconf 85' lang='lat' dir='ltr'><strong>presens</strong></span> 
     </span>
     <span class='ocr_line' id='line_1_16' title="bbox 779 2895 3035 2990; baseline -0.003 -21"><span class='ocrx_word' id='word_1_96' title='bbox 779 2901 1088 2990; x_wconf 88' lang='lat' dir='ltr'><strong>scriptum</strong></span> <span class='ocrx_word' id='word_1_97' title='bbox 1124 2899 1517 2987; x_wconf 87' lang='lat' dir='ltr'><strong>inspecturis</strong></span> <span class='ocrx_word' id='word_1_98' title='bbox 1547 2898 1828 2966; x_wconf 77' lang='lat' dir='ltr'><strong>salutem</strong></span> <span class='ocrx_word' id='word_1_99' title='bbox 1860 2898 1925 2964; x_wconf 92' lang='lat' dir='ltr'><strong>in</strong></span> <span class='ocrx_word' id='word_1_100' title='bbox 1958 2896 2243 2965; x_wconf 91' lang='lat' dir='ltr'><strong>omnium</strong></span> <span class='ocrx_word' id='word_1_101' title='bbox 2291 2896 2644 2965; x_wconf 71' lang='lat' dir='ltr'><strong>saluatore.</strong></span> <span class='ocrx_word' id='word_1_102' title='bbox 2694 2895 2877 2964; x_wconf 85' lang='lat' dir='ltr'><strong>Solet</strong></span> <span class='ocrx_word' id='word_1_103' title='bbox 2908 2896 3035 2962; x_wconf 81' lang='lat' dir='ltr'><strong>Ex-</strong></span> 
     </span>
     <span class='ocr_line' id='line_1_17' title="bbox 780 3004 3039 3106; baseline -0.003 -27"><span class='ocrx_word' id='word_1_104' title='bbox 780 3008 1105 3079; x_wconf 74' lang='lat' dir='ltr'><strong>cellencia</strong></span> <span class='ocrx_word' id='word_1_105' title='bbox 1134 3008 1348 3106; x_wconf 70' lang='lat' dir='ltr'><strong>Regia</strong></span> <span class='ocrx_word' id='word_1_106' title='bbox 1396 3026 1687 3076; x_wconf 78' lang='lat' dir='ltr'><strong>annuere</strong></span> <span class='ocrx_word' id='word_1_107' title='bbox 1734 3006 2040 3094; x_wconf 90' lang='lat' dir='ltr'><strong>precibus</strong></span> <span class='ocrx_word' id='word_1_108' title='bbox 2092 3004 2566 3094; x_wconf 77' lang='lat' dir='ltr'><strong>suplicancium</strong></span> <span class='ocrx_word' id='word_1_109' title='bbox 2618 3004 2686 3073; x_wconf 93' lang='lat' dir='ltr'><strong>in</strong></span> <span class='ocrx_word' id='word_1_110' title='bbox 2736 3004 2938 3073; x_wconf 89' lang='lat' dir='ltr'><strong>licitis</strong></span> <span class='ocrx_word' id='word_1_111' title='bbox 2970 3013 3039 3073; x_wconf 91' lang='lat' dir='ltr'><strong>et</strong></span> 
     </span>
     <span class='ocr_line' id='line_1_18' title="bbox 781 3112 3040 3190; baseline -0.003 -1"><span class='ocrx_word' id='word_1_112' title='bbox 781 3118 1096 3190; x_wconf 77' lang='lat' dir='ltr'><strong>honestis.</strong></span> <span class='ocrx_word' id='word_1_113' title='bbox 1142 3116 1421 3187; x_wconf 83' lang='lat' dir='ltr'><strong>Proinde</strong></span> <span class='ocrx_word' id='word_1_114' title='bbox 1453 3116 1543 3185; x_wconf 80' lang='lat' dir='ltr'><strong>ad</strong></span> <span class='ocrx_word' id='word_1_115' title='bbox 1576 3114 2024 3184; x_wconf 85' lang='lat' dir='ltr'><strong>vniuersorum</strong></span> <span class='ocrx_word' id='word_1_116' title='bbox 2056 3112 2364 3183; x_wconf 77' lang='lat' dir='ltr'><strong>noticiam</strong></span> <span class='ocrx_word' id='word_1_117' title='bbox 2400 3113 2629 3183; x_wconf 73' lang='lat' dir='ltr'><strong>harum</strong></span> <span class='ocrx_word' id='word_1_118' title='bbox 2659 3115 2831 3183; x_wconf 87' lang='lat' dir='ltr'><strong>serie</strong></span> <span class='ocrx_word' id='word_1_119' title='bbox 2859 3114 3040 3183; x_wconf 82' lang='lat' dir='ltr'><strong>volu·</strong></span> 
     </span>
     <span class='ocr_line' id='line_1_19' title="bbox 782 3224 3035 3317; baseline -0.002 -19"><span class='ocrx_word' id='word_1_120' title='bbox 782 3248 925 3298; x_wconf 88' lang='lat' dir='ltr'><strong>mus</strong></span> <span class='ocrx_word' id='word_1_121' title='bbox 959 3226 1347 3317; x_wconf 79' lang='lat' dir='ltr'><strong>peruenire3</strong></span> <span class='ocrx_word' id='word_1_122' title='bbox 1400 3225 1575 3313; x_wconf 87' lang='lat' dir='ltr'><strong>quod</strong></span> <span class='ocrx_word' id='word_1_123' title='bbox 1620 3227 1991 3314; x_wconf 81' lang='lat' dir='ltr'><strong>Stephanus</strong></span> <span class='ocrx_word' id='word_1_124' title='bbox 2021 3224 2242 3292; x_wconf 77' lang='lat' dir='ltr'><strong>Banus</strong></span> <span class='ocrx_word' id='word_1_125' title='bbox 2280 3224 2629 3292; x_wconf 80' lang='lat' dir='ltr'><strong>Solanonie</strong></span> <span class='ocrx_word' id='word_1_126' title='bbox 2677 3229 2743 3291; x_wconf 89' lang='lat' dir='ltr'><strong>et</strong></span> <span class='ocrx_word' id='word_1_127' title='bbox 2773 3224 3035 3313; x_wconf 74' lang='lat' dir='ltr'><strong>Capita-</strong></span> 
     </span>
     <span class='ocr_line' id='line_1_20' title="bbox 782 3333 3037 3423; baseline -0.001 -19"><span class='ocrx_word' id='word_1_128' title='bbox 782 3357 944 3406; x_wconf 89' lang='lat' dir='ltr'><strong>neus</strong></span> <span class='ocrx_word' id='word_1_129' title='bbox 974 3336 1214 3423; x_wconf 84' lang='lat' dir='ltr'><strong>Styric,</strong></span> <span class='ocrx_word' id='word_1_130' title='bbox 1247 3334 1524 3405; x_wconf 87' lang='lat' dir='ltr'><strong>dilectus</strong></span> <span class='ocrx_word' id='word_1_131' title='bbox 1557 3343 1625 3403; x_wconf 92' lang='lat' dir='ltr'><strong>et</strong></span> <span class='ocrx_word' id='word_1_132' title='bbox 1651 3333 1864 3403; x_wconf 84' lang='lat' dir='ltr'><strong>fidelis</strong></span> <span class='ocrx_word' id='word_1_133' title='bbox 1895 3342 2134 3420; x_wconf 85' lang='lat' dir='ltr'><strong>noster,</strong></span> <span class='ocrx_word' id='word_1_134' title='bbox 2167 3334 2237 3401; x_wconf 90' lang='lat' dir='ltr'><strong>in</strong></span> <span class='ocrx_word' id='word_1_135' title='bbox 2267 3343 2490 3403; x_wconf 79' lang='lat' dir='ltr'><strong>nostra</strong></span> <span class='ocrx_word' id='word_1_136' title='bbox 2506 3334 2848 3422; x_wconf 75' lang='lat' dir='ltr'><strong>presencia</strong></span> <span class='ocrx_word' id='word_1_137' title='bbox 2880 3353 3037 3404; x_wconf 85' lang='lat' dir='ltr'><strong>con·</strong></span> 
     </span>
     <span class='ocr_line' id='line_1_21' title="bbox 783 3443 3039 3535; baseline 0 -22"><span class='ocrx_word' id='word_1_138' title='bbox 783 3446 1051 3514; x_wconf 87' lang='lat' dir='ltr'><strong>stitutus</strong></span> <span class='ocrx_word' id='word_1_139' title='bbox 1083 3445 1438 3535; x_wconf 83' lang='lat' dir='ltr'><strong>proposuit,</strong></span> <span class='ocrx_word' id='word_1_140' title='bbox 1472 3453 1542 3513; x_wconf 87' lang='lat' dir='ltr'><strong>vt</strong></span> <span class='ocrx_word' id='word_1_141' title='bbox 1571 3453 1817 3514; x_wconf 76' lang='lat' dir='ltr'><strong>terram</strong></span> <span class='ocrx_word' id='word_1_142' title='bbox 1838 3444 2141 3513; x_wconf 81' lang='lat' dir='ltr'><strong>Gurbuse</strong></span> <span class='ocrx_word' id='word_1_143' title='bbox 2170 3443 2289 3530; x_wconf 88' lang='lat' dir='ltr'><strong>filij</strong></span> <span class='ocrx_word' id='word_1_144' title='bbox 2322 3443 2619 3531; x_wconf 77' lang='lat' dir='ltr'><strong>Miconis,</strong></span> <span class='ocrx_word' id='word_1_145' title='bbox 2650 3444 3039 3513; x_wconf 83' lang='lat' dir='ltr'><strong>existentem</strong></span> 
     </span>
     <span class='ocr_line' id='line_1_22' title="bbox 787 3553 3041 3642; baseline -0 -21"><span class='ocrx_word' id='word_1_146' title='bbox 787 3556 853 3624; x_wconf 90' lang='lat' dir='ltr'><strong>in</strong></span> <span class='ocrx_word' id='word_1_147' title='bbox 888 3553 1210 3624; x_wconf 83' lang='lat' dir='ltr'><strong>Comitatu</strong></span> <span class='ocrx_word' id='word_1_148' title='bbox 1262 3553 1636 3623; x_wconf 74' lang='lat' dir='ltr'><strong>Zaladiensi</strong></span> <span class='ocrx_word' id='word_1_149' title='bbox 1671 3557 1842 3624; x_wconf 83' lang='lat' dir='ltr'><strong>vltra</strong></span> <span class='ocrx_word' id='word_1_150' title='bbox 1890 3556 2200 3641; x_wconf 60' lang='lat' dir='ltr'><strong>Drinum,</strong></span> <span class='ocrx_word' id='word_1_151' title='bbox 2252 3572 2380 3640; x_wconf 90' lang='lat' dir='ltr'><strong>que</strong></span> <span class='ocrx_word' id='word_1_152' title='bbox 2410 3555 2501 3621; x_wconf 77' lang='lat' dir='ltr'><strong>ad</strong></span> <span class='ocrx_word' id='word_1_153' title='bbox 2549 3574 2778 3623; x_wconf 80' lang='lat' dir='ltr'><strong>manns</strong></span> <span class='ocrx_word' id='word_1_154' title='bbox 2829 3553 3041 3642; x_wconf 86' lang='lat' dir='ltr'><strong>ipsius</strong></span> 
     </span>
     <span class='ocr_line' id='line_1_23' title="bbox 784 3661 3041 3752; baseline -0.001 -19"><span class='ocrx_word' id='word_1_155' title='bbox 784 3662 1102 3752; x_wconf 81' lang='lat' dir='ltr'><strong>Stephani</strong></span> <span class='ocrx_word' id='word_1_156' title='bbox 1133 3663 1301 3731; x_wconf 79' lang='lat' dir='ltr'><strong>Bani</strong></span> <span class='ocrx_word' id='word_1_157' title='bbox 1350 3663 1563 3734; x_wconf 80' lang='lat' dir='ltr'><strong>fuerat</strong></span> <span class='ocrx_word' id='word_1_158' title='bbox 1594 3663 1923 3750; x_wconf 66' lang='lat' dir='ltr'><strong>deuolute,</strong></span> <span class='ocrx_word' id='word_1_159' title='bbox 1978 3684 2058 3732; x_wconf 92' lang='lat' dir='ltr'><strong>eo</strong></span> <span class='ocrx_word' id='word_1_160' title='bbox 2088 3661 2264 3751; x_wconf 84' lang='lat' dir='ltr'><strong>quod</strong></span> <span class='ocrx_word' id='word_1_161' title='bbox 2295 3661 2468 3732; x_wconf 88' lang='lat' dir='ltr'><strong>idem</strong></span> <span class='ocrx_word' id='word_1_162' title='bbox 2500 3663 2800 3734; x_wconf 80' lang='lat' dir='ltr'><strong>Gurbnse</strong></span> <span class='ocrx_word' id='word_1_163' title='bbox 2829 3663 3041 3751; x_wconf 86' lang='lat' dir='ltr'><strong>culpis</strong></span> 
     </span>
     <span class='ocr_line' id='line_1_24' title="bbox 783 3770 3041 3861; baseline -0 -21"><span class='ocrx_word' id='word_1_164' title='bbox 783 3770 922 3841; x_wconf 86' lang='lat' dir='ltr'><strong>suis</strong></span> <span class='ocrx_word' id='word_1_165' title='bbox 973 3771 1391 3859; x_wconf 76' lang='lat' dir='ltr'><strong>exigentibus</strong></span> <span class='ocrx_word' id='word_1_166' title='bbox 1440 3771 1650 3842; x_wconf 88' lang='lat' dir='ltr'><strong>finiuit</strong></span> <span class='ocrx_word' id='word_1_167' title='bbox 1699 3772 1767 3840; x_wconf 90' lang='lat' dir='ltr'><strong>in</strong></span> <span class='ocrx_word' id='word_1_168' title='bbox 1798 3773 2095 3861; x_wconf 75' lang='lat' dir='ltr'><strong>patibulo</strong></span> <span class='ocrx_word' id='word_1_169' title='bbox 2132 3772 2335 3841; x_wconf 80' lang='lat' dir='ltr'><strong>vitam</strong></span> <span class='ocrx_word' id='word_1_170' title='bbox 2387 3792 2597 3861; x_wconf 74' lang='lat' dir='ltr'><strong>snam,</strong></span> <span class='ocrx_word' id='word_1_171' title='bbox 2650 3772 3041 3841; x_wconf 84' lang='lat' dir='ltr'><strong>contulisset</strong></span> 
     </span>
     <span class='ocr_line' id='line_1_25' title="bbox 788 3878 3042 3969; baseline 0 -23"><span class='ocrx_word' id='word_1_172' title='bbox 788 3880 1016 3947; x_wconf 84' lang='lat' dir='ltr'><strong>Sceme</strong></span> <span class='ocrx_word' id='word_1_173' title='bbox 1047 3878 1183 3949; x_wconf 89' lang='lat' dir='ltr'><strong>filio</strong></span> <span class='ocrx_word' id='word_1_174' title='bbox 1204 3881 1466 3949; x_wconf 89' lang='lat' dir='ltr'><strong>Pouche</strong></span> <span class='ocrx_word' id='word_1_175' title='bbox 1498 3881 1813 3950; x_wconf 85' lang='lat' dir='ltr'><strong>seruienti</strong></span> <span class='ocrx_word' id='word_1_176' title='bbox 1847 3901 1964 3950; x_wconf 91' lang='lat' dir='ltr'><strong>suo</strong></span> <span class='ocrx_word' id='word_1_177' title='bbox 1999 3902 2118 3969; x_wconf 90' lang='lat' dir='ltr'><strong>pro</strong></span> <span class='ocrx_word' id='word_1_178' title='bbox 2149 3881 2288 3950; x_wconf 90' lang='lat' dir='ltr'><strong>suis</strong></span> <span class='ocrx_word' id='word_1_179' title='bbox 2320 3880 2659 3969; x_wconf 87' lang='lat' dir='ltr'><strong>seruiciis;</strong></span> <span class='ocrx_word' id='word_1_180' title='bbox 2691 3882 2815 3951; x_wconf 77' lang='lat' dir='ltr'><strong>hac</strong></span> <span class='ocrx_word' id='word_1_181' title='bbox 2844 3881 3042 3950; x_wconf 87' lang='lat' dir='ltr'><strong>inter·</strong></span> 
     </span>
     <span class='ocr_line' id='line_1_26' title="bbox 786 3987 3043 4078; baseline 0.001 -22"><span class='ocrx_word' id='word_1_182' title='bbox 786 3989 963 4056; x_wconf 78' lang='lat' dir='ltr'><strong>iccta</strong></span> <span class='ocrx_word' id='word_1_183' title='bbox 992 3987 1391 4076; x_wconf 83' lang='lat' dir='ltr'><strong>condicione,</strong></span> <span class='ocrx_word' id='word_1_184' title='bbox 1445 3999 1515 4059; x_wconf 81' lang='lat' dir='ltr'><strong>vt</strong></span> <span class='ocrx_word' id='word_1_185' title='bbox 1545 3990 1718 4058; x_wconf 87' lang='lat' dir='ltr'><strong>idem</strong></span> <span class='ocrx_word' id='word_1_186' title='bbox 1751 3990 2003 4078; x_wconf 87' lang='lat' dir='ltr'><strong>Sceme,</strong></span> <span class='ocrx_word' id='word_1_187' title='bbox 2039 3990 2146 4061; x_wconf 91' lang='lat' dir='ltr'><strong>uel</strong></span> <span class='ocrx_word' id='word_1_188' title='bbox 2179 3990 2415 4059; x_wconf 75' lang='lat' dir='ltr'><strong>fratres</strong></span> <span class='ocrx_word' id='word_1_189' title='bbox 2446 3990 2569 4076; x_wconf 88' lang='lat' dir='ltr'><strong>sui,</strong></span> <span class='ocrx_word' id='word_1_190' title='bbox 2619 3998 2736 4059; x_wconf 77' lang='lat' dir='ltr'><strong>aut</strong></span> <span class='ocrx_word' id='word_1_191' title='bbox 2764 3990 3043 4058; x_wconf 86' lang='lat' dir='ltr'><strong>heredes</strong></span> 
     </span>
     <span class='ocr_line' id='line_1_27' title="bbox 784 4096 3041 4189; baseline 0 -22"><span class='ocrx_word' id='word_1_192' title='bbox 784 4099 1093 4187; x_wconf 87' lang='lat' dir='ltr'><strong>ipsorum,</strong></span> <span class='ocrx_word' id='word_1_193' title='bbox 1127 4096 1436 4182; x_wconf 77' lang='lat' dir='ltr'><strong>quamdiu</strong></span> <span class='ocrx_word' id='word_1_194' title='bbox 1457 4098 1554 4169; x_wconf 93' lang='lat' dir='ltr'><strong>eis</strong></span> <span class='ocrx_word' id='word_1_195' title='bbox 1582 4099 1891 4189; x_wconf 75' lang='lat' dir='ltr'><strong>placebit,</strong></span> <span class='ocrx_word' id='word_1_196' title='bbox 1921 4101 2135 4188; x_wconf 78' lang='lat' dir='ltr'><strong>ipsam</strong></span> <span class='ocrx_word' id='word_1_197' title='bbox 2167 4108 2409 4168; x_wconf 75' lang='lat' dir='ltr'><strong>terram</strong></span> <span class='ocrx_word' id='word_1_198' title='bbox 2428 4098 2737 4169; x_wconf 83' lang='lat' dir='ltr'><strong>tenebunt</strong></span> <span class='ocrx_word' id='word_1_199' title='bbox 2767 4098 3041 4188; x_wconf 81' lang='lat' dir='ltr'><strong>pacifice</strong></span> 
     </span>
     <span class='ocr_line' id='line_1_28' title="bbox 784 4206 3033 4297; baseline 0 -22"><span class='ocrx_word' id='word_1_200' title='bbox 784 4216 851 4275; x_wconf 84' lang='lat' dir='ltr'><strong>et</strong></span> <span class='ocrx_word' id='word_1_201' title='bbox 879 4207 1134 4294; x_wconf 84' lang='lat' dir='ltr'><strong>quiete;</strong></span> <span class='ocrx_word' id='word_1_202' title='bbox 1184 4206 1241 4275; x_wconf 89' lang='lat' dir='ltr'><strong>si</strong></span> <span class='ocrx_word' id='word_1_203' title='bbox 1291 4228 1447 4277; x_wconf 88' lang='lat' dir='ltr'><strong>uero</strong></span> <span class='ocrx_word' id='word_1_204' title='bbox 1499 4209 1640 4277; x_wconf 89' lang='lat' dir='ltr'><strong>sine</strong></span> <span class='ocrx_word' id='word_1_205' title='bbox 1667 4209 1891 4279; x_wconf 88' lang='lat' dir='ltr'><strong>liberis</strong></span> <span class='ocrx_word' id='word_1_206' title='bbox 1943 4209 2361 4296; x_wconf 86' lang='lat' dir='ltr'><strong>decesserint,</strong></span> <span class='ocrx_word' id='word_1_207' title='bbox 2394 4207 2692 4297; x_wconf 82' lang='lat' dir='ltr'><strong>predicta</strong></span> <span class='ocrx_word' id='word_1_208' title='bbox 2739 4217 2913 4277; x_wconf 76' lang='lat' dir='ltr'><strong>terra</strong></span> <span class='ocrx_word' id='word_1_209' title='bbox 2945 4207 3033 4275; x_wconf 74' lang='lat' dir='ltr'><strong>ad</strong></span> 
     </span>
     <span class='ocr_line' id='line_1_29' title="bbox 785 4315 3043 4405; baseline 0.001 -22"><span class='ocrx_word' id='word_1_210' title='bbox 785 4315 1195 4405; x_wconf 76' lang='lat' dir='ltr'><strong>Stephanum</strong></span> <span class='ocrx_word' id='word_1_211' title='bbox 1238 4315 1493 4385; x_wconf 80' lang='lat' dir='ltr'><strong>Banum</strong></span> <span class='ocrx_word' id='word_1_212' title='bbox 1513 4369 1533 4405; x_wconf 89' lang='lat'><strong>,</strong></span> <span class='ocrx_word' id='word_1_213' title='bbox 1595 4318 1705 4385; x_wconf 90' lang='lat' dir='ltr'><strong>uel</strong></span> <span class='ocrx_word' id='word_1_214' title='bbox 1753 4317 1841 4384; x_wconf 79' lang='lat' dir='ltr'><strong>ad</strong></span> <span class='ocrx_word' id='word_1_215' title='bbox 1888 4316 2162 4387; x_wconf 86' lang='lat' dir='ltr'><strong>heredes</strong></span> <span class='ocrx_word' id='word_1_216' title='bbox 2212 4317 2418 4405; x_wconf 88' lang='lat' dir='ltr'><strong>ipsius</strong></span> <span class='ocrx_word' id='word_1_217' title='bbox 2469 4317 2613 4386; x_wconf 90' lang='lat' dir='ltr'><strong>sine</strong></span> <span class='ocrx_word' id='word_1_218' title='bbox 2662 4316 3043 4386; x_wconf 71' lang='lat' dir='ltr'><strong>difficultate</strong></span> 
     </span>
     <span class='ocr_line' id='line_1_30' title="bbox 787 4421 3044 4514; baseline 0 -22"><span class='ocrx_word' id='word_1_219' title='bbox 787 4423 1081 4514; x_wconf 75' lang='lat' dir='ltr'><strong>qualibet</strong></span> <span class='ocrx_word' id='word_1_220' title='bbox 1113 4421 1534 4512; x_wconf 79' lang='lat' dir='ltr'><strong>deuoluetur3</strong></span> <span class='ocrx_word' id='word_1_221' title='bbox 1586 4425 1644 4493; x_wconf 91' lang='lat' dir='ltr'><strong>si</strong></span> <span class='ocrx_word' id='word_1_222' title='bbox 1677 4447 1833 4496; x_wconf 90' lang='lat' dir='ltr'><strong>nero</strong></span> <span class='ocrx_word' id='word_1_223' title='bbox 1869 4426 2145 4495; x_wconf 77' lang='lat' dir='ltr'><strong>eandem</strong></span> <span class='ocrx_word' id='word_1_224' title='bbox 2193 4434 2436 4495; x_wconf 80' lang='lat' dir='ltr'><strong>terram</strong></span> <span class='ocrx_word' id='word_1_225' title='bbox 2474 4429 2702 4495; x_wconf 89' lang='lat' dir='ltr'><strong>Sceme</strong></span> <span class='ocrx_word' id='word_1_226' title='bbox 2755 4426 3044 4514; x_wconf 77' lang='lat' dir='ltr'><strong>prefatus</strong></span> 
     </span>
     <span class='ocr_line' id='line_1_31' title="bbox 789 4529 3041 4624; baseline 0 -25"><span class='ocrx_word' id='word_1_227' title='bbox 789 4529 896 4600; x_wconf 86' lang='lat' dir='ltr'><strong>uel</strong></span> <span class='ocrx_word' id='word_1_228' title='bbox 928 4530 1163 4599; x_wconf 82' lang='lat' dir='ltr'><strong>fratres</strong></span> <span class='ocrx_word' id='word_1_229' title='bbox 1198 4533 1401 4620; x_wconf 85' lang='lat' dir='ltr'><strong>ipsius</strong></span> <span class='ocrx_word' id='word_1_230' title='bbox 1435 4533 1722 4602; x_wconf 85' lang='lat' dir='ltr'><strong>vendere</strong></span> <span class='ocrx_word' id='word_1_231' title='bbox 1741 4534 2081 4621; x_wconf 86' lang='lat' dir='ltr'><strong>voluerint,</strong></span> <span class='ocrx_word' id='word_1_232' title='bbox 2116 4535 2242 4624; x_wconf 90' lang='lat' dir='ltr'><strong>ipsi</strong></span> <span class='ocrx_word' id='word_1_233' title='bbox 2277 4534 2459 4603; x_wconf 78' lang='lat' dir='ltr'><strong>Bano</strong></span> <span class='ocrx_word' id='word_1_234' title='bbox 2492 4535 2596 4601; x_wconf 89' lang='lat' dir='ltr'><strong>uel</strong></span> <span class='ocrx_word' id='word_1_235' title='bbox 2627 4536 2769 4601; x_wconf 87' lang='lat' dir='ltr'><strong>suis</strong></span> <span class='ocrx_word' id='word_1_236' title='bbox 2800 4531 3041 4601; x_wconf 86' lang='lat' dir='ltr'><strong>heredi·</strong></span> 
     </span>
     <span class='ocr_line' id='line_1_32' title="bbox 788 4638 3042 4732; baseline 0.002 -27"><span class='ocrx_word' id='word_1_237' title='bbox 788 4638 909 4711; x_wconf 85' lang='lat' dir='ltr'><strong>bus</strong></span> <span class='ocrx_word' id='word_1_238' title='bbox 942 4638 1226 4709; x_wconf 83' lang='lat' dir='ltr'><strong>vendere</strong></span> <span class='ocrx_word' id='word_1_239' title='bbox 1256 4642 1664 4731; x_wconf 86' lang='lat' dir='ltr'><strong>tenebuntur,</strong></span> <span class='ocrx_word' id='word_1_240' title='bbox 1720 4650 1786 4712; x_wconf 91' lang='lat' dir='ltr'><strong>et</strong></span> <span class='ocrx_word' id='word_1_241' title='bbox 1813 4664 1945 4711; x_wconf 90' lang='lat' dir='ltr'><strong>non</strong></span> <span class='ocrx_word' id='word_1_242' title='bbox 1979 4643 2151 4732; x_wconf 82' lang='lat' dir='ltr'><strong>aliis,</strong></span> <span class='ocrx_word' id='word_1_243' title='bbox 2204 4644 2374 4713; x_wconf 91' lang='lat' dir='ltr'><strong>iusto</strong></span> <span class='ocrx_word' id='word_1_244' title='bbox 2406 4643 2628 4730; x_wconf 88' lang='lat' dir='ltr'><strong>precio</strong></span> <span class='ocrx_word' id='word_1_245' title='bbox 2670 4644 3042 4728; x_wconf 86' lang='lat' dir='ltr'><strong>persoluto;</strong></span> 
     </span>
    </p>
   </div>
  </div>
 </body>
</html>
