3359 5250
1459 358 1589 427 359

389 559 475 628 de
505 560 666 629 villa
694 562 944 646 Monar‚
998 558 1468 643 castrensibus,
1518 557 1629 642 qui
1661 556 2047 623 descensum
2079 555 2310 624 dantes
2344 554 2644 623 dicuntur

386 669 663 738 Nicolao
695 669 831 738 filio
862 671 1135 755 Terpuz,
1171 672 1236 734 et
1257 667 1485 734 Bacha
1519 665 1651 733 filio
1685 664 1903 731 Bache
1938 664 2229 749 Comitis,
2269 663 2638 751 jobagioni-

389 778 513 845 bus
536 778 748 846 Castri
779 799 861 845 ex
892 780 1105 846 altera
1136 796 1356 845 coram
1376 775 1568 841 nobis
1602 773 1992 858 constitutis,
2029 772 2230 858 ijdem
2252 781 2642 860 castrenses,

383 884 553 952 de
602 886 855 954 scilicet
905 892 970 953 et
1001 885 1216 953 Buhta
1265 884 1545 953 confessi
1585 890 1755 967 sunt,
1806 882 1978 968 quod
2031 903 2174 948 cum
2220 882 2347 969 ipsi
2396 880 2641 949 dictum

380 993 817 1080 Berweynum
865 1014 1087 1062 coram
1117 995 1329 1060 Puero
1370 991 1618 1060 Curiali
1673 990 1924 1059 Comite
1974 989 2355 1058 Posoniensi
2401 989 2636 1057 traxis-

381 1102 627 1169 sentin
677 1120 947 1170 causam
997 1099 1439 1188 proponendo,
1493 1099 1711 1186 ipsum
1743 1095 2077 1183 quandam
2128 1103 2370 1163 terram
2421 1094 2638 1164 Castri

376 1211 610 1276 Monar
656 1208 917 1277 nomine
965 1209 1134 1277 inter
1184 1216 1393 1276 terras
1424 1207 1658 1275 Monch
1712 1206 2039 1292 quondam
2074 1206 2326 1271 Decani
2376 1226 2458 1272 ex
2507 1225 2637 1271 vna

382 1324 593 1407 parte,
633 1324 698 1385 et
726 1319 921 1385 Musk
973 1319 1330 1386 castrensis
1362 1335 1445 1383 ex
1495 1318 1707 1384 altera
1755 1316 2078 1384 iacentem
2127 1314 2418 1382 indebite
2452 1336 2634 1383 occu-

371 1426 598 1514 pando
631 1425 965 1512 detinere3
1000 1425 1173 1494 idem
1207 1426 1605 1513 Berweynus
1638 1425 1892 1493 litteras
1926 1424 2172 1491 domini
2203 1424 2481 1492 Rolandi
2513 1426 2633 1490 Pa·

372 1535 565 1601 latini
614 1542 681 1602 et
729 1533 1001 1603 Comitis
1052 1533 1475 1603 Posoniensis
1525 1554 1746 1601 coram
1800 1531 2031 1601 eodem
2081 1530 2329 1598 Curiali
2379 1532 2630 1599 Comite

369 1641 798 1722 exhibuisset,
832 1642 896 1708 in
929 1662 1203 1727 quarum
1225 1649 1450 1710 tenore
1479 1641 1645 1708 satis
1678 1658 1990 1728 expresse
2024 1638 2463 1707 intellexisset
2482 1660 2626 1707 con-

367 1738 563 1818 tineri
594 1750 879 1819 curialis
912 1751 1145 1819 Comes
1179 1757 1595 1835 memoratus,
1640 1755 1708 1815 ut
1738 1749 1950 1836 ipsam
1981 1753 2224 1817 terram
2254 1748 2394 1815 iure
2425 1747 2626 1816 dona·

363 1859 500 1926 tiuo
532 1859 740 1944 Regio
794 1858 1197 1948 possedisset
1228 1859 1607 1947 Berveynus
1659 1862 2093 1946 memoratus3
2140 1864 2206 1925 et
2237 1858 2444 1924 eciam
2476 1875 2621 1923 cum

366 1966 503 2032 alie
535 1974 706 2035 terre
737 1987 781 2034 a
812 1968 1044 2036 Castro
1076 1968 1459 2037 Posoniensi
1511 1966 1801 2035 alienate
1830 1985 1949 2053 per
1980 1965 2326 2051 registrum
2378 1964 2623 2035 domini

359 2078 438 2143 Β.
475 2073 757 2143 Illustris
789 2075 992 2162 Regis
1042 2075 1247 2144 nostri
1282 2074 1518 2142 Castro
1550 2073 1935 2142 Posoniensi
1982 2072 2260 2141 fuissent
2306 2072 2619 2156 restitute,

356 2183 509 2271 ipsa
545 2189 719 2250 terra
749 2184 982 2252 Monar
1015 2184 1194 2271 apud
1243 2182 1519 2252 eundem
1553 2186 1965 2268 Berveynum
2015 2181 2241 2250 ordine
2267 2180 2619 2267 judiciario

359 2293 450 2358 ab
484 2291 716 2361 eodem
749 2292 1053 2360 Palatino
1086 2300 1151 2360 et
1182 2291 1432 2360 Comite
1463 2288 1847 2359 Posoniensi
1897 2288 2160 2376 prolata
2188 2289 2417 2356 relicta
2465 2290 2618 2357 fuis·

355 2406 500 2486 set5
553 2408 744 2486 prout
775 2400 843 2468 in
876 2399 1110 2469 litteris
1159 2400 1450 2469 eiusdem
1480 2397 1770 2466 Palatini
1818 2398 2200 2464 continetur.
2251 2397 2438 2465 Vnde
2475 2418 2618 2486 pre-

357 2506 573 2576 dictus
595 2511 766 2576 Puer
786 2509 1071 2577 curialis
1093 2508 1327 2578 Comes
1345 2507 1767 2577 Posoniensis
1792 2504 2057 2575 eosdem
2086 2512 2460 2574 castrenses
2475 2511 2614 2572 tan-

350 2635 549 2702 quam
602 2617 1157 2706 calumpniatores
1206 2617 1550 2686 habuisset
1597 2636 1719 2705 pro
1767 2615 2081 2686 conuictis
2129 2637 2249 2704 pro
2301 2637 2397 2703 eo,
2452 2617 2611 2701 quia

351 2725 580 2793 ordine
631 2725 976 2796 iudiciario
1027 2727 1212 2794 litem
1242 2726 1648 2814 propositam
1703 2726 2061 2794 intrassent
2110 2722 2428 2795 mouendo
2477 2724 2611 2792 litis

351 2833 780 2919 questionem.
832 2838 916 2904 Et
945 2834 1102 2904 licet
1132 2837 1472 2904 memorati
1528 2841 1898 2904 castrenses
1948 2840 2021 2902 ut
2058 2834 2609 2923 calumpniatores

351 2943 417 3008 in
448 2943 750 3029 personis
782 2944 1063 3031 propriis
1094 2945 1377 3012 fuissent
1397 2942 1959 3032 condempnandi3
1995 2950 2215 3009 tamen
2249 2961 2453 3010 causa
2474 2963 2606 3010 mu·

350 3061 460 3121 tue
493 3050 874 3122 dileccionis
891 3073 1152 3141 penam,
1177 3073 1370 3140 quam
1391 3053 1531 3141 pati
1565 3053 1892 3122 debebant
1911 3054 1980 3119 in
2001 3052 2316 3139 personis,
2350 3049 2602 3118 eisdem

345 3161 733 3230 indulsisset
759 3161 1116 3230 Berveinus
1167 3162 1578 3250 supradictus
1600 3212 1619 3248 ‚
1672 3164 1860 3230 saluo
1890 3163 2035 3230 iure
2082 3159 2381 3248 predicta
2430 3165 2609 3225 terra

345 3270 578 3338 Monar
607 3267 817 3337 eidem
851 3269 1194 3356 Berveyno
1227 3276 1620 3337 remanente.
1667 3269 1806 3337 Nos
1840 3267 2038 3354 igitur
2067 3269 2134 3336 in
2165 3266 2357 3333 buius
2388 3267 2483 3333 rei
2516 3274 2606 3332 te-

343 3381 719 3447 stimonium
769 3378 856 3447 ad
887 3380 1279 3467 peticionem
1330 3380 1665 3465 utriusque
1715 3378 1925 3467 partis
1955 3378 2213 3445 litteras
2262 3383 2606 3464 presentes

345 3487 795 3556 concessimus
828 3485 1168 3576 sepedicto
1190 3491 1514 3558 Berveino
1547 3490 1757 3574 sigilli
1788 3488 1993 3556 nostri
2034 3487 2403 3575 patrocinio
2430 3503 2602 3553 com-

343 3600 654 3666 munitas.
689 3600 934 3666 Datum
965 3601 1033 3667 in
1068 3603 1323 3668 octauis
1355 3599 1505 3668 festi
1530 3600 1721 3667 Beati
1744 3601 1786 3667 J
1790 3599 2072 3666 ohannis
2098 3595 2397 3682 Baptiste
2430 3614 2601 3661 anno

348 3706 615 3774 Domini
646 3707 997 3776 millesimo
1030 3707 1477 3778 ducentesimo
1527 3709 2072 3795 quinquagesimo
2104 3706 2345 3787 terci03
2398 3702 2603 3787 Magi·

338 3820 472 3883 stro
523 3814 887 3901 Smaragdo
938 3817 1234 3884 Ecclesie
1284 3821 1501 3887 nostre
1550 3817 1902 3903 Preposito
1925 3867 1942 3900 ‚
1989 3811 2243 3883 Jacobo
2295 3808 2594 3891 Cantore,

333 3925 522 3992 Sixto
555 3925 823 3995 Decano
865 3927 1319 3996 existentibus.

803 4108 862 4173 A
1123 4107 1180 4173 B
1443 4104 1494 4173 C
1759 4105 1821 4170 D
2080 4102 2138 4169 E

325 4303 608 4371 (Eredetie
630 4302 980 4374 δδὼἐήγίη,
1007 4322 1041 4359 a
1067 4304 1338 4373 hartyazsi
1317 4323 1517 4375 megan
1537 4304 1720 4372 fflgott
1736 4302 1922 4369 penset
1945 4303 2220 4362 ἀπειθῆ,
2246 4317 2281 4354 8
2301 4299 2468 4371 baffi
2482 4313 2595 4376 kir
2588 4253 2724 4382 ι,

1131 4397 1377 4453 umam
1396 4394 1744 4454 les-suarm
1748 4402 1771 4471 )
2665 4386 2679 4430 '-
2704 4395 2716 4420 ·’
