3359 5250
1850 387 1981 454 124

795 587 860 648 et
890 581 1098 648 maior
1129 582 1394 650 tristitia
1443 604 1554 652 eor
1583 592 1874 654 nostrum
1921 587 2233 673 implevit,
2285 607 2412 671 quo
2458 593 2525 654 in
2574 583 2719 672 ipso
2757 579 3045 668 purioris

790 707 948 772 erga
968 692 1176 756 Deum
1215 696 1279 757 et
1297 692 1745 778 Apostolioam
1767 695 2002 762 Sedem
2034 697 2229 780 signa
2259 695 2625 763 devotionis
2656 691 3041 771 invenimus,

792 814 920 879 quo
951 800 1127 866 clare
1168 801 1474 868 memorie
1521 805 1737 887 Reges
1788 803 2079 888 Ungarie
2126 810 2191 869 et
2239 801 2729 870 Excellenciam
2770 799 3048 884 Regiam

788 906 854 971 in
907 906 1305 991 exequendis
1339 910 1632 977 Ecclesie
1685 912 2117 997 beneplacitis
2167 930 2314 978 esse
2344 913 2642 977 novimus
2691 905 3045 995 promptio-

790 1034 915 1083 res,
948 1015 1238 1083 Firmam
1269 1018 1469 1102 igitur
1501 1039 1684 1105 spem
1716 1020 1782 1086 in
1814 1020 1930 1088 illo
1962 1029 2301 1107 ponentes,
2335 1020 2447 1106 qui
2489 1018 2615 1085 etsi
2645 1018 2810 1102 Regi
2842 1016 3046 1099 Assy-

786 1123 1027 1191 riorum
1060 1127 1459 1193 Senacherib
1507 1129 1782 1196 liberum
1813 1130 1881 1196 in
1935 1139 2173 1197 terram
2207 1129 2475 1197 Israelis
2528 1129 2899 1214 ingressum
2935 1145 3045 1190 ex-

788 1228 1012 1315 hibuit,
1047 1253 1241 1319 super
1274 1235 1548 1303 Ezechie
1597 1243 1815 1303 tamen
1847 1237 2233 1305 contritione
2282 1239 2660 1319 commotus,
2714 1232 3044 1301 adversio-

788 1358 926 1404 rum
961 1341 1430 1409 multitudinem
1462 1352 1652 1412 nocte
1672 1365 1802 1411 una
1822 1345 2098 1431 delevit3
2138 1344 2532 1412 fraternitati
2554 1351 2663 1409 tue
2694 1344 2763 1409 in
2794 1343 3039 1409 virtute

789 1447 1161 1516 obedientie
1194 1452 1486 1519 districte
1515 1452 1940 1541 precipiendo
1976 1454 2378 1536 mandamus,
2412 1460 2733 1537 quatenus
2763 1472 2881 1537 per
2911 1450 3046 1515 Un-

789 1558 1044 1639 gariam
1078 1566 1140 1625 et
1172 1559 1422 1628 vicinas
1454 1562 1839 1629 Provincias
1870 1561 2136 1629 verbum
2189 1561 2398 1629 crucis
2429 1562 2616 1628 iuxta
2660 1560 2883 1627 datam
2917 1559 3045 1625 tibi

789 1684 831 1729 a
862 1666 1004 1731 Deo
1036 1666 1448 1752 prudentiam
1480 1689 1596 1754 per
1615 1673 1678 1735 te
1714 1688 1793 1734 ac
1825 1669 2011 1751 alios,
2053 1688 2218 1751 quos
2235 1668 2465 1734 adhoc
2494 1667 2765 1735 idoneos
2803 1686 3045 1750 cogno-

789 1770 960 1838 veris
982 1791 1147 1859 esse,
1170 1795 1562 1861 proponenS,
1600 1776 1777 1842 viros
1800 1773 2193 1859 catholicos,
2227 1783 2297 1842 ut
2323 1774 2834 1858 considerantes,
2866 1775 3046 1858 quod

789 1878 957 1945 sicut
998 1900 1039 1946 a
1073 1880 1262 1949 dietis
1295 1882 1588 1950 Tartaris
1621 1883 1823 1951 totius
1856 1884 2084 1970 populi
2115 1882 2470 1950 Christiani
2502 1881 2780 1968 perditio
2833 1881 3042 1966 queri·

788 1993 910 2073 tur,
947 1987 1042 2055 sic
1072 1988 1140 2054 in
1175 2009 1394 2057 eorum
1426 1992 1909 2078 expugnatione
1955 1991 2137 2058 salus
2165 1990 2450 2058 omnium
2496 1997 2924 2076 procuratur;
2973 1995 3043 2056 et

790 2095 1187 2165 confidentes
1218 2099 1285 2165 in
1314 2100 1449 2185 illo,
1485 2100 1597 2184 qui
1630 2099 1884 2166 salvum
1919 2098 2081 2165 facit
2111 2100 2423 2185 populum
2455 2098 2764 2165 humilem
2803 2104 2869 2163 et
2898 2118 3045 2164 ocu·

787 2204 919 2270 lum
973 2204 1270 2273 humiliat
1320 2214 1773 2294 arrogantem,
1837 2207 1923 2273 ad
1976 2205 2421 2275 defensionem
2468 2205 2678 2291 Regni
2739 2206 3043 2292 predicti,

791 2322 1124 2399 assumpto
1158 2317 1367 2382 crucis
1419 2315 1762 2400 signaculo
1795 2321 2096 2402 potenter
2145 2324 2209 2381 et
2240 2313 2519 2380 viriliter
2552 2333 2624 2381 se
2674 2314 3044 2399 accingant,

793 2420 1193 2488 salutaribus
1245 2423 1506 2491 monitis
1544 2424 1852 2492 inducere
1882 2443 2011 2491 non
2041 2429 2422 2510 postponas.
2472 2421 2609 2489 Nos
2641 2421 2812 2488 enim
2844 2420 3045 2487 omni·

790 2526 932 2611 bus,
985 2529 1095 2612 qui
1130 2529 1347 2598 taliter
1396 2538 1623 2600 contra
1671 2531 1958 2618 prefatos
1990 2533 2306 2599 Tartaros
2357 2529 2806 2616 processerint,
2858 2529 3045 2596 illam

788 2636 1260 2706 immunitatem
1282 2639 1695 2709 concedimus
1717 2659 1990 2725 eamque
2010 2638 2484 2724 indulgentiam
2505 2638 2884 2722 elargimur,
2917 2658 3047 2722 que

789 2752 959 2813 terre
990 2746 1263 2816 Sanctes
1295 2751 1777 2818 accurrentibus
1806 2752 1874 2818 in
1907 2750 2217 2817 Generali
2250 2748 2540 2816 Concilio
2585 2749 3043 2817 conceduntur.

792 2853 862 2918 Si
895 2855 1179 2938 quivero
1213 2876 1294 2922 ex
1315 2855 1804 2943 crucesignatis
1846 2856 2217 2924 huiusmodi
2236 2877 2357 2944 pro
2388 2856 2679 2925 violenta
2696 2855 3048 2923 iniectione

790 2981 1096 3030 manuum
1127 2965 1195 3030 in
1225 2983 1538 3052 personas
1570 2966 2075 3050 ecclesiasticas,
2110 2985 2224 3032 seu
2256 2985 2376 3051 pro
2406 2965 2739 3050 incendio,
2780 2965 3041 3035 vinculo

790 3071 1028 3139 fuerint
1059 3076 1743 3145 excommunicationis
1784 3074 2071 3160 astrioti3
2124 3074 2240 3158 eis,
2293 3074 2640 3144 dummodo
2689 3074 2932 3142 iniuria
2980 3081 3047 3141 et

792 3181 1077 3270 dampna
1108 3185 1325 3269 passis
1375 3185 1560 3251 iuxta
1597 3182 2078 3270 providentiam
2129 3190 2309 3249 tuam
2342 3182 2751 3250 satisfaciant
2798 3203 3050 3271 compe-

789 3296 1021 3374 tenter,
1077 3298 1141 3357 et
1191 3314 1319 3360 non
1371 3293 1457 3359 sit
1507 3312 1729 3359 eorum
1780 3291 1947 3359 adeo
2001 3291 2228 3376 gravis
2279 3299 2344 3358 et
2380 3293 2661 3359 enormis
2714 3312 3046 3377 excessus,

794 3399 968 3483 quod
1018 3407 1283 3487 propter
1328 3401 1453 3467 hoc
1503 3401 1734 3468 merito
1785 3400 1915 3467 sint
1945 3400 2032 3467 ad
2080 3399 2315 3467 Sedem
2355 3400 2805 3487 Apostolieam
2856 3399 3051 3468 desti—

793 3507 1017 3593 nandi,
1050 3508 1402 3575 seeundum
1435 3507 1709 3577 formam
1743 3509 2040 3576 Ecclesie
2060 3508 2492 3577 absolutionis
2531 3508 2915 3576 beneficium
2937 3510 3050 3576 im-

792 3617 1120 3701 pendendi
1154 3616 1426 3684 liberam
1477 3618 1599 3685 tibi
1632 3617 1974 3685 tribuimus
2006 3618 2407 3686 facultatem.
2463 3620 2703 3684 Datum
2736 3618 3047 3686 Laterani

790 3726 965 3793 XVI.
1001 3726 1324 3795 kalendas
1356 3727 1396 3794 J
1405 3727 1540 3812 ulii,
1575 3726 2029 3814 (Pontificatus
2060 3725 2298 3816 nostri)
2331 3748 2502 3796 anno
2535 3729 2678 3795 XV.

1459 3925 1717 3994 (Theiner
1741 3925 1813 3977 id.
1842 3943 1909 3976 m.
1939 3928 1981 3977 1.
2009 3928 2123 3981 kot.
2158 3929 2275 3978 181.
2303 3927 2361 3994 l.)
