3359 5250
1408 359 1540 423 445

1317 450 1396 458 m
1435 449 1624 457 ——fim-

346 559 586 625 nostris
619 564 685 624 et
715 556 1207 635 concanonicis,
1261 575 1380 622 nec
1413 574 1542 622 non
1576 553 1826 622 Comite
1857 551 2134 619 Nicolao
2165 551 2602 621 vice-Comite

347 665 431 733 de
462 664 836 734 Moroweha
867 684 983 750 per
1014 663 1417 749 Stephanum
1450 662 1702 728 Banum
1740 660 1952 727 tocius
1983 660 2328 727 Sclauonie
2358 659 2446 726 ad
2478 662 2600 730 hoc

344 774 724 859 specialiter
754 773 1092 860 deputato,
1145 772 1232 840 ad
1284 791 1404 840 nos
1435 768 1803 853 redeuntes,
1855 769 2248 836 vnanimiter
2298 768 2485 837 nobis
2536 774 2602 836 et

348 880 751 948 concorditer
799 880 1180 963 retulerunt,
1230 879 1407 964 quod
1438 876 1600 964 ipsis
1629 875 1800 943 feria
1848 873 2080 960 quinta
2123 876 2420 961 proxima
2452 886 2601 962 post

343 996 615 1058 octauas
644 991 884 1057 Passce
915 987 1181 1055 Domini
1211 1006 1411 1073 super
1444 984 1682 1052 faciem
1715 984 1888 1051 dicte
1937 982 2372 1067 possessionis
2406 982 2603 1050 Glau-

342 1095 545 1163 nicha
576 1095 1058 1180 accedentibus,
1112 1094 1384 1161 eandem
1437 1093 1560 1159 rite
1591 1098 1657 1158 et
1689 1089 1979 1175 legitime
2038 1089 2335 1157 omnibus
2369 1090 2601 1159 vicinis

343 1213 410 1271 et
460 1204 921 1272 commetaneis
978 1202 1352 1272 conuocatis
1373 1253 1390 1285 ‚
1457 1208 1520 1268 et
1572 1199 1739 1286 ipsis
1790 1219 1916 1267 nou
1978 1196 2597 1283 contradicentibus,

341 1334 567 1399 ymmo
615 1313 840 1401 pocius
902 1332 1246 1380 assensum
1310 1309 1684 1378 beniuolum
1747 1305 1958 1373 eidem
2012 1306 2248 1375 Comiti
2310 1308 2598 1376 Pertlino

343 1422 768 1509 prebentibus
819 1422 886 1488 in
935 1421 1060 1488 hac
1110 1425 1299 1505 parte
1351 1425 1418 1486 et
1472 1435 1882 1501 consensum,
1935 1435 2054 1500 per
2095 1433 2322 1483 cursus
2371 1416 2597 1486 harum

342 1536 700 1597 metarum:
730 1529 968 1615 Incipit
1000 1528 1170 1595 enim
1203 1528 1384 1614 prior
1416 1533 1482 1592 et
1514 1523 1900 1609 principalis
1921 1530 2097 1590 meta
2128 1544 2170 1591 a
2204 1533 2391 1609 parte
2424 1530 2599 1612 aqui·

343 1638 518 1706 lonis
573 1639 640 1706 in
674 1644 892 1705 monte
921 1639 1234 1706 Feketew
1284 1636 1494 1720 dict03
1530 1634 1704 1701 vnde
1753 1635 1820 1700 in
1869 1634 2217 1719 supercilio
2267 1638 2597 1705 monticuli

343 1747 684 1832 wlgariter
716 1748 962 1814 Beerch
996 1747 1153 1814 dicti
1188 1747 1358 1812 inter
1388 1744 1624 1811 fluuios
1656 1740 2027 1810 Glannicba
2056 1749 2344 1826 vocamen,
2389 1746 2596 1817 Maio-

343 1877 484 1923 rem
517 1857 767 1924 scilicet
797 1855 1063 1923 fluuium
1095 1854 1463 1922 Glannicha
1493 1860 1557 1921 et
1588 1852 1921 1936 Minorem,
1973 1852 2081 1934 qui
2115 1852 2377 1936 quidem
2411 1878 2598 1925 mons

343 1963 719 2032 extenditur
752 1966 837 2032 ab
871 1964 1176 2048 aquilone
1198 1963 1509 2031 orientem
1542 1980 1807 2044 uersus;
1843 1958 2258 2043 secundoque
2289 1962 2354 2028 in
2380 1983 2600 2051 super·

344 2073 498 2140 cilio
533 2072 825 2138 eiusdem
878 2072 1114 2139 montis
1148 2071 1345 2154 longo
1377 2070 1603 2155 spacio
1635 2068 1890 2135 venitur
1922 2067 2008 2133 ad
2040 2069 2369 2150 quandam
2416 2073 2600 2141 a'rbo-

343 2200 486 2246 rem
517 2186 823 2247 castanee
856 2179 922 2244 in
954 2184 1140 2263 tergo
1174 2174 1465 2243 eiusdem
1499 2175 1751 2260 montis,
1805 2174 1924 2241 sub
1957 2194 2086 2257 qua
2135 2182 2235 2242 est
2268 2186 2441 2246 meta
2479 2189 2597 2248 ter-

342 2307 497 2373 rea;
551 2288 790 2354 abhinc
823 2287 1034 2354 adhuc
1085 2285 1292 2352 tendit
1330 2286 1394 2351 in
1445 2283 1739 2351 eiusdem
1777 2282 2114 2349 monticuli
2164 2290 2350 2370 tergo
2403 2287 2597 2374 longo

342 2395 591 2482 spacio,
622 2400 687 2461 et
715 2394 973 2461 venitur
1003 2393 1087 2460 ad
1120 2392 1415 2461 arborem
1448 2391 1637 2477 ilicis,
1688 2390 1803 2456 vbi
1837 2398 1935 2456 est
1966 2396 2139 2457 meta
2175 2398 2433 2483 terrea;
2486 2399 2597 2465 ab·

339 2504 496 2570 hinc
547 2502 756 2571 eundo
807 2521 925 2589 per
971 2503 1266 2589 spacium
1316 2502 1580 2585 longum
1633 2497 2051 2565 descenditur
2103 2500 2183 2567 de
2224 2507 2599 2594 monticulo,

340 2610 729 2698 veniturque
750 2611 836 2678 ad
866 2610 1163 2679 arborem
1195 2609 1563 2697 populeam,
1607 2607 1715 2674 vbi
1750 2607 1987 2675 fluuius
2009 2607 2368 2681 Glanniche
2387 2617 2600 2686 Minor
2629 2677 2638 2684 .

342 2717 758 2804 coniungitur
806 2717 1040 2784 Maiori
1091 2717 1288 2783 fluuio
1342 2716 1744 2798 Glauniche,
1798 2715 1906 2781 vbi
1962 2725 2064 2784 est
2114 2726 2288 2786 meta
2344 2728 2593 2812 terrea;

341 2845 623 2912 quarum
654 2824 941 2894 omnium
961 2828 1275 2892 metarum
1310 2844 1463 2911 pars
1489 2842 1833 2890 remanens
1868 2843 1947 2889 ex
1981 2831 2165 2909 parte
2197 2826 2378 2916 fluuij
2400 2831 2593 2901 Mino·

342 2937 438 3002 ris
475 2934 856 3018 Glaunicbe,
890 2934 1168 3020 pertinet
1199 2933 1285 2999 ad
1316 2932 1591 3016 nobiles,
1640 2937 1827 3018 parte
1859 2951 2013 2998 vero
2045 2934 2132 2998 ad
2164 2934 2430 3005 fluuium
2463 2943 2596 3009 Ma-

344 3044 512 3113 ioris
535 3044 851 3111 Glaunice
883 3043 1221 3125 existente,
1257 3041 1524 3107 cedente
1550 3048 1614 3107 et
1652 3045 2026 3107 remanente
2046 3040 2280 3111 Comiti
2310 3049 2598 3118 Pertlino

342 3149 677 3220 antedicto
698 3202 716 3235 ,
780 3152 847 3216 in
897 3150 1135 3236 palude
1187 3169 1418 3236 nempe
1469 3147 1738 3216 Maioris
1802 3148 2197 3237 Glanniche;
2263 3157 2600 3245 paulisper

344 3266 578 3328 contra
626 3276 882 3325 cursum
933 3278 1102 3343 aque
1154 3256 1365 3323 eundo
1419 3256 1634 3322 exitur
1669 3256 1751 3322 de
1798 3255 2061 3343 palude,
2112 3267 2177 3325 et
2224 3261 2480 3330 uenitur
2512 3267 2601 3335 ad

342 3367 649 3436 arborem
681 3366 888 3452 nucis,
941 3366 1052 3433 vbi
1084 3373 1182 3433 est
1215 3373 1387 3432 meta
1415 3372 1666 3450 terrea;
1721 3365 1955 3432 exhinc
1988 3367 2201 3436 adhuc
2248 3373 2454 3441 tendit
2483 3395 2601 3460 per

343 3474 678 3561 quandam
711 3474 1098 3560 planiciem3
1149 3473 1382 3540 deinde
1415 3474 1746 3542 asscendit
1776 3475 1845 3540 in
1878 3478 2319 3565 monticulum,
2355 3481 2466 3565 qui
2498 3492 2597 3550 est

342 3588 515 3653 inter
563 3583 796 3651 fluuios
846 3582 1212 3651 Glannicha
1263 3590 1329 3650 et
1377 3584 1671 3671 Blagusa
1725 3591 2031 3670 vocatos;
2096 3588 2435 3673 eundoque
2484 3611 2600 3677 per

341 3701 602 3778 tergum
653 3693 946 3760 eiusdem
997 3693 1234 3761 montis
1285 3694 1542 3760 venitur
1589 3693 1678 3759 ad
1727 3692 2025 3760 arborem
2073 3695 2200 3780 piri
2254 3697 2597 3786 siluestris,

341 3802 459 3869 vbi
493 3807 593 3868 est
623 3807 797 3869 meta
825 3809 1076 3887 terrea;
1115 3801 1349 3867 deinde
1380 3820 1499 3887 per
1529 3801 1795 3886 longum
1827 3801 2120 3887 spacium
2152 3823 2377 3873 uersus
2410 3809 2596 3893 aqui-

339 3912 561 3978 lonem
592 3910 800 3978 eundo
833 3912 1090 3978 venitur
1121 3912 1209 3978 ad
1241 3918 1475 3977 metam
1508 3916 1827 3994 terream3
1864 3909 2077 3977 adhuc
2111 3913 2315 3980 tendit
2345 3916 2597 4001 aquilo-

341 4018 563 4084 lonem
594 4036 823 4084 versus
872 4036 990 4102 per
1021 4017 1258 4083 siluam
1291 4017 1517 4102 spacio
1550 4017 1768 4101 longo,
1822 4024 1888 4083 et
1921 4015 2099 4082 venit
2135 4019 2222 4084 ad
2272 4023 2599 4105 quandam

343 4133 587 4192 metam
620 4145 807 4193 secus
839 4133 1077 4193 metam
1110 4125 1538 4213 principalem
1573 4133 1860 4193 erectam
1892 4126 2009 4191 sub
2044 4125 2341 4195 arborem
2381 4130 2597 4218 abiei;

343 4240 415 4300 et
444 4233 536 4300 ibi
566 4234 991 4301 terminantur
1023 4235 1456 4320 possessionis
1487 4235 1817 4302 antedicte
1850 4240 2037 4302 mete.
2081 4232 2366 4312 Quarum
2398 4242 2601 4308 omni·

342 4361 458 4406 um
488 4348 803 4408 metarum
837 4361 991 4428 pars
1039 4343 1329 4410 existens
1360 4362 1443 4409 ex
1477 4349 1665 4429 parte
1696 4342 1877 4427 fluuij
1914 4343 2283 4411 Glannieba
2322 4349 2602 4431 pertinet

341 4448 582 4515 Comiti
615 4449 906 4518 Pertlino
958 4451 1309 4534 antedicto,
1362 4451 1834 4518 reambulatam
1886 4450 2057 4518 idem
2107 4450 2299 4520 bomo
2351 4456 2599 4540 Regius

341 4557 759 4646 presentibus
787 4558 977 4626 dictis
999 4559 1197 4645 socijs
1232 4566 1298 4626 et
1319 4558 1794 4628 concanonicis
1826 4559 2089 4643 nostris,
2121 4578 2241 4627 nec
2275 4550 2400 4630 non
2425 4564 2599 4634 dicto

343 4664 599 4732 Comite
631 4664 905 4734 Nicolao
938 4666 1385 4735 Viee-Comite
1436 4667 1518 4734 de
1550 4666 1908 4735 Moroucha
1958 4668 2296 4736 statuisset
2335 4679 2401 4738 et
2432 4675 2599 4743 assi-
