3359 5250
1536 363 1659 428 261

456 562 587 629 dns
623 558 989 650 Palatinus,
1015 554 1238 626 emere
1265 557 1407 624 siue
1457 577 1848 643 comparare
1896 578 2027 625 non
2075 555 2415 643 potuisset.
2468 555 2570 624 Ob
2601 557 2730 624 hoc

459 666 745 736 eundem
779 663 1153 734 Lorandum
1181 683 1405 733 coram
1440 663 1631 732 nobis
1662 683 1878 732 emere
1896 662 2351 749 permiserunt,
2384 663 2540 746 quia
2570 680 2731 748 sepe

457 773 679 841 dietus
711 771 968 840 Lorand
980 791 1055 839 ns
1086 771 1427 840 Palatinus
1461 791 1604 839 cum
1638 768 1886 839 eisdem
1937 771 2134 837 talem
2163 769 2320 837 feeit
2366 768 2730 838 ordinacio-

458 902 629 949 nem.
680 882 826 949 Hoc
857 886 1076 947 tamen
1127 879 1386 964 adiecto
1436 879 1844 966 interposito,
1898 877 2073 964 quod
2117 879 2330 946 dietus
2379 876 2724 947 Lorandus

454 988 807 1057 Palatinus
855 986 1396 1071 quandocumque
1445 993 1511 1054 et
1557 987 2117 1070 qualitercumque
2167 985 2275 1053 vel
2322 985 2440 1072 filij
2474 985 2576 1054 sui
2607 992 2723 1054 aut

452 1115 724 1165 suornm
755 1095 1031 1162 heredes
1062 1092 1400 1179 possidere
1431 1113 1547 1161 seu
1579 1095 1872 1162 obtinere
1890 1095 2157 1180 nollent,
2192 1100 2430 1160 extunc
2454 1093 2722 1178 nemini,

455 1223 578 1270 nec
632 1202 938 1288 cuipiam,
990 1221 1110 1268 nec
1142 1200 1456 1288 proximis
1494 1201 1789 1270 eiusdem
1819 1202 2080 1269 tradere
2116 1221 2233 1269 seu
2261 1201 2548 1269 vendere
2576 1219 2724 1289 pos·

450 1311 561 1393 sit,
614 1310 743 1376 nisi
776 1309 1132 1376 Benedicto
1166 1316 1231 1376 et
1259 1309 1416 1393 filijs
1456 1309 1598 1376 siue
1648 1309 1999 1377 heredibus
2031 1329 2336 1392 suorum3
2388 1309 2447 1375 si
2479 1309 2718 1395 prefati

448 1418 843 1485 Benedictus
905 1420 970 1484 et
1028 1416 1145 1499 filij
1174 1416 1300 1482 -sui
1351 1435 1565 1483 emere
1612 1437 1742 1485 non
1793 1420 2101 1503 possent,
2168 1417 2627 1503 commetanei}
2653 1423 2721 1483 et

450 1523 650 1592 vicini
698 1523 918 1606 alieni,
968 1522 1241 1605 quinon
1290 1530 1442 1590 sunt
1491 1523 1575 1590 de
1619 1523 2053 1608 generacione
2100 1521 2474 1608 eorundem,
2508 1523 2718 1591 libere

454 1634 711 1721 possint
741 1651 1126 1719 comparare
1167 1631 1438 1717 justicia
1487 1631 1838 1700 mediante.
1890 1631 2063 1711 Quia
2091 1631 2431 1701 Lorandns
2470 1632 2716 1699 Palati·

447 1761 571 1808 nus
621 1740 946 1827 prefatam
997 1739 1482 1807 ordinacionem
1543 1758 1763 1807 coram
1811 1739 2004 1808 nobis
2054 1739 2300 1807 eisdem
2368 1738 2712 1818 concessit,

448 1848 779 1934 predictas
811 1846 1264 1932 possessiones
1315 1845 1530 1913 eidem
1564 1864 1779 1913 emere
1810 1846 2257 1931 permiserunt.
2307 1845 2506 1913 Cuius
2540 1854 2713 1914 mete

446 1953 943 2041 possessionum
973 1951 1497 2037 supradictarum
1532 1952 1604 2018 in
1632 1952 1868 2020 litteris
1902 1953 2187 2039 Capituli
2219 1952 2306 2019 de
2329 1955 2548 2037 Posga
2578 1954 2718 2039 ple·

445 2065 595 2131 nius
643 2060 1075 2129 continentur.
1128 2061 1214 2127 vt
1244 2059 1445 2144 igitur
1493 2059 1686 2128 huius
1733 2060 1890 2127 facti
1922 2062 2125 2129 series
2173 2081 2291 2146 per
2320 2081 2440 2128 nos
2488 2061 2615 2128 rite
2646 2068 2714 2127 et

442 2172 736 2257 legitime
769 2174 1159 2236 conseruata
1189 2167 1385 2235 robur
1416 2173 1800 2254 perpetuum
1832 2169 2146 2255 optineat,
2194 2175 2529 2255 presentes
2562 2187 2716 2236 con·

442 2279 708 2346 tulimus
759 2277 1014 2344 litteras
1068 2274 1396 2361 dupplicis
1446 2274 1649 2358 sigilli
1683 2276 1890 2343 nostri
1941 2276 2295 2343 munimine
2340 2277 2704 2345 roboratas.

446 2387 689 2452 Datum
722 2402 843 2469 per
873 2401 1106 2448 manus
1137 2381 1441 2466 Magistri
1461 2381 1857 2468 Symaragdi
1877 2366 2199 2469 Prepositi
2217 2383 2524 2450 Albensis
2555 2382 2709 2449 aule

438 2498 667 2560 nostre
702 2489 1284 2575 Vice-Cancellarij
1319 2507 1490 2557 anno
1521 2489 1786 2556 Domini
1818 2490 2164 2558 millesimo
2194 2488 2710 2575 cc⁰quadrage

436 2600 603 2668 simo
636 2602 894 2682 octauo,
931 2595 1142 2683 Regni
1174 2605 1394 2664 autem
1424 2597 1630 2665 nostri
1659 2615 1840 2665 anno
1873 2597 2127 2668 decimo
2159 2603 2411 2682 quarto.

434 2797 716 2863 (Eredetie
742 2791 1095 2862 bb'rhartyan,
1140 2792 1489 2860 veros-sarge,
1528 2794 1782 2847 zsinoron
1810 2796 1981 2863 fflggb'
2006 2794 2284 2864 pecsetteL
2311 2811 2346 2848 a
2369 2797 2461 2863 hg.
2486 2798 2706 2849 Eszter—

1178 2882 1318 2951 hazy
1343 2883 1528 2938 cealad
1552 2883 1965 2953 leveltaraban.)

1305 3186 1830 3200 —ffl

1488 3669 1637 3737 182.

428 3871 471 3935 Ι
485 3872 546 3935 V.
600 3872 760 3936 Be'la
812 3870 1022 3956 hardly
1070 3869 1419 3955 meyero'ez'ti
1465 3868 1843 3933 Konstantia
1893 3879 2127 3945 mester,
2183 3864 2698 3950 szdkesfehervdvi

416 3980 752 4067 kdptalani
778 3977 982 4044 delean
1011 3981 1309 4043 ezdma‘ra
1340 4000 1380 4042 α
1413 3977 1610 4042 Moha
1640 3976 1908 4042 birtolcdt
1942 3976 2247 4060 tdrqyazd
2287 3976 2694 4058 szcrzeme'nyi

1223 4084 1650 4171 okmdnyokat.
1683 4083 1875 4148 1248.

637 4280 802 4347 Bela
854 4279 984 4347 Dei
1035 4279 1267 4365 gracia
1316 4276 1677 4365 Hungarie‚
1729 4276 2095 4361 Dalmacie‚
2136 4274 2432 4359 Croacie,
2465 4278 2692 4361 Rame,

410 4387 669 4472 Seruie,
705 4387 985 4475 Galicie‚
1018 4387 1423 4472 Lodomerie‚
1464 4385 1908 4473 Cvmanieque
1943 4387 2084 4453 Rex
2120 4382 2420 4453 omnibus
2452 4382 2696 4452 Christi

414 4494 728 4562 fidelibus
760 4502 1103 4581 presentes
1132 4495 1387 4563 litteras
1410 4495 1800 4584 inspecturis
1832 4494 2116 4562 salutem
2146 4493 2215 4559 in
2247 4492 2536 4560 omnium
2568 4491 2696 4558 sal·

414 4612 675 4670 datore.
745 4604 941 4671 Justa
991 4603 1361 4691 petencium
1415 4603 1748 4672 desideria
1798 4608 2057 4688 gratum
2106 4598 2349 4668 debent
2398 4599 2693 4686 optinere

413 4710 739 4799 fauorem,
792 4720 861 4781 ut
912 4713 1188 4783 affectus
1240 4702 1648 4782 subditorum
1708 4711 2080 4782 continuum
2124 4710 2443 4797 suscipiat
2488 4708 2698 4777 incre-
