3359 5250
1850 290 1986 358 554

781 489 1145 557 Tartarica.
1193 480 1385 557 Unde
1413 491 1578 577 Rex,
1629 489 1742 575 qui
1774 507 1890 558 eas
1913 489 2168 576 possint
2221 490 2444 575 legere
2475 489 2713 557 multos
2768 489 3048 574 invenit,

781 598 903 665 sed
932 598 1377 686 intelligentes
1401 618 1534 667 non
1565 599 1835 672 invenit.
1869 598 2008 665 Nos
2040 603 2427 666 autemeam
2460 598 2892 667 transiremus
2925 620 3049 686 per

781 704 1189 791 Cumaniam,
1239 727 1573 794 paganum
1607 705 1930 791 quendam
1981 706 2368 791 invenimus,
2419 705 2531 789 qui
2561 705 2757 774 nobis
2789 726 2912 774 eas
2941 712 3053 772 est

777 814 1269 902 interpretatus.
1319 816 1460 882 Hec
1506 821 1663 882 sunt
1709 821 1948 899 autem,
2005 832 2133 898 qne
2179 813 2370 880 litere
2414 813 2800 881 continent:
2856 815 3044 900 „Ego

781 921 1014 1009 Ohayn
1060 923 1332 992 nuntios
1366 922 1570 1007 Regis
1600 920 1852 1008 celesti,
1904 921 2011 989 cui
2042 920 2223 990 dedit
2259 920 2621 1008 potentiam
2674 942 2874 1009 super
2912 932 3045 990 ter-

780 1051 944 1119 ram,
979 1030 1379 1099 subicientes
1428 1029 1589 1097 mihi
1620 1048 1697 1098 se
1727 1030 2041 1115 exaltare,
2092 1036 2160 1097 et
2190 1029 2555 1117 deprimere
2588 1030 3042 1099 adversantes.

781 1138 981 1207 Miror
1031 1138 1115 1208 de
1163 1147 1228 1208 te
1260 1139 1717 1225 Hungarorum
1766 1139 2040 1224 Regale,
2091 1138 2268 1222 quod
2319 1157 2465 1206 cum
2496 1137 2583 1206 ad
2634 1146 2700 1207 te
2751 1139 3043 1209 miserim

780 1247 1115 1317 tricesima
1136 1247 1277 1316 vice
1307 1248 1589 1335 legatos,
1622 1266 1831 1334 quare
1857 1248 1946 1314 ad
1967 1267 2070 1315 me
2090 1247 2338 1315 nullum
2357 1248 2633 1317 remittis
2664 1269 2749 1316 ex
2769 1249 3040 1335 eisdem,

782 1355 904 1424 sed
932 1375 1055 1423 nec
1087 1346 1353 1424 nuntios
1383 1360 1550 1440 tuos,
1598 1374 1721 1422 nec
1748 1354 1978 1422 literas
2011 1354 2170 1422 mihi
2201 1353 2424 1422 mittis.
2472 1356 2645 1441 Scio,
2695 1356 2872 1443 quod
2903 1358 3045 1425 Rex

782 1485 855 1534 es
887 1462 1079 1533 dives
1129 1468 1196 1532 et
1223 1471 1481 1551 potens,
1532 1470 1598 1532 et
1629 1462 1865 1531 multos
1915 1463 2121 1530 habes
2155 1463 2276 1529 sub
2324 1471 2390 1531 te
2421 1461 2681 1549 milites,
2732 1465 3041 1550 solusque

784 1574 1118 1660 gubernas
1150 1592 1459 1659 magnum
1479 1573 1799 1657 Regnum.
1832 1571 2121 1656 Ideoque
2140 1577 2205 1638 te
2238 1570 2396 1637 mihi
2425 1570 2781 1641 difficulter
2797 1573 3041 1642 subicis

783 1688 1019 1768 sponte
1041 1686 1176 1747 tua.
1209 1678 1443 1746 Melius
1475 1677 1597 1745 tibi
1616 1683 1840 1746 tamen
1860 1683 2037 1744 esset
2067 1682 2134 1745 et
2152 1677 2500 1764 salubrius,
2541 1677 2599 1746 si
2619 1686 2684 1746 te
2704 1679 3041 1749 subiceres

783 1791 942 1859 mihi
975 1795 1223 1875 sponte.
1275 1787 1577 1856 Intellexi
1606 1786 1894 1874 insuper,
1943 1785 2120 1870 quod
2150 1789 2479 1855 Cumanos
2518 1806 2744 1857 servos
2782 1795 3042 1857 nostros

784 1900 908 1967 sub
937 1907 1057 1966 tua
1086 1896 1494 1985 protectione
1527 1896 1917 1982 suscepisti;
1952 1894 2124 1962 unde
2156 1893 2394 1963 mando
2427 1895 2569 1981 tibi,
2602 1895 2779 1985 quod
2814 1916 2928 1964 eos
2962 1897 3044 1964 de

785 2014 1001 2077 cetero
1054 2007 1235 2096 apud
1283 2014 1351 2074 te
1379 2025 1510 2073 non
1559 2010 1814 2092 teneas,
1864 2012 1931 2072 et
1958 2023 2065 2072 me
2114 2003 2561 2072 adversarium
2610 2026 2742 2072 non
2792 2006 3045 2073 habeas

784 2121 1049 2207 propter
1077 2115 1280 2202 ipsos.
1329 2113 1619 2181 Facilius
1651 2112 1823 2181 enim
1857 2117 1960 2179 est
1990 2109 2299 2180 Cumanis
2335 2112 2635 2200 evadere,
2669 2132 2867 2199 quam
2900 2113 3039 2198 tibi,

787 2224 947 2310 quia
1009 2223 1111 2290 illi
1161 2222 1304 2290 sine
1369 2221 1669 2289 domibus
1740 2239 1885 2288 cum
1938 2218 2233 2289 tentoriis
2301 2221 2716 2290 ambulantes
2766 2227 3045 2310 possunt

788 2332 1066 2401 forsitan
1098 2330 1423 2417 evadere3
1454 2336 1526 2397 tu
1559 2335 1779 2397 autem
1809 2330 1876 2397 in
1900 2328 2200 2398 domibus
2232 2328 2565 2416 habitans,
2597 2330 2804 2399 habes
2826 2336 3045 2399 castra

785 2447 852 2508 et
881 2439 1204 2524 civitates,
1252 2438 1573 2525 quomodo
1604 2437 1884 2525 effugies
1915 2457 2147 2506 manus
2180 2458 2359 2506 meas
2380 2437 2455 2504 ‘2⁶‘

1000 2548 1242 2617 Notum
1273 2548 1362 2617 sit
1392 2548 1693 2617 omnibus
1730 2546 1974 2615 Christi
2003 2548 2330 2634 fidelibus,
2372 2547 2549 2635 quod
2576 2548 2701 2616 hoc
2730 2548 3045 2638 scriptum

789 2659 931 2725 Rex
980 2656 1317 2743 Hungarie
1368 2655 1705 2744 delegavit
1750 2657 2140 2725 Patriarche
2177 2655 2635 2743 Aquilegieusi
2654 2707 2674 2743 ,
2724 2663 2792 2724 et
2834 2659 3045 2726 Patri-

788 2764 994 2834 archa
1023 2765 1385 2835 transmisit
1412 2766 1741 2854 Episcopo
1774 2764 2169 2852 Brixinensi,
2209 2771 2276 2832 et
2306 2763 2542 2834 Comiti
2570 2766 2942 2853 Tyrolensi,
2977 2774 3049 2835 ut

787 2880 854 2940 et
904 2873 1034 2962 ipsi
1085 2873 1411 2944 uniuersis
1442 2873 1687 2944 Christi
1739 2871 2044 2942 fidelibus
2092 2875 2573 2959 transmittant,
2632 2874 3047 2944 admonendo

787 3001 923 3070 eos,
974 2990 1048 3049 ut
1077 2984 1292 3051 Deum
1321 3003 1443 3071 pro
1475 2982 1778 3050 Ecclesia
1827 3001 2100 3050 exorare
2135 2982 2462 3051 studeant.
2521 2983 2833 3051 Preterea
2878 2984 3049 3053 scire

787 3092 1243 3160 desideramus
1296 3113 1519 3161 omnes
1540 3144 1557 3178 ,
1609 3091 1699 3159 ad
1748 3112 1912 3178 quos
1961 3112 2236 3179 presens
2286 3092 2599 3180 scriptum
2651 3092 3048 3182 pervenerit,

788 3199 962 3285 quod
994 3201 1162 3269 lator
1192 3200 1587 3288 presentium
1608 3200 1833 3285 justus
1865 3205 1933 3267 et
1963 3197 2305 3269 veredicus
2345 3201 2452 3270 sit.

786 3363 1072 3426 (Boehmer
1096 3360 1270 3416 Janos
1295 3366 1527 3430 Frigyes
1553 3361 1771 3415 kbzlese
1795 3360 1931 3416 utan
1958 3364 2245 3430 Hormayr‚
2267 3367 2372 3416 Die
2397 3364 2629 3432 goldene
2656 3364 2901 3417 Chronik
2931 3381 3038 3416 von

1004 3454 1554 3523 Hohenschwangau,
1584 3454 1859 3507 Mflnchen
1889 3454 2064 3518 1842„
2090 3452 2332 3508 masodik
2358 3454 2494 3516 ress,
2520 3456 2607 3509 67.
2632 3454 2716 3506 sk.
2744 3453 2826 3518 u.)

1111 3905 1194 3992 B)
1257 3904 1552 3973 Dudik
1599 3904 1837 3973 Beda
1892 3900 2283 3973 kiadasa
2337 3906 2703 3973 szerint.

1006 4067 1161 4136 Viro
1212 4068 1573 4134 venerabili
1621 4068 1691 4136 in
1744 4071 2004 4140 Christo
2066 4068 2238 4157 patri
2288 4066 2414 4134 Dei
2465 4066 2689 4153 gratia
2738 4068 3052 4136 Perusino

791 4175 1139 4263 EpiscopO,
1185 4177 1563 4263 Apostolice
1595 4177 1786 4247 Sedis
1835 4180 2107 4265 Legato,
2158 4176 2359 4244 frater
2406 4174 2713 4243 Julianus
2747 4177 3048 4243 Fratrum

792 4283 1060 4352 Ordinis
1089 4284 1580 4353 Predicatorum
1629 4286 1698 4352 in
1729 4287 2050 4372 Ungaria,
2102 4304 2329 4352 servus
2362 4285 2595 4351 Vestre
2639 4283 3045 4368 sanctitatis,

791 4394 1218 4461 reverentiam
1248 4399 1386 4461 tam
1417 4393 1727 4482 debitam,
1760 4416 1957 4483 quam
1991 4396 2316 4463 devotam.
2366 4393 2526 4461 Cum
2560 4391 2920 4462 secundum
2955 4393 3047 4459 in-

792 4499 1079 4570 iunctam
1108 4501 1266 4568 mihi
1297 4502 1736 4571 obedientiam
1767 4504 1867 4572 ire
1897 4504 2202 4570 deberem
2235 4502 2322 4569 ad
2354 4503 2663 4588 Magnam
2687 4503 3051 4588 Ungariam

793 4628 939 4680 cum
986 4608 1299 4680 fratribus
1331 4609 1489 4682 mihi
1538 4610 1887 4704 adiunctis,
1934 4610 2297 4685 iniunctum
2347 4608 2538 4680 nobis
2586 4610 2712 4682 iter
2757 4610 3046 4701 arripere
