3359 5250
1448 378 1578 450 311

363 580 646 649 licencia
680 579 1080 650 donaciones
1112 599 1290 665 suas,
1318 599 1443 663 que
1472 575 1947 665 perpetuitates
1982 578 2403 664 vocabantur,
2448 599 2629 649 reuo-

374 697 576 775 caret,
613 685 892 780 becsssua
923 686 1200 759 donacio
1229 689 1298 756 in
1320 685 1646 775 judicium
1686 685 1967 756 deducta
1995 695 2292 775 respectu
2328 688 2631 757 seruicio-

373 819 515 865 rum
548 797 827 885 predicti
856 796 1493 882 Iwachini²Gomitis,
1533 796 1645 884 qui
1676 802 1829 864 tunc
1858 796 1994 864 iam
2024 796 2414 885 decesserat,
2445 797 2625 886 apud

369 907 543 975 filios
593 925 748 975 suos
803 905 1061 974 illibata
1090 904 1578 992 permansisset,
1638 924 1863 972 verum
1894 905 2113 973 inclite
2157 904 2625 974 memorieAn·

366 1016 530 1082 dre.2
583 1017 766 1101 Rege
800 1016 994 1084 rebus
1046 1015 1351 1083 humanis
1405 1022 1699 1101 excepto,
1754 1013 2112 1101 eodemque
2162 1012 2423 1084 domino
2468 1014 2630 1082 Bela

358 1126 573 1211 Rege2
596 1123 853 1193 Corona
888 1124 1100 1210 Regni
1180 1143 1296 1210 per
1325 1121 1824 1212 [successionem
1875 1122 2338 1192 hereditariam
2388 1122 2629 1192 Diuina

358 1231 797 1318 disposicione
827 1230 1254 1319 adipiscente,
1286 1232 1462 1299 idem
1494 1251 1719 1301 omnes
1752 1231 2218 1320 perpetuitates
2256 1250 2374 1318 per
2402 1236 2607 1300 totum

364 1342 662 1425 Regnum
695 1358 879 1406 suum
915 1337 1238 1407 validiore
1269 1359 1464 1407 manu
1483 1340 1769 1427 cepisset
1797 1358 2128 1424 reuocare,
2160 1347 2476 1423 tanquam
2490 1356 2608 1424 per

363 1466 529 1532 quas
562 1444 814 1516 Corone
862 1467 980 1515 sue
1013 1447 1316 1515 extiterat
1361 1467 1491 1515 non
1533 1448 1857 1517 modicum
1896 1449 2315 1534 derogamen,
2364 1452 2430 1513 et
2458 1445 2611 1513 licet

360 1566 516 1624 tunc
541 1554 748 1623 eciam
779 1555 1172 1624 intendisset
1215 1554 1389 1624 idem
1427 1556 1727 1627 dominus
1757 1558 1919 1626 Bela
1947 1558 2087 1625 Rex
2116 1558 2285 1625 hanc
2316 1553 2619 1623 donacio-

357 1685 508 1732 nem
541 1665 749 1752 patris
785 1665 886 1734 sui
916 1685 1045 1732 non
1097 1664 1384 1752 recipere
1415 1685 1458 1733 a
1487 1666 1643 1752 filijs
1675 1666 1947 1735 Comitis
1980 1665 2294 1735 Iwachini
2340 1682 2458 1750 pro
2490 1682 2603 1750 pa-

358 1774 480 1842 tris
513 1793 734 1842 eorum
766 1773 1197 1842 eminentibus
1228 1775 1523 1860 seruicijs
1557 1775 1758 1862 digne
1786 1777 2051 1861 factam,
2093 1771 2214 1842 sed
2243 1773 2341 1841 eis
2381 1770 2607 1861 pocius

357 1902 785 1969 conseruare3
845 1879 1343 1972 adjeuitandum
1392 1882 2262 1976 tamen2scandalumssquod
2290 1881 2361 1950 in
2392 1879 2600 1950 cordi-

357 1991 482 2059 bus
530 1990 808 2059 aliorum
855 1990 1171 2060 nobilium
1220 1993 1432 2078 Regni
1488 1994 1590 2061 sui
1641 1994 1799 2062 oriri
1853 1992 2194 2082 potuisset,
2252 1990 2309 2058 si
2359 1988 2608 2057 nullam

353 2097 809 2168 reuocacionis
858 2098 1263 2169 voluntatem
1318 2102 1387 2168 in
1419 2102 1588 2171 hanc
1618 2101 2048 2172 donacionem
2098 2102 2507 2182 ostentasset,
2542 2103 2612 2163 vt

350 2206 612 2275 facilior
661 2204 951 2297 (modus)
984 2208 1775 2299 vniuersas1‚donaciones
1789 2207 2174 2299 {reuocandi
2226 2211 2498 2295 pateret,
2549 2205 2606 2271 si

351 2316 603 2383 nullam
633 2315 1000 2403 exciperet3
1053 2315 1470 2403 priuilegium
1521 2315 1926 2387 antedictum
1959 2338 2002 2386 a
2021 2313 2227 2407 ,filijsj
2249 2311 2606 2400 recepisset

351 2424 625 2492 Comitis
655 2422 990 2511 Iwachini,
1041 2433 1108 2493 et
1138 2445 1181 2492 a
1211 2427 1630 2513 possessione
1659 2429 1841 2515 ipsos
1873 2427 1962 2501 ad
1992 2434 2248 2513 tempus
2297 2420 2606 2491 duxisset

350 2530 783 2602 remouendos
815 2553 892 2603 eo
923 2535 1260 2621 proposito
1293 2541 1359 2606 et
1370 2533 1733 2626 ‘promisso,
1772 2546 1844 2605 vt
1873 2537 1983 2605 uel
2013 2535 2215 2604 aliam
2246 2529 2597 2621 possessio·

347 2661 500 2710 nem
532 2644 598 2709 in
633 2642 925 2712 eiusdem
945 2642 1309 2715 Comitatus
1341 2646 1633 2716 districtu
1667 2648 1789 2715 sub
1825 2646 2041 2716 forma
2070 2638 2602 2713 commutacionis

344 2751 477 2820 sibi
527 2751 734 2837 daret,
784 2754 889 2819 vel
937 2754 1204 2823 easdem
1258 2756 1384 2824 sibi
1437 2761 1710 2846 captata
1762 2754 2249 2846 opportunitate
2300 2746 2603 2818 redderet

342 2857 698 2947 priuilegio
729 2858 1077 2947 innonato;
1118 2864 1387 2948 posthec
1418 2864 1641 2933 dilecti
1684 2872 1753 2935 et
1784 2865 2009 2933 fideles
2041 2864 2162 2950 sui,
2203 2854 2600 2929 venerabilis

343 2975 536 3055 pater
563 2966 818 3054 Filipus
867 2968 1234 3057 Episcopus
1266 2972 1753 3060 Zagrabiensis,
1811 2979 1875 3041 et
1905 2973 2197 3042 Thomas
2229 2967 2462 3036 Comes
2512 2962 2595 3030 de

342 3074 595 3144 Crocon
650 3075 821 3166 (igy)
873 3077 989 3165 filij
1045 3077 1256 3168 ipsius
1304 3082 1617 3150 Iwachini
1649 3080 1941 3166 ,Comitis
1991 3081 2076 3148 ab
2123 3080 2271 3165 ipso
2321 3071 2595 3142 condam

345 3182 610 3252 domino
642 3183 809 3252 Bela
837 3187 1017 3272 Rege
1047 3187 1407 3258 instancius
1458 3191 1866 3278 petiuissent,
1914 3197 1986 3258 vt
2014 3187 2285 3257 eandem
2334 3198 2591 3270 Imm·

339 3293 593 3361 sionem
613 3292 910 3362 Zolonna
927 3294 1112 3364 iuxta
1142 3298 1646 3384 promissionem
1683 3308 1975 3385 tempore
1996 3291 2441 3365 reuocacionis
2460 3288 2592 3356 fac·

333 3408 476 3468 tam
506 3396 680 3467 idem
713 3398 1015 3471 dominus
1044 3403 1379 3490 BelaRex
1409 3406 1571 3492 ipsis
1629 3406 1973 3478 restituere
2008 3403 2411 3490 dignaretur,
2442 3417 2590 3467 cum

338 3531 472 3577 non
507 3507 721 3577 solum
752 3517 1056 3599 paterna,
1088 3530 1313 3580 verum
1345 3513 1553 3602 eciam
1582 3514 2003 3603 ipsorundem
2023 3510 2418 3598 obsequiosa
2435 3504 2584 3610 fide·

340 3618 498 3686 litas
530 3617 621 3685 ad
651 3617 1139 3688 restitucionem
1189 3620 1607 3708 optinendam
1639 3629 1897 3711 poterat
1943 3627 2011 3692 et
2041 3620 2325 3690 debebat
2363 3618 2592 3682 merito

344 3723 723 3811 suffragari.
772 3725 963 3794 Vnde
990 3725 1166 3796 idem
1214 3727 1370 3797 olim
1421 3730 1724 3799 dominus
1753 3731 1919 3799 Bela
1965 3732 2108 3798 Rex
2142 3720 2592 3815 promissionis

338 3853 478 3920 sue,
530 3853 727 3920 quam
781 3834 973 3904 dictis
1022 3835 1177 3922 filijs
1208 3837 1525 3907 Iwachini
1559 3839 1832 3909 Comitis
1880 3839 2114 3908 intuitu
2164 3831 2589 3906 seruiciorum

329 3943 538 4031 patris
572 3962 796 4012 eorum
845 3943 1093 4013 fecerat
1120 3966 1250 4014 non
1283 3945 1620 4017 immemor
1653 3946 1949 4038 §eandem
1979 3953 2246 4038 propter
2293 3946 2582 4031 ipsorum

331 4070 590 4138 quoque
622 4052 907 4121 seruicia
961 4053 1399 4125 inmemorosa
1450 4055 1731 4142 quedam
1763 4058 1831 4126 in
1864 4056 2110 4126 eisdem
2161 4050 2394 4123 litteris
2446 4045 2584 4116 suis

326 4158 517 4246 tangi
551 4157 775 4247 voluit,
823 4161 1188 4230 eurauisset
1219 4162 1480 4233 effectui
1531 4165 1927 4253 mancipare.
1976 4163 2267 4243 Quorum
2302 4157 2587 4228 omnium

327 4266 750 4338 seruiciorum
769 4269 1208 4356 predictorum
1238 4272 1306 4340 in
1328 4274 1577 4342 eisdem
1597 4275 1832 4344 litteris
1854 4274 2259 4364 perlongum
2298 4265 2583 4355 gloriose

326 4385 392 4446 et
435 4374 860 4446 laudabiliter
910 4378 1389 4451 declarator-um
1435 4382 1670 4452 intuitu
1697 4435 1715 4470 ,
1764 4383 2042 4454 eandem
2093 4378 2578 4469 possessionem

329 4487 628 4555 Zolonna
661 4503 808 4553 cum
839 4486 1139 4557 omnibus
1172 4489 1308 4557 suis
1338 4489 1727 4563 vtilitatibus
1759 4503 1824 4564 et
1854 4495 2298 4582 pertinencijs,
2345 4508 2425 4558 ac
2456 4481 2577 4554 sub

326 4593 573 4662 eisdem
605 4593 796 4662 metis
832 4593 1067 4664 litteris
1117 4597 1184 4664 in
1219 4595 1465 4668 eisdem
1511 4603 1928 4690 specificatis,
1981 4611 2048 4673 et
2072 4624 2155 4673 ea
2190 4604 2363 4672 omni
2412 4598 2573 4665 intc-

321 4701 585 4789 grimo,
634 4700 870 4787 quibus
901 4709 1089 4790 pater
1121 4706 1365 4796 [eorum
1421 4709 1826 4801 possederat,
1881 4711 2311 4786 donacionem
2369 4705 2576 4796 pairh
