<?xml version="1.0" encoding="UTF-8"?>
<!DOCTYPE html PUBLIC "-//W3C//DTD XHTML 1.0 Transitional//EN"
    "http://www.w3.org/TR/xhtml1/DTD/xhtml1-transitional.dtd">
<html xmlns="http://www.w3.org/1999/xhtml" xml:lang="en" lang="en">
 <head>
  <title>
</title>
<meta http-equiv="Content-Type" content="text/html;charset=utf-8" />
  <meta name='ocr-system' content='tesseract 3.04.00' />
  <meta name='ocr-capabilities' content='ocr_page ocr_carea ocr_par ocr_line ocrx_word'/>
</head>
<body>
  <div class='ocr_page' id='page_1' title='image "./codexdiplomatic09unkngoog_0284.png"; bbox 0 0 3359 5250; ppageno 0'>
   <div class='ocr_carea' id='block_1_1' title="bbox 1826 378 1961 445">
    <p class='ocr_par' dir='ltr' id='par_1_1' title="bbox 1826 378 1961 445">
     <span class='ocr_line' id='line_1_1' title="bbox 1826 378 1961 445; baseline 0 0"><span class='ocrx_word' id='word_1_1' title='bbox 1826 378 1961 445; x_wconf 82' lang='lat'><strong>244</strong></span> 
     </span>
    </p>
   </div>
   <div class='ocr_carea' id='block_1_2' title="bbox 1736 469 2043 481">
    <p class='ocr_par' dir='ltr' id='par_1_2' title="bbox 1736 469 2043 481">
     <span class='ocr_line' id='line_1_2' title="bbox 1736 469 2043 481; baseline 0 0"><span class='ocrx_word' id='word_1_2' title='bbox 1736 469 2043 481; x_wconf 95' lang='lat' dir='ltr'><strong> </strong></span> 
     </span>
    </p>
   </div>
   <div class='ocr_carea' id='block_1_3' title="bbox 762 572 3036 4797">
    <p class='ocr_par' dir='ltr' id='par_1_3' title="bbox 762 572 3036 4797">
     <span class='ocr_line' id='line_1_3' title="bbox 762 572 3018 660; baseline -0.001 -16"><span class='ocrx_word' id='word_1_3' title='bbox 762 595 970 644; x_wconf 91' lang='lat' dir='ltr'><strong>nouas</strong></span> <span class='ocrx_word' id='word_1_4' title='bbox 1003 582 1067 644; x_wconf 91' lang='lat' dir='ltr'><strong>et</strong></span> <span class='ocrx_word' id='word_1_5' title='bbox 1088 575 1393 658; x_wconf 87' lang='lat' dir='ltr'><strong>antiquas</strong></span> <span class='ocrx_word' id='word_1_6' title='bbox 1425 572 1853 642; x_wconf 90' lang='lat' dir='ltr'><strong>dinoscuntur</strong></span> <span class='ocrx_word' id='word_1_7' title='bbox 1874 576 2213 660; x_wconf 79' lang='lat' dir='ltr'><strong>contineri,</strong></span> <span class='ocrx_word' id='word_1_8' title='bbox 2248 575 2588 643; x_wconf 86' lang='lat' dir='ltr'><strong>distinctas</strong></span> <span class='ocrx_word' id='word_1_9' title='bbox 2609 595 2652 641; x_wconf 90' lang='lat' dir='ltr'><strong>a</strong></span> <span class='ocrx_word' id='word_1_10' title='bbox 2675 574 2811 642; x_wconf 88' lang='lat' dir='ltr'><strong>suis</strong></span> <span class='ocrx_word' id='word_1_11' title='bbox 2849 596 3018 643; x_wconf 90' lang='lat' dir='ltr'><strong>com-</strong></span> 
     </span>
     <span class='ocr_line' id='line_1_4' title="bbox 766 682 3015 769; baseline -0.001 -17"><span class='ocrx_word' id='word_1_12' title='bbox 766 685 1123 768; x_wconf 86' lang='lat' dir='ltr'><strong>metaneis;</strong></span> <span class='ocrx_word' id='word_1_13' title='bbox 1158 683 1313 749; x_wconf 90' lang='lat' dir='ltr'><strong>item</strong></span> <span class='ocrx_word' id='word_1_14' title='bbox 1335 683 1687 768; x_wconf 84' lang='lat' dir='ltr'><strong>Zyntarew</strong></span> <span class='ocrx_word' id='word_1_15' title='bbox 1717 683 2016 750; x_wconf 89' lang='lat' dir='ltr'><strong>similiter</strong></span> <span class='ocrx_word' id='word_1_16' title='bbox 2046 703 2254 769; x_wconf 80' lang='lat' dir='ltr'>prope</span> <span class='ocrx_word' id='word_1_17' title='bbox 2283 683 2557 768; x_wconf 82' lang='lat' dir='ltr'><strong>Tyciam</strong></span> <span class='ocrx_word' id='word_1_18' title='bbox 2597 702 2743 750; x_wconf 92' lang='lat' dir='ltr'><strong>cum</strong></span> <span class='ocrx_word' id='word_1_19' title='bbox 2773 682 3015 750; x_wconf 88' lang='lat' dir='ltr'><strong>tributo</strong></span> 
     </span>
     <span class='ocr_line' id='line_1_5' title="bbox 763 789 3020 878; baseline -0.001 -18"><span class='ocrx_word' id='word_1_20' title='bbox 763 800 1095 878; x_wconf 85' lang='lat' dir='ltr'><strong>consueto,</strong></span> <span class='ocrx_word' id='word_1_21' title='bbox 1132 810 1325 877; x_wconf 88' lang='lat' dir='ltr'><strong>quam</strong></span> <span class='ocrx_word' id='word_1_22' title='bbox 1358 812 1400 858; x_wconf 84' lang='lat' dir='ltr'><strong>a</strong></span> <span class='ocrx_word' id='word_1_23' title='bbox 1433 793 1668 859; x_wconf 85' lang='lat' dir='ltr'><strong>Vestra</strong></span> <span class='ocrx_word' id='word_1_24' title='bbox 1699 793 1909 877; x_wconf 87' lang='lat' dir='ltr'><strong>Regia</strong></span> <span class='ocrx_word' id='word_1_25' title='bbox 1947 793 2289 860; x_wconf 79' lang='lat' dir='ltr'><strong>Maiestate</strong></span> <span class='ocrx_word' id='word_1_26' title='bbox 2316 793 2576 861; x_wconf 89' lang='lat' dir='ltr'><strong>nomine</strong></span> <span class='ocrx_word' id='word_1_27' title='bbox 2622 812 2737 860; x_wconf 90' lang='lat' dir='ltr'><strong>sue</strong></span> <span class='ocrx_word' id='word_1_28' title='bbox 2770 789 3020 859; x_wconf 87' lang='lat' dir='ltr'><strong>heredi-</strong></span> 
     </span>
     <span class='ocr_line' id='line_1_6' title="bbox 763 899 3022 989; baseline -0 -21"><span class='ocrx_word' id='word_1_29' title='bbox 763 903 932 969; x_wconf 86' lang='lat' dir='ltr'><strong>tarie</strong></span> <span class='ocrx_word' id='word_1_30' title='bbox 960 901 1400 987; x_wconf 77' lang='lat' dir='ltr'><strong>possessionis</strong></span> <span class='ocrx_word' id='word_1_31' title='bbox 1453 901 1731 971; x_wconf 88' lang='lat' dir='ltr'><strong>obtinuit</strong></span> <span class='ocrx_word' id='word_1_32' title='bbox 1760 922 1876 988; x_wconf 90' lang='lat' dir='ltr'><strong>per</strong></span> <span class='ocrx_word' id='word_1_33' title='bbox 1905 900 2212 987; x_wconf 91' lang='lat' dir='ltr'><strong>duellum,</strong></span> <span class='ocrx_word' id='word_1_34' title='bbox 2265 901 2638 988; x_wconf 90' lang='lat' dir='ltr'><strong>incipiendo</strong></span> <span class='ocrx_word' id='word_1_35' title='bbox 2672 922 2714 969; x_wconf 91' lang='lat' dir='ltr'><strong>a</strong></span> <span class='ocrx_word' id='word_1_36' title='bbox 2750 899 3022 989; x_wconf 82' lang='lat' dir='ltr'><strong>capitali</strong></span> 
     </span>
     <span class='ocr_line' id='line_1_7' title="bbox 764 1008 3023 1099; baseline -0.002 -23"><span class='ocrx_word' id='word_1_37' title='bbox 764 1016 939 1077; x_wconf 90' lang='lat' dir='ltr'><strong>meta</strong></span> <span class='ocrx_word' id='word_1_38' title='bbox 985 1030 1188 1097; x_wconf 87' lang='lat' dir='ltr'><strong>prope</strong></span> <span class='ocrx_word' id='word_1_39' title='bbox 1236 1017 1493 1097; x_wconf 86' lang='lat' dir='ltr'><strong>portum</strong></span> <span class='ocrx_word' id='word_1_40' title='bbox 1523 1011 1730 1098; x_wconf 81' lang='lat' dir='ltr'><strong>Tycie</strong></span> <span class='ocrx_word' id='word_1_41' title='bbox 1763 1031 1803 1078; x_wconf 90' lang='lat' dir='ltr'><strong>a</strong></span> <span class='ocrx_word' id='word_1_42' title='bbox 1835 1018 2024 1099; x_wconf 88' lang='lat' dir='ltr'><strong>parte</strong></span> <span class='ocrx_word' id='word_1_43' title='bbox 2074 1010 2428 1080; x_wconf 87' lang='lat' dir='ltr'><strong>occidentis</strong></span> <span class='ocrx_word' id='word_1_44' title='bbox 2477 1030 2597 1098; x_wconf 87' lang='lat' dir='ltr'><strong>per</strong></span> <span class='ocrx_word' id='word_1_45' title='bbox 2647 1018 2855 1079; x_wconf 90' lang='lat' dir='ltr'><strong>metas</strong></span> <span class='ocrx_word' id='word_1_46' title='bbox 2905 1008 3023 1074; x_wconf 88' lang='lat' dir='ltr'><strong>eir-</strong></span> 
     </span>
     <span class='ocr_line' id='line_1_8' title="bbox 765 1117 3024 1206; baseline 0 -23"><span class='ocrx_word' id='word_1_47' title='bbox 765 1117 988 1186; x_wconf 91' lang='lat' dir='ltr'><strong>cuiens</strong></span> <span class='ocrx_word' id='word_1_48' title='bbox 1041 1118 1346 1187; x_wconf 89' lang='lat' dir='ltr'><strong>intrando</strong></span> <span class='ocrx_word' id='word_1_49' title='bbox 1397 1118 1464 1185; x_wconf 90' lang='lat' dir='ltr'><strong>in</strong></span> <span class='ocrx_word' id='word_1_50' title='bbox 1515 1137 1837 1206; x_wconf 87' lang='lat' dir='ltr'><strong>campum,</strong></span> <span class='ocrx_word' id='word_1_51' title='bbox 1902 1125 1968 1187; x_wconf 91' lang='lat' dir='ltr'><strong>et</strong></span> <span class='ocrx_word' id='word_1_52' title='bbox 2013 1117 2253 1187; x_wconf 89' lang='lat' dir='ltr'><strong>deinde</strong></span> <span class='ocrx_word' id='word_1_53' title='bbox 2301 1117 2599 1186; x_wconf 88' lang='lat' dir='ltr'><strong>similiter</strong></span> <span class='ocrx_word' id='word_1_54' title='bbox 2648 1139 2767 1206; x_wconf 90' lang='lat' dir='ltr'><strong>per</strong></span> <span class='ocrx_word' id='word_1_55' title='bbox 2816 1125 3024 1185; x_wconf 83' lang='lat' dir='ltr'><strong>metas</strong></span> 
     </span>
     <span class='ocr_line' id='line_1_9' title="bbox 767 1224 3025 1314; baseline -0.001 -20"><span class='ocrx_word' id='word_1_56' title='bbox 767 1225 1108 1294; x_wconf 89' lang='lat' dir='ltr'><strong>continuas</strong></span> <span class='ocrx_word' id='word_1_57' title='bbox 1158 1231 1223 1293; x_wconf 90' lang='lat' dir='ltr'><strong>et</strong></span> <span class='ocrx_word' id='word_1_58' title='bbox 1277 1226 1691 1312; x_wconf 77' lang='lat' dir='ltr'><strong>contignatas</strong></span> <span class='ocrx_word' id='word_1_59' title='bbox 1742 1224 2073 1295; x_wconf 87' lang='lat' dir='ltr'><strong>redeundo</strong></span> <span class='ocrx_word' id='word_1_60' title='bbox 2110 1225 2195 1293; x_wconf 90' lang='lat' dir='ltr'><strong>ad</strong></span> <span class='ocrx_word' id='word_1_61' title='bbox 2224 1225 2500 1313; x_wconf 79' lang='lat' dir='ltr'><strong>Tyciam</strong></span> <span class='ocrx_word' id='word_1_62' title='bbox 2530 1246 2573 1294; x_wconf 90' lang='lat' dir='ltr'><strong>a</strong></span> <span class='ocrx_word' id='word_1_63' title='bbox 2602 1233 2792 1314; x_wconf 88' lang='lat' dir='ltr'><strong>parte</strong></span> <span class='ocrx_word' id='word_1_64' title='bbox 2840 1244 3025 1313; x_wconf 89' lang='lat' dir='ltr'><strong>supe-</strong></span> 
     </span>
     <span class='ocr_line' id='line_1_10' title="bbox 766 1331 3027 1421; baseline 0 -22"><span class='ocrx_word' id='word_1_65' title='bbox 766 1333 942 1420; x_wconf 88' lang='lat' dir='ltr'><strong>riori,</strong></span> <span class='ocrx_word' id='word_1_66' title='bbox 996 1331 1197 1403; x_wconf 87' lang='lat' dir='ltr'><strong>nullis</strong></span> <span class='ocrx_word' id='word_1_67' title='bbox 1228 1333 1417 1402; x_wconf 91' lang='lat' dir='ltr'><strong>nouis</strong></span> <span class='ocrx_word' id='word_1_68' title='bbox 1451 1333 1639 1402; x_wconf 89' lang='lat' dir='ltr'><strong>metis</strong></span> <span class='ocrx_word' id='word_1_69' title='bbox 1673 1332 1929 1416; x_wconf 87' lang='lat' dir='ltr'><strong>erectis,</strong></span> <span class='ocrx_word' id='word_1_70' title='bbox 1984 1332 2102 1402; x_wconf 89' lang='lat' dir='ltr'><strong>sed</strong></span> <span class='ocrx_word' id='word_1_71' title='bbox 2133 1333 2423 1419; x_wconf 87' lang='lat' dir='ltr'><strong>antiquis</strong></span> <span class='ocrx_word' id='word_1_72' title='bbox 2456 1333 2753 1403; x_wconf 86' lang='lat' dir='ltr'><strong>omnibus</strong></span> <span class='ocrx_word' id='word_1_73' title='bbox 2792 1354 3027 1421; x_wconf 79' lang='lat' dir='ltr'><strong>appro-</strong></span> 
     </span>
     <span class='ocr_line' id='line_1_11' title="bbox 767 1440 3028 1529; baseline 0 -21"><span class='ocrx_word' id='word_1_74' title='bbox 767 1441 978 1510; x_wconf 86' lang='lat' dir='ltr'><strong>batis:</strong></span> <span class='ocrx_word' id='word_1_75' title='bbox 1013 1443 1167 1510; x_wconf 89' lang='lat' dir='ltr'><strong>item</strong></span> <span class='ocrx_word' id='word_1_76' title='bbox 1198 1440 1620 1510; x_wconf 87' lang='lat' dir='ltr'><strong>medietatem</strong></span> <span class='ocrx_word' id='word_1_77' title='bbox 1651 1442 1721 1509; x_wconf 91' lang='lat' dir='ltr'><strong>in</strong></span> <span class='ocrx_word' id='word_1_78' title='bbox 1752 1441 2029 1526; x_wconf 87' lang='lat' dir='ltr'><strong>Zanath,</strong></span> <span class='ocrx_word' id='word_1_79' title='bbox 2084 1441 2267 1509; x_wconf 90' lang='lat' dir='ltr'><strong>cuius</strong></span> <span class='ocrx_word' id='word_1_80' title='bbox 2312 1440 2525 1510; x_wconf 82' lang='lat' dir='ltr'><strong>altera</strong></span> <span class='ocrx_word' id='word_1_81' title='bbox 2554 1462 2710 1529; x_wconf 89' lang='lat' dir='ltr'><strong>pars</strong></span> <span class='ocrx_word' id='word_1_82' title='bbox 2759 1462 2878 1528; x_wconf 90' lang='lat' dir='ltr'><strong>per</strong></span> <span class='ocrx_word' id='word_1_83' title='bbox 2909 1442 3028 1509; x_wconf 85' lang='lat' dir='ltr'><strong>Co·</strong></span> 
     </span>
     <span class='ocr_line' id='line_1_12' title="bbox 767 1549 3026 1638; baseline -0.001 -18"><span class='ocrx_word' id='word_1_84' title='bbox 767 1552 987 1620; x_wconf 89' lang='lat' dir='ltr'><strong>mitem</strong></span> <span class='ocrx_word' id='word_1_85' title='bbox 1007 1551 1174 1619; x_wconf 85' lang='lat' dir='ltr'><strong>Elek</strong></span> <span class='ocrx_word' id='word_1_86' title='bbox 1204 1549 1288 1619; x_wconf 90' lang='lat' dir='ltr'><strong>de</strong></span> <span class='ocrx_word' id='word_1_87' title='bbox 1317 1570 1558 1638; x_wconf 86' lang='lat' dir='ltr'><strong>genere</strong></span> <span class='ocrx_word' id='word_1_88' title='bbox 1577 1550 1856 1620; x_wconf 78' lang='lat' dir='ltr'><strong>Chanad</strong></span> <span class='ocrx_word' id='word_1_89' title='bbox 1886 1549 2277 1638; x_wconf 87' lang='lat' dir='ltr'><strong>possidetur,</strong></span> <span class='ocrx_word' id='word_1_90' title='bbox 2312 1550 2611 1618; x_wconf 89' lang='lat' dir='ltr'><strong>similiter</strong></span> <span class='ocrx_word' id='word_1_91' title='bbox 2647 1570 2793 1619; x_wconf 90' lang='lat' dir='ltr'><strong>cum</strong></span> <span class='ocrx_word' id='word_1_92' title='bbox 2823 1552 3026 1619; x_wconf 89' lang='lat' dir='ltr'><strong>omni·</strong></span> 
     </span>
     <span class='ocr_line' id='line_1_13' title="bbox 769 1660 3027 1750; baseline 0 -22"><span class='ocrx_word' id='word_1_93' title='bbox 769 1662 895 1732; x_wconf 88' lang='lat' dir='ltr'><strong>bus</strong></span> <span class='ocrx_word' id='word_1_94' title='bbox 923 1660 1315 1731; x_wconf 80' lang='lat' dir='ltr'><strong>vfflitatibus</strong></span> <span class='ocrx_word' id='word_1_95' title='bbox 1366 1666 1431 1728; x_wconf 87' lang='lat' dir='ltr'><strong>et</strong></span> <span class='ocrx_word' id='word_1_96' title='bbox 1462 1661 1781 1730; x_wconf 85' lang='lat' dir='ltr'><strong>fructibus</strong></span> <span class='ocrx_word' id='word_1_97' title='bbox 1812 1661 2343 1750; x_wconf 88' lang='lat' dir='ltr'><strong>prouenientibus</strong></span> <span class='ocrx_word' id='word_1_98' title='bbox 2376 1660 2461 1729; x_wconf 88' lang='lat' dir='ltr'><strong>de</strong></span> <span class='ocrx_word' id='word_1_99' title='bbox 2490 1661 2786 1728; x_wconf 89' lang='lat' dir='ltr'><strong>omnibus</strong></span> <span class='ocrx_word' id='word_1_100' title='bbox 2833 1660 3027 1748; x_wconf 86' lang='lat' dir='ltr'><strong>perti-</strong></span> 
     </span>
     <span class='ocr_line' id='line_1_14' title="bbox 770 1769 3026 1859; baseline -0 -21"><span class='ocrx_word' id='word_1_101' title='bbox 770 1771 1018 1857; x_wconf 75' lang='lat' dir='ltr'><strong>nenciJs</strong></span> <span class='ocrx_word' id='word_1_102' title='bbox 1034 1770 1243 1859; x_wconf 87' lang='lat' dir='ltr'><strong>ipsius</strong></span> <span class='ocrx_word' id='word_1_103' title='bbox 1262 1769 1475 1838; x_wconf 90' lang='lat' dir='ltr'><strong>medie</strong></span> <span class='ocrx_word' id='word_1_104' title='bbox 1495 1769 1676 1856; x_wconf 89' lang='lat' dir='ltr'><strong>ville;</strong></span> <span class='ocrx_word' id='word_1_105' title='bbox 1700 1771 1859 1841; x_wconf 83' lang='lat' dir='ltr'><strong>item</strong></span> <span class='ocrx_word' id='word_1_106' title='bbox 1881 1769 2299 1840; x_wconf 87' lang='lat' dir='ltr'><strong>medietatem</strong></span> <span class='ocrx_word' id='word_1_107' title='bbox 2318 1769 3026 1857; x_wconf 84' lang='lat' dir='ltr'><strong>villeWoffahyelesse,</strong></span> 
     </span>
     <span class='ocr_line' id='line_1_15' title="bbox 764 1877 3027 1966; baseline 0 -20"><span class='ocrx_word' id='word_1_108' title='bbox 764 1897 897 1964; x_wconf 76' lang='lat' dir='ltr'><strong>que</strong></span> <span class='ocrx_word' id='word_1_109' title='bbox 918 1878 1052 1947; x_wconf 87' lang='lat' dir='ltr'><strong>alio</strong></span> <span class='ocrx_word' id='word_1_110' title='bbox 1069 1879 1329 1948; x_wconf 88' lang='lat' dir='ltr'><strong>nomine</strong></span> <span class='ocrx_word' id='word_1_111' title='bbox 1348 1878 1680 1946; x_wconf 86' lang='lat' dir='ltr'><strong>Kwkener</strong></span> <span class='ocrx_word' id='word_1_112' title='bbox 1698 1885 1988 1963; x_wconf 87' lang='lat' dir='ltr'><strong>vocatur,</strong></span> <span class='ocrx_word' id='word_1_113' title='bbox 2011 1900 2054 1945; x_wconf 86' lang='lat' dir='ltr'><strong>a</strong></span> <span class='ocrx_word' id='word_1_114' title='bbox 2072 1885 2261 1965; x_wconf 88' lang='lat' dir='ltr'><strong>parte</strong></span> <span class='ocrx_word' id='word_1_115' title='bbox 2281 1877 2759 1966; x_wconf 87' lang='lat' dir='ltr'><strong>septemtrionis</strong></span> <span class='ocrx_word' id='word_1_116' title='bbox 2778 1887 3027 1947; x_wconf 86' lang='lat' dir='ltr'><strong>rectam</strong></span> 
     </span>
     <span class='ocr_line' id='line_1_16' title="bbox 772 1987 3026 2074; baseline -0 -18"><span class='ocrx_word' id='word_1_117' title='bbox 772 2009 919 2057; x_wconf 89' lang='lat' dir='ltr'><strong>eum</strong></span> <span class='ocrx_word' id='word_1_118' title='bbox 947 1995 1090 2056; x_wconf 83' lang='lat' dir='ltr'><strong>tota</strong></span> <span class='ocrx_word' id='word_1_119' title='bbox 1119 1988 1410 2057; x_wconf 88' lang='lat' dir='ltr'><strong>sessione</strong></span> <span class='ocrx_word' id='word_1_120' title='bbox 1432 1987 1824 2056; x_wconf 86' lang='lat' dir='ltr'><strong>villanorum</strong></span> <span class='ocrx_word' id='word_1_121' title='bbox 1856 1989 1947 2056; x_wconf 88' lang='lat' dir='ltr'><strong>ibi</strong></span> <span class='ocrx_word' id='word_1_122' title='bbox 1968 1990 2532 2074; x_wconf 87' lang='lat' dir='ltr'><strong>commorancium,</strong></span> <span class='ocrx_word' id='word_1_123' title='bbox 2568 1994 2796 2056; x_wconf 89' lang='lat' dir='ltr'><strong>etcum</strong></span> <span class='ocrx_word' id='word_1_124' title='bbox 2825 1987 3026 2057; x_wconf 89' lang='lat' dir='ltr'><strong>omni·</strong></span> 
     </span>
     <span class='ocr_line' id='line_1_17' title="bbox 771 2095 3024 2183; baseline -0 -18"><span class='ocrx_word' id='word_1_125' title='bbox 771 2098 893 2165; x_wconf 92' lang='lat' dir='ltr'><strong>bus</strong></span> <span class='ocrx_word' id='word_1_126' title='bbox 942 2096 1337 2164; x_wconf 73' lang='lat' dir='ltr'><strong>Vtilitatibus</strong></span> <span class='ocrx_word' id='word_1_127' title='bbox 1370 2102 1436 2164; x_wconf 89' lang='lat' dir='ltr'><strong>et</strong></span> <span class='ocrx_word' id='word_1_128' title='bbox 1484 2097 1906 2182; x_wconf 68' lang='lat' dir='ltr'><strong>pertinenciis</strong></span> <span class='ocrx_word' id='word_1_129' title='bbox 1960 2095 2043 2164; x_wconf 91' lang='lat' dir='ltr'><strong>de</strong></span> <span class='ocrx_word' id='word_1_130' title='bbox 2092 2116 2215 2165; x_wconf 87' lang='lat' dir='ltr'><strong>sua</strong></span> <span class='ocrx_word' id='word_1_131' title='bbox 2250 2103 2439 2182; x_wconf 87' lang='lat' dir='ltr'><strong>parte</strong></span> <span class='ocrx_word' id='word_1_132' title='bbox 2489 2097 3024 2183; x_wconf 87' lang='lat' dir='ltr'><strong>prouenientibus</strong></span> 
     </span>
     <span class='ocr_line' id='line_1_18' title="bbox 770 2204 3023 2292; baseline 0 -20"><span class='ocrx_word' id='word_1_133' title='bbox 770 2208 947 2276; x_wconf 86' lang='lat' dir='ltr'><strong>intra</strong></span> <span class='ocrx_word' id='word_1_134' title='bbox 976 2212 1231 2274; x_wconf 81' lang='lat' dir='ltr'><strong>veteres</strong></span> <span class='ocrx_word' id='word_1_135' title='bbox 1262 2213 1469 2271; x_wconf 86' lang='lat' dir='ltr'><strong>metas</strong></span> <span class='ocrx_word' id='word_1_136' title='bbox 1503 2211 1570 2271; x_wconf 88' lang='lat' dir='ltr'><strong>et</strong></span> <span class='ocrx_word' id='word_1_137' title='bbox 1601 2206 1943 2292; x_wconf 87' lang='lat' dir='ltr'><strong>antiquas;</strong></span> <span class='ocrx_word' id='word_1_138' title='bbox 1986 2207 2136 2273; x_wconf 86' lang='lat' dir='ltr'><strong>item</strong></span> <span class='ocrx_word' id='word_1_139' title='bbox 2167 2205 2540 2291; x_wconf 79' lang='lat' dir='ltr'><strong>Pwklwssy</strong></span> <span class='ocrx_word' id='word_1_140' title='bbox 2579 2204 2875 2274; x_wconf 87' lang='lat' dir='ltr'><strong>similiter</strong></span> <span class='ocrx_word' id='word_1_141' title='bbox 2905 2226 3023 2292; x_wconf 92' lang='lat' dir='ltr'><strong>per</strong></span> 
     </span>
     <span class='ocr_line' id='line_1_19' title="bbox 774 2310 3022 2399; baseline -0.001 -18"><span class='ocrx_word' id='word_1_142' title='bbox 774 2313 1076 2398; x_wconf 89' lang='lat' dir='ltr'><strong>antiquas</strong></span> <span class='ocrx_word' id='word_1_143' title='bbox 1128 2319 1339 2381; x_wconf 88' lang='lat' dir='ltr'><strong>metas</strong></span> <span class='ocrx_word' id='word_1_144' title='bbox 1391 2312 1781 2382; x_wconf 90' lang='lat' dir='ltr'><strong>circueundo</strong></span> <span class='ocrx_word' id='word_1_145' title='bbox 1806 2340 1821 2398; x_wconf 82' lang='lat'><em>3</em></span> <span class='ocrx_word' id='word_1_146' title='bbox 1871 2314 2031 2380; x_wconf 86' lang='lat' dir='ltr'><strong>item</strong></span> <span class='ocrx_word' id='word_1_147' title='bbox 2075 2310 2346 2381; x_wconf 85' lang='lat' dir='ltr'><strong>Nadasd</strong></span> <span class='ocrx_word' id='word_1_148' title='bbox 2399 2313 2700 2381; x_wconf 90' lang='lat' dir='ltr'><strong>similiter</strong></span> <span class='ocrx_word' id='word_1_149' title='bbox 2747 2312 3022 2399; x_wconf 89' lang='lat' dir='ltr'><strong>girando</strong></span> 
     </span>
     <span class='ocr_line' id='line_1_20' title="bbox 772 2421 3025 2511; baseline -0 -21"><span class='ocrx_word' id='word_1_150' title='bbox 772 2442 892 2511; x_wconf 88' lang='lat' dir='ltr'><strong>per</strong></span> <span class='ocrx_word' id='word_1_151' title='bbox 920 2430 1176 2490; x_wconf 88' lang='lat' dir='ltr'><strong>veteres</strong></span> <span class='ocrx_word' id='word_1_152' title='bbox 1210 2430 1454 2506; x_wconf 83' lang='lat' dir='ltr'><strong>metas;</strong></span> <span class='ocrx_word' id='word_1_153' title='bbox 1489 2421 1645 2491; x_wconf 89' lang='lat' dir='ltr'><strong>item</strong></span> <span class='ocrx_word' id='word_1_154' title='bbox 1670 2423 2076 2491; x_wconf 86' lang='lat' dir='ltr'><strong>Kalanteluk</strong></span> <span class='ocrx_word' id='word_1_155' title='bbox 2108 2424 2295 2491; x_wconf 82' lang='lat' dir='ltr'><strong>iuxta</strong></span> <span class='ocrx_word' id='word_1_156' title='bbox 2325 2423 2638 2492; x_wconf 86' lang='lat' dir='ltr'><strong>Sanctum</strong></span> <span class='ocrx_word' id='word_1_157' title='bbox 2669 2422 3025 2509; x_wconf 79' lang='lat' dir='ltr'><strong>Georgium</strong></span> 
     </span>
     <span class='ocr_line' id='line_1_21' title="bbox 775 2528 3025 2618; baseline -0.001 -18"><span class='ocrx_word' id='word_1_158' title='bbox 775 2552 921 2601; x_wconf 91' lang='lat' dir='ltr'><strong>cum</strong></span> <span class='ocrx_word' id='word_1_159' title='bbox 952 2530 1205 2599; x_wconf 87' lang='lat' dir='ltr'><strong>duabus</strong></span> <span class='ocrx_word' id='word_1_160' title='bbox 1235 2531 1396 2600; x_wconf 85' lang='lat' dir='ltr'><strong>rotis</strong></span> <span class='ocrx_word' id='word_1_161' title='bbox 1428 2528 1805 2617; x_wconf 84' lang='lat' dir='ltr'><strong>molendini,</strong></span> <span class='ocrx_word' id='word_1_162' title='bbox 1858 2551 2052 2616; x_wconf 85' lang='lat' dir='ltr'><strong>quam</strong></span> <span class='ocrx_word' id='word_1_163' title='bbox 2085 2532 2212 2600; x_wconf 92' lang='lat' dir='ltr'><strong>sibi</strong></span> <span class='ocrx_word' id='word_1_164' title='bbox 2242 2531 2640 2602; x_wconf 80' lang='lat' dir='ltr'><strong>venerabilis</strong></span> <span class='ocrx_word' id='word_1_165' title='bbox 2679 2537 2868 2618; x_wconf 83' lang='lat' dir='ltr'><strong>pater</strong></span> <span class='ocrx_word' id='word_1_166' title='bbox 2899 2532 3025 2598; x_wconf 88' lang='lat' dir='ltr'><strong>Ka·</strong></span> 
     </span>
     <span class='ocr_line' id='line_1_22' title="bbox 772 2638 3025 2728; baseline -0 -21"><span class='ocrx_word' id='word_1_167' title='bbox 772 2643 965 2709; x_wconf 89' lang='lat' dir='ltr'><strong>lanus</strong></span> <span class='ocrx_word' id='word_1_168' title='bbox 995 2640 1360 2728; x_wconf 85' lang='lat' dir='ltr'><strong>Episcopus</strong></span> <span class='ocrx_word' id='word_1_169' title='bbox 1394 2638 2114 2723; x_wconf 76' lang='lat' dir='ltr'><strong>Quinqueeoolosiensi·</strong></span> <span class='ocrx_word' id='word_1_170' title='bbox 2145 2640 2421 2708; x_wconf 86' lang='lat' dir='ltr'><strong>tradidit</strong></span> <span class='ocrx_word' id='word_1_171' title='bbox 2451 2661 2598 2710; x_wconf 91' lang='lat' dir='ltr'><strong>cum</strong></span> <span class='ocrx_word' id='word_1_172' title='bbox 2631 2660 2852 2710; x_wconf 89' lang='lat' dir='ltr'><strong>sorore</strong></span> <span class='ocrx_word' id='word_1_173' title='bbox 2882 2659 3025 2724; x_wconf 88' lang='lat' dir='ltr'><strong>sua,</strong></span> 
     </span>
     <span class='ocr_line' id='line_1_23' title="bbox 775 2748 3028 2837; baseline -0.002 -19"><span class='ocrx_word' id='word_1_174' title='bbox 775 2748 1071 2819; x_wconf 89' lang='lat' dir='ltr'><strong>similiter</strong></span> <span class='ocrx_word' id='word_1_175' title='bbox 1119 2769 1237 2837; x_wconf 88' lang='lat' dir='ltr'><strong>per</strong></span> <span class='ocrx_word' id='word_1_176' title='bbox 1270 2748 1573 2833; x_wconf 85' lang='lat' dir='ltr'><strong>antiquas</strong></span> <span class='ocrx_word' id='word_1_177' title='bbox 1606 2755 1816 2817; x_wconf 89' lang='lat' dir='ltr'><strong>metas</strong></span> <span class='ocrx_word' id='word_1_178' title='bbox 1866 2748 2360 2835; x_wconf 88' lang='lat' dir='ltr'><strong>reambulando,</strong></span> <span class='ocrx_word' id='word_1_179' title='bbox 2416 2749 2646 2837; x_wconf 83' lang='lat' dir='ltr'><strong>syluis,</strong></span> <span class='ocrx_word' id='word_1_180' title='bbox 2696 2749 2930 2817; x_wconf 85' lang='lat' dir='ltr'><strong>fenetis</strong></span> <span class='ocrx_word' id='word_1_181' title='bbox 2962 2756 3028 2815; x_wconf 90' lang='lat' dir='ltr'><strong>et</strong></span> 
     </span>
     <span class='ocr_line' id='line_1_24' title="bbox 778 2856 3027 2944; baseline -0.001 -19"><span class='ocrx_word' id='word_1_182' title='bbox 778 2858 931 2944; x_wconf 84' lang='lat' dir='ltr'><strong>alijs</strong></span> <span class='ocrx_word' id='word_1_183' title='bbox 950 2856 1340 2925; x_wconf 78' lang='lat' dir='ltr'><strong>vtilitatibus</strong></span> <span class='ocrx_word' id='word_1_184' title='bbox 1360 2875 1441 2924; x_wconf 89' lang='lat' dir='ltr'><strong>ac</strong></span> <span class='ocrx_word' id='word_1_185' title='bbox 1471 2856 1892 2944; x_wconf 75' lang='lat' dir='ltr'><strong>pertinenciJs</strong></span> <span class='ocrx_word' id='word_1_186' title='bbox 1916 2883 1932 2943; x_wconf 66' lang='grc' dir='ltr'><strong><em>ς</em></strong></span> <span class='ocrx_word' id='word_1_187' title='bbox 1967 2859 2124 2924; x_wconf 88' lang='lat' dir='ltr'><strong>item</strong></span> <span class='ocrx_word' id='word_1_188' title='bbox 2143 2856 2520 2943; x_wconf 82' lang='lat' dir='ltr'><strong>Kyshwdus</strong></span> <span class='ocrx_word' id='word_1_189' title='bbox 2549 2860 2735 2927; x_wconf 84' lang='lat' dir='ltr'><strong>iuxta</strong></span> <span class='ocrx_word' id='word_1_190' title='bbox 2752 2857 3027 2924; x_wconf 78' lang='lat' dir='ltr'><strong>Bwrzua</strong></span> 
     </span>
     <span class='ocr_line' id='line_1_25' title="bbox 776 2964 3028 3054; baseline -0.002 -20"><span class='ocrx_word' id='word_1_191' title='bbox 776 2966 1074 3035; x_wconf 88' lang='lat' dir='ltr'><strong>similiter</strong></span> <span class='ocrx_word' id='word_1_192' title='bbox 1106 2984 1253 3032; x_wconf 91' lang='lat' dir='ltr'><strong>cum</strong></span> <span class='ocrx_word' id='word_1_193' title='bbox 1273 2964 1571 3034; x_wconf 90' lang='lat' dir='ltr'><strong>omnibus</strong></span> <span class='ocrx_word' id='word_1_194' title='bbox 1590 2965 1985 3034; x_wconf 78' lang='lat' dir='ltr'><strong>vtilitatibus</strong></span> <span class='ocrx_word' id='word_1_195' title='bbox 2018 2973 2082 3034; x_wconf 91' lang='lat' dir='ltr'><strong>et</strong></span> <span class='ocrx_word' id='word_1_196' title='bbox 2099 2966 2524 3054; x_wconf 75' lang='lat' dir='ltr'><strong>pertineneiJs</strong></span> <span class='ocrx_word' id='word_1_197' title='bbox 2555 2967 2714 3052; x_wconf 88' lang='lat' dir='ltr'><strong>suis,</strong></span> <span class='ocrx_word' id='word_1_198' title='bbox 2747 2972 2814 3033; x_wconf 91' lang='lat' dir='ltr'><strong>et</strong></span> <span class='ocrx_word' id='word_1_199' title='bbox 2835 2964 3028 3052; x_wconf 81' lang='lat' dir='ltr'><strong>sylua</strong></span> 
     </span>
     <span class='ocr_line' id='line_1_26' title="bbox 776 3072 3028 3161; baseline -0.002 -18"><span class='ocrx_word' id='word_1_200' title='bbox 776 3073 1060 3160; x_wconf 87' lang='lat' dir='ltr'><strong>quadam</strong></span> <span class='ocrx_word' id='word_1_201' title='bbox 1109 3072 1515 3161; x_wconf 89' lang='lat' dir='ltr'><strong>paruuncula</strong></span> <span class='ocrx_word' id='word_1_202' title='bbox 1564 3093 1679 3159; x_wconf 90' lang='lat' dir='ltr'><strong>per</strong></span> <span class='ocrx_word' id='word_1_203' title='bbox 1712 3074 2019 3159; x_wconf 84' lang='lat' dir='ltr'><strong>antiquas</strong></span> <span class='ocrx_word' id='word_1_204' title='bbox 2069 3080 2277 3142; x_wconf 88' lang='lat' dir='ltr'><strong>metas</strong></span> <span class='ocrx_word' id='word_1_205' title='bbox 2315 3073 2822 3160; x_wconf 80' lang='lat' dir='ltr'><strong>reambuland03</strong></span> <span class='ocrx_word' id='word_1_206' title='bbox 2873 3074 3028 3141; x_wconf 88' lang='lat' dir='ltr'><strong>item</strong></span> 
     </span>
     <span class='ocr_line' id='line_1_27' title="bbox 776 3181 3030 3271; baseline -0 -20"><span class='ocrx_word' id='word_1_207' title='bbox 776 3181 1195 3251; x_wconf 85' lang='lat' dir='ltr'><strong>medietatem</strong></span> <span class='ocrx_word' id='word_1_208' title='bbox 1226 3181 1383 3249; x_wconf 84' lang='lat' dir='ltr'><strong>ville</strong></span> <span class='ocrx_word' id='word_1_209' title='bbox 1401 3182 1685 3251; x_wconf 82' lang='lat' dir='ltr'><strong>Ohawas</strong></span> <span class='ocrx_word' id='word_1_210' title='bbox 1706 3203 1747 3248; x_wconf 89' lang='lat' dir='ltr'><strong>a</strong></span> <span class='ocrx_word' id='word_1_211' title='bbox 1770 3190 1957 3271; x_wconf 89' lang='lat' dir='ltr'><strong>parte</strong></span> <span class='ocrx_word' id='word_1_212' title='bbox 1976 3184 2257 3251; x_wconf 85' lang='lat' dir='ltr'><strong>Themes</strong></span> <span class='ocrx_word' id='word_1_213' title='bbox 2290 3185 2681 3253; x_wconf 84' lang='lat' dir='ltr'><strong>existentem</strong></span> <span class='ocrx_word' id='word_1_214' title='bbox 2701 3204 2847 3251; x_wconf 92' lang='lat' dir='ltr'><strong>cum</strong></span> <span class='ocrx_word' id='word_1_215' title='bbox 2878 3183 3030 3250; x_wconf 88' lang='lat' dir='ltr'><strong>dua·</strong></span> 
     </span>
     <span class='ocr_line' id='line_1_28' title="bbox 779 3289 3027 3380; baseline -0 -22"><span class='ocrx_word' id='word_1_216' title='bbox 779 3292 899 3359; x_wconf 90' lang='lat' dir='ltr'><strong>bus</strong></span> <span class='ocrx_word' id='word_1_217' title='bbox 931 3290 1089 3359; x_wconf 87' lang='lat' dir='ltr'><strong>rotis</strong></span> <span class='ocrx_word' id='word_1_218' title='bbox 1118 3289 1475 3358; x_wconf 87' lang='lat' dir='ltr'><strong>molendini</strong></span> <span class='ocrx_word' id='word_1_219' title='bbox 1499 3296 1564 3358; x_wconf 90' lang='lat' dir='ltr'><strong>et</strong></span> <span class='ocrx_word' id='word_1_220' title='bbox 1602 3291 1754 3376; x_wconf 89' lang='lat' dir='ltr'><strong>alijs</strong></span> <span class='ocrx_word' id='word_1_221' title='bbox 1795 3290 2093 3360; x_wconf 88' lang='lat' dir='ltr'><strong>omnibus</strong></span> <span class='ocrx_word' id='word_1_222' title='bbox 2125 3291 2515 3360; x_wconf 75' lang='lat' dir='ltr'><strong>Vtilitatibus</strong></span> <span class='ocrx_word' id='word_1_223' title='bbox 2552 3290 3027 3380; x_wconf 85' lang='lat' dir='ltr'><strong>pertinentibus</strong></span> 
     </span>
     <span class='ocr_line' id='line_1_29' title="bbox 781 3395 3032 3486; baseline 0 -21"><span class='ocrx_word' id='word_1_224' title='bbox 781 3395 870 3465; x_wconf 91' lang='lat' dir='ltr'><strong>ad</strong></span> <span class='ocrx_word' id='word_1_225' title='bbox 909 3396 1323 3465; x_wconf 87' lang='lat' dir='ltr'><strong>medietatem</strong></span> <span class='ocrx_word' id='word_1_226' title='bbox 1354 3395 1511 3463; x_wconf 84' lang='lat' dir='ltr'><strong>ville</strong></span> <span class='ocrx_word' id='word_1_227' title='bbox 1545 3397 1866 3483; x_wconf 84' lang='lat' dir='ltr'><strong>Chawas;</strong></span> <span class='ocrx_word' id='word_1_228' title='bbox 1908 3399 2066 3466; x_wconf 90' lang='lat' dir='ltr'><strong>item</strong></span> <span class='ocrx_word' id='word_1_229' title='bbox 2093 3398 2347 3466; x_wconf 78' lang='lat' dir='ltr'><strong>willam</strong></span> <span class='ocrx_word' id='word_1_230' title='bbox 2365 3399 2594 3486; x_wconf 86' lang='lat' dir='ltr'><strong>Halaz,</strong></span> <span class='ocrx_word' id='word_1_231' title='bbox 2627 3418 2755 3485; x_wconf 89' lang='lat' dir='ltr'><strong>que</strong></span> <span class='ocrx_word' id='word_1_232' title='bbox 2785 3406 2888 3467; x_wconf 90' lang='lat' dir='ltr'><strong>est</strong></span> <span class='ocrx_word' id='word_1_233' title='bbox 2917 3399 3032 3481; x_wconf 90' lang='lat' dir='ltr'><strong>ibi,</strong></span> 
     </span>
     <span class='ocr_line' id='line_1_30' title="bbox 778 3502 3030 3591; baseline 0.001 -21"><span class='ocrx_word' id='word_1_234' title='bbox 778 3505 891 3573; x_wconf 84' lang='lat' dir='ltr'><strong>vbi</strong></span> <span class='ocrx_word' id='word_1_235' title='bbox 923 3523 1098 3589; x_wconf 87' lang='lat' dir='ltr'><strong>aqua</strong></span> <span class='ocrx_word' id='word_1_236' title='bbox 1125 3503 1489 3587; x_wconf 86' lang='lat' dir='ltr'><strong>Harangud</strong></span> <span class='ocrx_word' id='word_1_237' title='bbox 1521 3502 1698 3571; x_wconf 88' lang='lat' dir='ltr'><strong>cadit</strong></span> <span class='ocrx_word' id='word_1_238' title='bbox 1713 3505 1782 3571; x_wconf 91' lang='lat' dir='ltr'><strong>in</strong></span> <span class='ocrx_word' id='word_1_239' title='bbox 1804 3505 2170 3574; x_wconf 84' lang='lat' dir='ltr'><strong>Morothwa</strong></span> <span class='ocrx_word' id='word_1_240' title='bbox 2187 3506 2562 3575; x_wconf 83' lang='lat' dir='ltr'><strong>venientem</strong></span> <span class='ocrx_word' id='word_1_241' title='bbox 2589 3507 2671 3573; x_wconf 91' lang='lat' dir='ltr'><strong>de</strong></span> <span class='ocrx_word' id='word_1_242' title='bbox 2691 3508 3030 3591; x_wconf 82' lang='lat' dir='ltr'><strong>Peturreu,</strong></span> 
     </span>
     <span class='ocr_line' id='line_1_31' title="bbox 779 3610 3033 3701; baseline 0.001 -20"><span class='ocrx_word' id='word_1_243' title='bbox 779 3634 927 3682; x_wconf 93' lang='lat' dir='ltr'><strong>cum</strong></span> <span class='ocrx_word' id='word_1_244' title='bbox 958 3613 1256 3681; x_wconf 87' lang='lat' dir='ltr'><strong>omnibus</strong></span> <span class='ocrx_word' id='word_1_245' title='bbox 1286 3610 1680 3680; x_wconf 79' lang='lat' dir='ltr'><strong>vtilitatibus</strong></span> <span class='ocrx_word' id='word_1_246' title='bbox 1712 3633 1793 3681; x_wconf 91' lang='lat' dir='ltr'><strong>ac</strong></span> <span class='ocrx_word' id='word_1_247' title='bbox 1821 3613 2245 3700; x_wconf 87' lang='lat' dir='ltr'><strong>pertinencijs</strong></span> <span class='ocrx_word' id='word_1_248' title='bbox 2276 3613 2675 3683; x_wconf 87' lang='lat' dir='ltr'><strong>ambulando</strong></span> <span class='ocrx_word' id='word_1_249' title='bbox 2708 3635 2825 3701; x_wconf 90' lang='lat' dir='ltr'><strong>per</strong></span> <span class='ocrx_word' id='word_1_250' title='bbox 2858 3614 3033 3684; x_wconf 88' lang='lat' dir='ltr'><strong>anti-</strong></span> 
     </span>
     <span class='ocr_line' id='line_1_32' title="bbox 779 3718 3035 3809; baseline -0 -19"><span class='ocrx_word' id='word_1_251' title='bbox 779 3741 943 3809; x_wconf 86' lang='lat' dir='ltr'><strong>quas</strong></span> <span class='ocrx_word' id='word_1_252' title='bbox 994 3726 1244 3806; x_wconf 89' lang='lat' dir='ltr'><strong>metas;</strong></span> <span class='ocrx_word' id='word_1_253' title='bbox 1290 3719 1447 3787; x_wconf 88' lang='lat' dir='ltr'><strong>item</strong></span> <span class='ocrx_word' id='word_1_254' title='bbox 1485 3718 1715 3787; x_wconf 86' lang='lat' dir='ltr'><strong>Narad</strong></span> <span class='ocrx_word' id='word_1_255' title='bbox 1759 3721 1829 3787; x_wconf 92' lang='lat' dir='ltr'><strong>in</strong></span> <span class='ocrx_word' id='word_1_256' title='bbox 1863 3719 2170 3808; x_wconf 79' lang='lat' dir='ltr'><strong>Syrimia,</strong></span> <span class='ocrx_word' id='word_1_257' title='bbox 2219 3722 2692 3791; x_wconf 90' lang='lat' dir='ltr'><strong>reambulando</strong></span> <span class='ocrx_word' id='word_1_258' title='bbox 2738 3721 3035 3791; x_wconf 86' lang='lat' dir='ltr'><strong>similiter</strong></span> 
     </span>
     <span class='ocr_line' id='line_1_33' title="bbox 778 3827 3035 3919; baseline 0 -21"><span class='ocrx_word' id='word_1_259' title='bbox 778 3850 897 3918; x_wconf 89' lang='lat' dir='ltr'><strong>per</strong></span> <span class='ocrx_word' id='word_1_260' title='bbox 924 3836 1181 3898; x_wconf 84' lang='lat' dir='ltr'><strong>veteres</strong></span> <span class='ocrx_word' id='word_1_261' title='bbox 1215 3835 1281 3896; x_wconf 90' lang='lat' dir='ltr'><strong>et</strong></span> <span class='ocrx_word' id='word_1_262' title='bbox 1311 3827 1615 3912; x_wconf 86' lang='lat' dir='ltr'><strong>antiquas</strong></span> <span class='ocrx_word' id='word_1_263' title='bbox 1648 3834 1893 3914; x_wconf 88' lang='lat' dir='ltr'><strong>metas;</strong></span> <span class='ocrx_word' id='word_1_264' title='bbox 1939 3828 2096 3898; x_wconf 88' lang='lat' dir='ltr'><strong>item</strong></span> <span class='ocrx_word' id='word_1_265' title='bbox 2129 3830 2196 3896; x_wconf 89' lang='lat' dir='ltr'><strong>in</strong></span> <span class='ocrx_word' id='word_1_266' title='bbox 2227 3831 2581 3919; x_wconf 85' lang='lat' dir='ltr'><strong>montibus,</strong></span> <span class='ocrx_word' id='word_1_267' title='bbox 2614 3831 2873 3916; x_wconf 84' lang='lat' dir='ltr'><strong>vinetis,</strong></span> <span class='ocrx_word' id='word_1_268' title='bbox 2905 3831 3035 3917; x_wconf 83' lang='lat' dir='ltr'><strong>syl-</strong></span> 
     </span>
     <span class='ocr_line' id='line_1_34' title="bbox 779 3935 3036 4025; baseline -0.002 -19"><span class='ocrx_word' id='word_1_269' title='bbox 779 3937 903 4025; x_wconf 88' lang='lat' dir='ltr'><strong>uis,</strong></span> <span class='ocrx_word' id='word_1_270' title='bbox 935 3937 1327 4019; x_wconf 86' lang='lat' dir='ltr'><strong>nemoribus,</strong></span> <span class='ocrx_word' id='word_1_271' title='bbox 1359 3936 1591 4023; x_wconf 90' lang='lat' dir='ltr'><strong>pratis,</strong></span> <span class='ocrx_word' id='word_1_272' title='bbox 1623 3935 1883 4023; x_wconf 85' lang='lat' dir='ltr'><strong>fenetis,</strong></span> <span class='ocrx_word' id='word_1_273' title='bbox 1932 3936 2124 4005; x_wconf 85' lang='lat' dir='ltr'><strong>terris</strong></span> <span class='ocrx_word' id='word_1_274' title='bbox 2158 3937 2540 4025; x_wconf 85' lang='lat' dir='ltr'><strong>arabilibus,</strong></span> <span class='ocrx_word' id='word_1_275' title='bbox 2587 3945 2652 4005; x_wconf 86' lang='lat' dir='ltr'><strong>et</strong></span> <span class='ocrx_word' id='word_1_276' title='bbox 2681 3938 2837 4025; x_wconf 88' lang='lat' dir='ltr'><strong>alijs</strong></span> <span class='ocrx_word' id='word_1_277' title='bbox 2867 3937 3036 4004; x_wconf 81' lang='lat' dir='ltr'><strong>vtili-</strong></span> 
     </span>
     <span class='ocr_line' id='line_1_35' title="bbox 775 4044 3033 4133; baseline -0.001 -20"><span class='ocrx_word' id='word_1_278' title='bbox 775 4044 1022 4114; x_wconf 86' lang='lat' dir='ltr'><strong>tatibus</strong></span> <span class='ocrx_word' id='word_1_279' title='bbox 1042 4045 1215 4113; x_wconf 84' lang='lat' dir='ltr'><strong>intra</strong></span> <span class='ocrx_word' id='word_1_280' title='bbox 1233 4050 1442 4114; x_wconf 88' lang='lat' dir='ltr'><strong>metas</strong></span> <span class='ocrx_word' id='word_1_281' title='bbox 1463 4044 1899 4114; x_wconf 82' lang='lat' dir='ltr'><strong>existentibus</strong></span> <span class='ocrx_word' id='word_1_282' title='bbox 1919 4045 2413 4133; x_wconf 83' lang='lat' dir='ltr'><strong>processissent,</strong></span> <span class='ocrx_word' id='word_1_283' title='bbox 2438 4046 2813 4114; x_wconf 84' lang='lat' dir='ltr'><strong>conuocatis</strong></span> <span class='ocrx_word' id='word_1_284' title='bbox 2833 4046 3033 4114; x_wconf 88' lang='lat' dir='ltr'><strong>omni-</strong></span> 
     </span>
     <span class='ocr_line' id='line_1_36' title="bbox 775 4152 3036 4242; baseline -0.001 -21"><span class='ocrx_word' id='word_1_285' title='bbox 775 4155 898 4223; x_wconf 89' lang='lat' dir='ltr'><strong>bus</strong></span> <span class='ocrx_word' id='word_1_286' title='bbox 946 4153 1411 4222; x_wconf 87' lang='lat' dir='ltr'><strong>commetaneis</strong></span> <span class='ocrx_word' id='word_1_287' title='bbox 1462 4160 1527 4220; x_wconf 84' lang='lat' dir='ltr'><strong>et</strong></span> <span class='ocrx_word' id='word_1_288' title='bbox 1558 4153 1795 4221; x_wconf 85' lang='lat' dir='ltr'><strong>vicinis</strong></span> <span class='ocrx_word' id='word_1_289' title='bbox 1845 4153 2173 4223; x_wconf 86' lang='lat' dir='ltr'><strong>nobilibus</strong></span> <span class='ocrx_word' id='word_1_290' title='bbox 2221 4155 2304 4224; x_wconf 88' lang='lat' dir='ltr'><strong>de</strong></span> <span class='ocrx_word' id='word_1_291' title='bbox 2353 4174 2595 4242; x_wconf 88' lang='lat' dir='ltr'><strong>genere</strong></span> <span class='ocrx_word' id='word_1_292' title='bbox 2648 4152 2925 4223; x_wconf 82' lang='lat' dir='ltr'><strong>Chanad</strong></span> <span class='ocrx_word' id='word_1_293' title='bbox 2970 4162 3036 4220; x_wconf 89' lang='lat' dir='ltr'><strong>et</strong></span> 
     </span>
     <span class='ocr_line' id='line_1_37' title="bbox 776 4262 3032 4352; baseline 0 -22"><span class='ocrx_word' id='word_1_294' title='bbox 776 4262 1225 4349; x_wconf 83' lang='lat' dir='ltr'><strong>presentibus3</strong></span> <span class='ocrx_word' id='word_1_295' title='bbox 1288 4262 1553 4331; x_wconf 88' lang='lat' dir='ltr'><strong>easdem</strong></span> <span class='ocrx_word' id='word_1_296' title='bbox 1585 4281 1811 4331; x_wconf 90' lang='lat' dir='ltr'><strong>omnes</strong></span> <span class='ocrx_word' id='word_1_297' title='bbox 1862 4264 2305 4350; x_wconf 85' lang='lat' dir='ltr'><strong>possessiones</strong></span> <span class='ocrx_word' id='word_1_298' title='bbox 2367 4263 2781 4352; x_wconf 83' lang='lat' dir='ltr'><strong>supradictas</strong></span> <span class='ocrx_word' id='word_1_299' title='bbox 2830 4262 3032 4331; x_wconf 86' lang='lat' dir='ltr'><strong>nullis</strong></span> 
     </span>
     <span class='ocr_line' id='line_1_38' title="bbox 776 4368 3032 4459; baseline 0 -20"><span class='ocrx_word' id='word_1_300' title='bbox 776 4369 1396 4457; x_wconf 84' lang='lat' dir='ltr'><strong>contradicentibus,</strong></span> <span class='ocrx_word' id='word_1_301' title='bbox 1444 4368 1565 4439; x_wconf 83' lang='lat' dir='ltr'><strong>sed</strong></span> <span class='ocrx_word' id='word_1_302' title='bbox 1594 4371 1854 4459; x_wconf 87' lang='lat' dir='ltr'><strong>penitus</strong></span> <span class='ocrx_word' id='word_1_303' title='bbox 1886 4372 2320 4441; x_wconf 86' lang='lat' dir='ltr'><strong>annuentibus</strong></span> <span class='ocrx_word' id='word_1_304' title='bbox 2352 4378 2419 4440; x_wconf 90' lang='lat' dir='ltr'><strong>et</strong></span> <span class='ocrx_word' id='word_1_305' title='bbox 2448 4371 3032 4458; x_wconf 88' lang='lat' dir='ltr'><strong>consencientibus,</strong></span> 
     </span>
     <span class='ocr_line' id='line_1_39' title="bbox 776 4478 3028 4566; baseline -0.001 -18"><span class='ocrx_word' id='word_1_306' title='bbox 776 4481 844 4548; x_wconf 89' lang='lat' dir='ltr'><strong>in</strong></span> <span class='ocrx_word' id='word_1_307' title='bbox 876 4478 1123 4548; x_wconf 89' lang='lat' dir='ltr'><strong>eisdem</strong></span> <span class='ocrx_word' id='word_1_308' title='bbox 1174 4480 1363 4548; x_wconf 91' lang='lat' dir='ltr'><strong>metis</strong></span> <span class='ocrx_word' id='word_1_309' title='bbox 1398 4479 1683 4563; x_wconf 90' lang='lat' dir='ltr'><strong>antiquis</strong></span> <span class='ocrx_word' id='word_1_310' title='bbox 1734 4487 1802 4547; x_wconf 87' lang='lat' dir='ltr'><strong>et</strong></span> <span class='ocrx_word' id='word_1_311' title='bbox 1830 4480 2217 4566; x_wconf 88' lang='lat' dir='ltr'><strong>quibusdam</strong></span> <span class='ocrx_word' id='word_1_312' title='bbox 2248 4479 2605 4565; x_wconf 87' lang='lat' dir='ltr'><strong>renouatis,</strong></span> <span class='ocrx_word' id='word_1_313' title='bbox 2658 4499 2738 4547; x_wconf 88' lang='lat' dir='ltr'><strong>ac</strong></span> <span class='ocrx_word' id='word_1_314' title='bbox 2787 4480 3028 4548; x_wconf 89' lang='lat' dir='ltr'><strong>alicubi</strong></span> 
     </span>
     <span class='ocr_line' id='line_1_40' title="bbox 775 4586 3028 4675; baseline 0 -21"><span class='ocrx_word' id='word_1_315' title='bbox 775 4587 1031 4674; x_wconf 84' lang='lat' dir='ltr'><strong>penitus</strong></span> <span class='ocrx_word' id='word_1_316' title='bbox 1062 4587 1252 4654; x_wconf 90' lang='lat' dir='ltr'><strong>nouis</strong></span> <span class='ocrx_word' id='word_1_317' title='bbox 1284 4587 1538 4671; x_wconf 85' lang='lat' dir='ltr'><strong>erectis,</strong></span> <span class='ocrx_word' id='word_1_318' title='bbox 1572 4587 1685 4653; x_wconf 82' lang='lat' dir='ltr'><strong>vbi</strong></span> <span class='ocrx_word' id='word_1_319' title='bbox 1714 4590 2072 4657; x_wconf 87' lang='lat' dir='ltr'><strong>necessitas</strong></span> <span class='ocrx_word' id='word_1_320' title='bbox 2102 4589 2527 4675; x_wconf 87' lang='lat' dir='ltr'><strong>exposcebat,</strong></span> <span class='ocrx_word' id='word_1_321' title='bbox 2563 4587 2773 4656; x_wconf 88' lang='lat' dir='ltr'><strong>eidem</strong></span> <span class='ocrx_word' id='word_1_322' title='bbox 2795 4586 3028 4656; x_wconf 86' lang='lat' dir='ltr'><strong>Comiti</strong></span> 
     </span>
     <span class='ocr_line' id='line_1_41' title="bbox 774 4693 3027 4797; baseline 0.001 -36"><span class='ocrx_word' id='word_1_323' title='bbox 774 4693 1139 4781; x_wconf 81' lang='lat' dir='ltr'><strong>Pangracio</strong></span> <span class='ocrx_word' id='word_1_324' title='bbox 1170 4696 1304 4763; x_wconf 87' lang='lat' dir='ltr'><strong>filio</strong></span> <span class='ocrx_word' id='word_1_325' title='bbox 1336 4697 1733 4764; x_wconf 90' lang='lat' dir='ltr'><strong>Kelemenus</strong></span> <span class='ocrx_word' id='word_1_326' title='bbox 1766 4696 1931 4763; x_wconf 88' lang='lat' dir='ltr'><strong>Bani</strong></span> <span class='ocrx_word' id='word_1_327' title='bbox 1964 4703 2029 4765; x_wconf 90' lang='lat' dir='ltr'><strong>et</strong></span> <span class='ocrx_word' id='word_1_328' title='bbox 2059 4699 2194 4765; x_wconf 89' lang='lat' dir='ltr'><strong>suis</strong></span> <span class='ocrx_word' id='word_1_329' title='bbox 2231 4698 2718 4797; x_wconf 85' lang='lat' dir='ltr'><strong>successoribus</strong></span> <span class='ocrx_word' id='word_1_330' title='bbox 2753 4698 3027 4785; x_wconf 84' lang='lat' dir='ltr'><strong>pacifice</strong></span> 
     </span>
    </p>
   </div>
   <div class='ocr_carea' id='block_1_4' title="bbox 3346 2 3353 1024">
    <p class='ocr_par' dir='ltr' id='par_1_4' title="bbox 3346 2 3353 1024">
     <span class='ocr_line' id='line_1_42' title="bbox 3346 2 3353 1024; baseline 0 0"><span class='ocrx_word' id='word_1_331' title='bbox 3346 2 3353 1024; x_wconf 95' lang='lat' dir='ltr'><strong> </strong></span> 
     </span>
    </p>
   </div>
  </div>
 </body>
</html>
