3359 5250
1411 329 1534 392 151

549 524 690 610 Ego
730 524 771 591 J
775 523 1069 592 ohannes
1102 520 1349 591 Casioti
1381 521 1813 591 Examinator
1843 542 2104 590 manum
2149 543 2362 591 meam
2394 526 2600 594 mitto.

554 631 640 696 Et
674 628 820 713 Ego
846 628 889 696 J
894 628 1175 696 ansinna
1212 627 1630 697 Primicerius
1663 634 1732 695 et
1759 630 2300 715 Traguriensium
2330 633 2373 701 J
2378 639 2602 701 uratus

666 736 975 804 Notarius
1000 735 1389 820 Jubentibus
1430 733 1746 804 fratribus
1780 734 2081 825 Girardo,
2132 738 2348 808 Paulo
2382 745 2449 806 et
2476 738 2602 805 An-

664 843 845 926 drea,
899 849 967 909 et
999 841 1339 911 voluntate
1383 842 1821 931 predictorum
1864 841 2170 912 Judicum
2208 853 2276 913 et
2309 843 2604 914 Commu·

666 949 896 1018 nitatis
916 950 1375 1035 Traguriensis
1401 952 1572 1019 hanc
1605 956 1860 1020 cartam
1880 950 2115 1038 scripsi
2148 957 2218 1019 et
2249 951 2439 1038 signo
2459 971 2604 1022 con·

667 1064 852 1127 sueto
894 1056 1175 1143 signavi.

341 1257 603 1320 (Carrara
648 1256 906 1314 Perenna,
949 1254 1211 1306 Archivio
1255 1254 1565 1321 capitolare
1608 1254 1665 1306 di
1691 1253 1934 1321 spalato,
1973 1255 2198 1323 Spalato
2244 1259 2400 1310 1844.
2445 1258 2529 1309 74.
2569 1257 2603 1309 1.

337 1349 545 1399 Lucius
573 1361 706 1397 ezen
731 1341 969 1411 okmany
995 1344 1144 1397 olasz
1191 1342 1478 1398 sorditasat
1502 1346 1666 1409 kozli,
1703 1346 1964 1398 Memorio
1991 1346 2223 1398 storiche
2261 1347 2318 1399 di
2342 1348 2491 1400 Trau
2516 1350 2603 1400 46.

340 1453 364 1486 s
391 1436 519 1487 kov.
547 1434 633 1494 n.;
670 1431 922 1498 melynek
971 1434 1038 1485 itt
1064 1430 1300 1501 hianyzo
1340 1433 1687 1487 bevezeteset
1710 1434 1747 1486 l.
1773 1431 2026 1500 Fejernel
2064 1434 2195 1487 eod.
2223 1435 2381 1501 Diple
2395 1434 2521 1487 vn.
2548 1436 2603 1487 k.

1311 1527 1362 1575 4.
1390 1543 1431 1576 r.
1460 1527 1547 1576 92.
1573 1525 1634 1591 l.)

1401 2280 1554 2349 102.

352 2460 468 2527 11⁷.
505 2460 675 2527 Bata
717 2460 933 2547 kiraly
963 2483 1007 2525 a
1041 2462 1299 2527 naseam·
1329 2460 1781 2527 domonkociak
1816 2464 2299 2529 monostordnak
2328 2485 2443 2551 aqy
2488 2465 2610 2529 tart

349 2567 866 2656 adomdnyozvdn
912 2568 1190 2654 hermale,
1245 2592 1279 2638 e
1311 2568 1539 2656 helyett
1575 2591 1620 2634 α
1649 2571 1910 2635 vaeudn'
1953 2568 2302 2657 kdptalant
2352 2570 2609 2657 Lapcaa

811 2678 973 2743 novit
989 2674 1251 2761 sblddel
1280 2675 1496 2762 elegia·
1524 2676 1614 2741 ki.
1674 2677 2148 2742 1243—1253.

568 2853 732 2920 Bela
760 2854 886 2922 Dei
919 2852 1146 2938 gracia
1174 2854 1318 2920 Rex
1349 2851 1638 2938 Vngarie
1674 2851 1858 2940 (etc.)
1896 2852 1983 2921 ad
2015 2852 2467 2922 vniuersorum
2498 2871 2610 2920 no-

351 2960 578 3026 ticiam
609 2960 840 3027 harum
891 2959 1064 3028 serie
1095 2958 1393 3027 volumus
1430 2961 1794 3045 peruenire,
1842 2959 2018 3045 quod
2055 2980 2202 3028 cum
2240 2982 2363 3030 nos
2413 2978 2610 3046 quan-

354 3066 504 3135 dam
556 3085 781 3134 aream
829 3066 1127 3134 Ecclesie
1176 3065 1259 3133 de
1292 3064 1522 3132 Castro
1553 3067 1794 3133 Ferreo
1827 3065 1896 3132 in
1945 3066 2258 3134 suburbio
2319 3065 2610 3134 eiusdem

357 3172 574 3243 Castri
604 3174 794 3243 iuxta
844 3174 1311 3241 monasterium
1361 3173 1636 3241 fratrum
1679 3172 2174 3241 Predicatorum
2225 3174 2610 3242 existentem

358 3278 439 3348 de
474 3282 652 3349 bona
700 3280 1039 3350 voluntate
1069 3280 1245 3348 Petri
1273 3279 1604 3368 Prepesiti
1656 3286 1722 3347 et
1751 3280 1961 3348 tocius
1994 3278 2283 3367 Capituli
2323 3279 2613 3349 eiusdem

359 3387 657 3457 Ecclesie
707 3388 795 3455 ad
827 3408 948 3456 nos
981 3394 1333 3475 receptam,
1382 3386 1694 3455 fratribus
1732 3386 2262 3457 Predicatoribus
2314 3407 2431 3476 pro
2475 3396 2614 3456 orto

359 3495 656 3587 parando
709 3496 1234 3582 contulissemus,
1282 3495 1351 3562 in
1385 3494 1838 3565 concambium
1868 3515 2023 3563 aree
2075 3497 2367 3582 predicte
2412 3513 2617 3581 quan-

361 3607 511 3675 dam
540 3612 784 3673 terram
818 3603 1035 3672 Castri
1054 3603 1280 3672 Ferrei
1311 3603 1576 3672 nomine
1602 3603 1845 3690 Lapsa,
1877 3601 2310 3670 sufficientem
2344 3621 2462 3687 pro
2493 3621 2616 3670 vsu

360 3713 630 3782 duorum
686 3718 1053 3781 aratrorum
1105 3731 1252 3778 cum
1303 3710 1604 3779 omnibus
1637 3708 2024 3779 vtilitatibus
2077 3714 2143 3776 et
2190 3708 2615 3795 pertinencijs

358 3822 529 3890 dicte
579 3818 878 3887 Ecclesie
929 3817 1012 3886 de
1061 3818 1300 3887 Ferreo
1354 3816 1586 3887 Castro
1643 3816 2039 3885 contulimus
2091 3817 2235 3884 iure
2296 3823 2611 3903 perpetuo

361 3925 850 4017 possidendam.
905 3924 1106 3993 Cuius
1137 3935 1308 3994 terre
1357 3932 1530 3993 mete
1561 3923 1687 3992 hoc
1725 3923 1953 3992 ordine
2004 3922 2448 4008 distinguntur
2485 3923 2614 3990 stb.

362 4127 599 4189 (Roland
624 4124 909 4178 nadomak
938 4126 1165 4176 1254-ki
1192 4121 1392 4176 atirata
1429 4120 1564 4175 utan
1590 4123 1738 4175 kozli
1761 4123 1922 4191 Nagy
1946 4126 2106 4186 Imre,
2145 4121 2319 4174 Hazai
2347 4115 2620 4184 Okmany-

1223 4212 1307 4267 tar
1343 4215 1439 4266 IV.
1466 4214 1578 4266 ket.
1608 4213 1698 4266 27.
1723 4213 1760 4264 1.
