3359 5250
1453 345 1589 413 549

395 543 566 628 quod
619 545 860 614 labitur
911 563 1029 634 per
1077 547 1402 612 Ducatum
1452 543 1732 611 Austrie.
1798 544 1882 611 Et
1934 542 2348 613 crediderunt
2393 546 2651 616 Tartari

392 654 670 720 transire
702 674 822 739 per
851 653 1180 740 quendam
1215 657 1476 739 pontem
1510 651 1604 719 ibi
1635 651 1899 719 factum.
1942 650 2074 719 Sed
2106 654 2257 722 Dux
2286 656 2553 724 Austrie
2583 663 2649 724 et

390 760 504 826 alii
537 760 735 828 vicini
784 768 1046 848 pontem
1079 766 1559 846 occupaverant
1590 766 1655 826 et
1694 760 2099 845 munierant;
2148 761 2320 829 unde
2350 762 2647 832 Tartaris

387 888 507 954 per
539 877 799 956 pontem
818 869 942 937 fuit
970 870 1283 936 transitus
1303 868 1690 954 denegatus.
1724 870 1934 938 Batho
1957 889 2114 937 vero
2143 869 2270 938 fuit
2298 871 2643 959 plurimum

385 978 704 1063 turbatus,
760 984 826 1045 et
857 976 1155 1064 precepit
1203 975 1387 1062 genti
1432 996 1570 1060 sue,
1624 976 1800 1061 quod
1851 977 2141 1044 natando
2195 998 2393 1066 super
2440 998 2643 1066 equos

386 1085 745 1154 transirent
775 1086 1034 1154 flumen.
1087 1086 1171 1153 Et
1200 1086 1342 1173 ipse
1390 1087 1566 1173 prior
1615 1085 1741 1152 fuit
1775 1085 2132 1172 ingressus,
2185 1106 2519 1175 exponens
2568 1109 2640 1157 se

383 1195 573 1262 morti
605 1232 695 1244 —
728 1232 815 1243 —
846 1232 934 1242 —
966 1194 1139 1261 Nam
1170 1199 1523 1277 antequam
1557 1200 1825 1280 possent
1858 1194 1943 1261 ad
1976 1195 2187 1283 ripam
2207 1195 2408 1263 aliam
2439 1196 2640 1264 flumi-

379 1305 484 1372 nis
518 1305 880 1393 pervenire‚
930 1304 1079 1390 equi
1110 1303 1372 1371 fuerunt
1403 1303 1561 1372 fessi
1591 1312 1861 1392 propter
1891 1304 2304 1373 latitudinem
2352 1305 2637 1374 fluminis

291 1404 298 1413 ’
378 1421 444 1480 et
477 1413 921 1482 fortitudinem
954 1433 1147 1500 aque,
1181 1421 1247 1480 et
1272 1411 1484 1479 Batbo
1517 1432 1662 1479 cum
1697 1432 1938 1498 magna
1970 1412 2336 1497 quantitate
2366 1433 2630 1481 suorum

382 1523 641 1589 fuerunt
672 1521 1017 1590 submersi.
1071 1521 1333 1589 Tartari
1365 1541 1522 1591 vero
1557 1521 1674 1606 illi,
1709 1522 1820 1606 qui
1851 1520 2136 1589 nondum
2179 1521 2460 1607 ingressi
2494 1521 2630 1591 fue-

377 1638 548 1717 runt,
604 1651 810 1717 aquas
842 1633 963 1701 bas
994 1622 1316 1717 videntes,
1366 1651 1606 1717 magno
1639 1632 1866 1701 dolore
1895 1631 2146 1699 confusi
2185 1631 2515 1700 redierunt
2545 1633 2633 1702 ad

374 1741 668 1826 Regnum
707 1741 909 1809 Rusie
940 1749 1005 1808 et
1038 1739 1371 1827 Comanis,
1409 1760 1533 1826 que
1576 1741 1721 1808 sine
1741 1740 2264 1810 contradiccione
2295 1742 2627 1808 tenebant.

374 1849 729 1934 Postquam
762 1868 917 1917 vero
947 1849 1163 1917 Batbo
1214 1848 1337 1916 fuit
1368 1848 1591 1917 taliter
1643 1849 2019 1935 suffocatus,
2071 1856 2142 1916 ut
2172 1848 2477 1937 superius
2529 1856 2631 1917 est

373 1975 774 2042 expressum,
825 1976 1154 2041 nunquam
1203 1956 1467 2024 Tartari
1518 1957 1697 2042 apud
1743 1957 2160 2025 Alamaniam
2211 1956 2626 2044 rediuerunt;

377 2064 647 2133 heredes
681 2086 833 2134 vero
864 2066 1077 2135 Batho
1108 2065 1475 2133 successive
1508 2073 1739 2151 terras,
1793 2086 1958 2150 quas
1991 2065 2409 2153 acquisierat,
2457 2065 2624 2134 redi-

370 2179 578 2259 erunt,
625 2173 930 2241 videlicet
973 2175 1267 2260 Regnum
1300 2171 1634 2258 Corasine‚
1686 2175 1980 2259 Regnum
2024 2171 2333 2241 Comanie
2380 2180 2448 2242 et
2494 2176 2622 2243 Re·

370 2304 570 2370 gnum
590 2284 810 2355 Rusie.
843 2287 929 2352 Et
956 2284 1087 2368 ille,
1122 2283 1233 2369 qui
1264 2304 1307 2349 n
1329 2303 1369 2349 u
1390 2304 1432 2348 n
1453 2303 1489 2349 c
1526 2291 1706 2351 tenet
1724 2280 2077 2352 dominium
2096 2283 2327 2370 Batbo‚
2352 2291 2624 2353 vocatur

364 2392 704 2478 Tochitay‚
735 2398 800 2459 et
831 2391 925 2459 fui
955 2390 1276 2460 secundus
1307 2391 1482 2460 filius
1514 2392 1784 2460 secundi
1816 2391 1933 2460 filii
1971 2392 2278 2461 Octocan.

362 2572 430 2639 (A
458 2572 638 2642 greczi
665 2581 916 2643 egyetem
945 2572 1367 2643 konyvtaranak
1395 2576 1563 2637 33134
1590 2575 1684 2627 fol.
1712 2592 1788 2626 sz.
1816 2591 1866 2628 a.
1894 2573 2125 2629 kezirati
2161 2571 2616 2643 papircodexebffl

1166 2664 1382 2717 kozblte
1407 2664 1593 2718 Dudik
1619 2663 1808 2732 Beda.)

1428 3134 1538 3215 ΙΙ.

352 3301 625 3380 Julian
665 3297 880 3373 XIII.
916 3298 1201 3376 szdzadi
1258 3325 1564 3400 mayyar
1623 3298 2349 3375 domonkosrcndinek
2395 3296 2608 3373 levek

961 3453 1010 3498 a
1045 3422 1415 3524 monqololc
1451 3421 2007 3523 hadjciratairol.

499 3584 675 3650 (Ezen
692 3583 945 3636 levelnek
965 3581 1059 3636 ket
1076 3583 1382 3636 hissonbozo
1403 3580 1652 3647 ledtiojat
1669 3582 1875 3648 br'rjuk,
1888 3583 2034 3650 moly
2045 3583 2459 3636 mindkettc'inek
2477 3584 2601 3636 koz·

350 3673 479 3736 lese,
504 3674 914 3728 tartalmuknak
940 3674 1166 3725 kritikai
1195 3672 1508 3740 megiteleso
1531 3671 1740 3740 regest,
1766 3668 1962 3725 latszik
1990 3672 2388 3740 indokoltnak.)

436 3855 525 3940 A)
595 3855 825 3923 Baro
883 3849 1975 3936 Hormayr-Hortenburg
2028 3851 2503 3919 Jozsefki-

1125 3960 1404 4028 adasa
1448 3960 1817 4027 szerint.

555 4122 934 4190 Venerabili
973 4123 1040 4189 in
1073 4123 1329 4190 Christo
1370 4123 1562 4208 patri,
1615 4124 1740 4189 Dei
1771 4124 1999 4209 gracia
2037 4124 2364 4211 Episcopo
2396 4124 2594 4190 Peru-

337 4233 492 4316 tino,
510 4230 886 4318 Apostolice
918 4231 1111 4299 Sedis
1133 4233 1405 4318 Legato‚
1440 4232 1642 4299 frater
1661 4232 1967 4299 Julianus
1998 4232 2302 4299 Fratrum
2327 4230 2595 4302 Ordinis

335 4339 826 4406 Predicatorum
880 4339 945 4405 in
977 4342 1276 4425 Ungaria
1327 4360 1573 4425 servuS,
1628 4340 2064 4408 reverentiam
2114 4345 2250 4406 tam
2303 4339 2594 4409 debitam

336 4467 534 4532 quam
566 4447 893 4515 devotam.
947 4450 1109 4516 Cum
1143 4449 1496 4517 secundum
1550 4450 1709 4518 mibi
1748 4452 2105 4519 iniunctam
2153 4449 2591 4520 obedientiam

333 4556 429 4623 ire
480 4555 785 4622 deberem
837 4556 925 4624 ad
957 4558 1266 4644 Magnam
1298 4558 1661 4644 Ungariam
1711 4579 1857 4627 cum
1906 4559 2218 4628 fratribus
2270 4558 2428 4626 mibi
2477 4559 2590 4627 ad-

333 4664 592 4752 iunctis,
622 4662 986 4733 iniunctum
1018 4666 1208 4736 nobis
1242 4667 1366 4734 iter
1398 4669 1709 4758 perficere
1739 4667 2096 4755 cupienteS,
2124 4666 2295 4756 {cum
2325 4665 2415 4734 ad
2443 4666 2589 4733 ulti-
