3359 5250
1825 300 1958 369 458

1828 822 1980 891 324.

770 1001 893 1069 IV.
927 1006 1098 1071 Bc‘la
1129 1006 1342 1093 kircily
1373 1031 1413 1071 a
1445 1006 1568 1071 Ράῑ
1596 1029 1793 1072 comes
1825 1006 2170 1093 Eachynak
2185 1007 2285 1089 fia
2314 1012 2375 1071 e'e
2408 1009 2543 1074 tiibb
2568 1007 2837 1075 Chana'd
2866 1032 3031 1073 nem·

1174 1098 1493 1183 zetse'ybeli
1522 1096 1689 1160 1εόεεί
1716 1098 2048 1183 halcirpert
2079 1097 2340 1163 elinte'zi.
2406 1098 2606 1180 1257,

984 1298 1125 1362 Nos
1157 1297 1324 1363 Bela
1353 1295 1479 1362 Dei
1510 1295 1736 1380 gracia
1768 1296 1909 1363 Rex
1941 1297 2281 1382 Hungarie
2301 1297 2533 1367 damus
2552 1320 2673 1386 pro
2692 1300 3031 1384 memoria,

770 1405 943 1490 quod
976 1406 1044 1472 in
1077 1426 1301 1490 causa,
1339 1425 1536 1490 quam
1570 1403 1924 1472 Ladizlaus
1959 1414 2023 1474 et
2055 1405 2345 1475 Thomas
2396 1408 2514 1496 filij
2549 1409 2895 1495 Pangracij
2951 1408 3034 1475 dc

772 1535 1011 1597 genere
1044 1514 1313 1581 Chanad
1349 1534 1548 1599 super
1580 1514 1769 1581 metis
1804 1521 1870 1581 ct
1893 1515 2213 1583 limitibus
2234 1536 2313 1582 ac
2334 1516 2871 1584 distinccionibus
2902 1523 3029 1584 ter-

772 1645 989 1691 rarum
1022 1645 1138 1692 scu
1171 1624 1659 1711 possessionem
1694 1610 2035 1710 Berchem,
2089 1623 2442 1712 SunkuluS,
2494 1625 2789 1711 Thelegd
2824 1633 2887 1693 et
2920 1627 3035 1693 Zo-

770 1732 964 1800 bolch
996 1743 1395 1818 vocatarum,
1431 1739 1494 1800 et
1526 1753 1723 1819 super
1753 1733 1997 1800 tributo
2032 1732 2114 1801 de
2132 1733 2451 1802 Berchem
2472 1741 2699 1802 contra
2719 1733 3033 1801 Comitem

769 1841 1047 1908 Paulum
1095 1840 1303 1909 'filium
1357 1842 1589 1930 Eachy
1639 1844 1989 1911 movebant
2039 1863 2258 1911 coram
2309 1844 2538 1929 nobis,
2590 1842 3037 1911 mediantibus

772 1949 1141 2018 Batonibus
1161 1951 1425 2036 nostris,
1458 1951 1768 2020 videlicet
1788 1954 2110 2021 Mauricio
2131 1954 2453 2039 Magistro
2473 1952 3034 2021 Thanarnicorum

775 2068 1166 2147 nostrorum,
1200 2060 1506 2129 Rorando
1528 2061 1853 2147 Palatino,
1874 2062 2207 2150 Stephano
2226 2063 2413 2131 Bano
2434 2063 2641 2132 tocius
2661 2061 3035 2145 Sclauonie‚

693 2158 697 2162 Α
771 2169 1002 2235 taliter
1049 2167 1627 2241 concordauimusfz
1692 2167 1885 2248 Quod
1937 2169 2275 2255 predictus
2331 2171 2561 2238 Comes
2611 2171 2859 2239 Paulus
2889 2190 3036 2236 cum

773 2277 1027 2344 duobus
1048 2277 1205 2364 filijs
1227 2277 1385 2364 suis,
1410 2278 1658 2345 scilicet
1675 2278 1957 2346 Nicolao
1980 2284 2043 2345 et
2067 2279 2421 2365 StephanO,
2443 2279 2511 2346 in
2533 2278 2788 2347 octauis
2810 2278 3037 2346 Sancti

773 2383 1036 2470 Georgij
1073 2385 1360 2454 martiris
1383 2407 1606 2479 coram
1629 2386 1935 2473 Capitulo
1956 2385 2381 2455 Waradiensi
2403 2407 2598 2474 super
2616 2386 3032 2474 sepulchrum

774 2494 1000 2561 Sancti
1033 2494 1335 2562 Ladizlai
1365 2495 1597 2581 Regis,'
1624 2496 1820 2562 tactis
1870 2494 2292 2564 nihilominus
2330 2496 2779 2563 Sacrosanctis
2820 2496 3035 2561 Euan-

776 2603 994 2691 gelijs,
1031 2603 1352 2690 prestabit
1384 2612 1863 2673 sacramentum
1899 2625 2098 2689 super
2150 2627 2264 2691 eo,
2323 2604 2495 2691 quod
2543 2605 3035 2691 prenominatas
3106 2657 3113 2661 .

774 2718 986 2779 terras
1016 2732 1130 2779 seu
1164 2713 1620 2797 possessiones
1655 2712 2131 2780 antedictorum
2166 2713 2465 2780 Ladizlai
2501 2720 2563 2780 et
2595 2711 2845 2779 'rhome
2876 2712 3035 2780 filio-

773 2840 912 2886 rum
947 2820 1316 2907 Pangracij,
1367 2821 1536 2887 sicut
1585 2827 1759 2887 certo
1792 2820 2039 2888 cercius
2091 2821 2392 2906 sciuerit‚
2441 2821 2549 2888 vel
2581 2819 2748 2888 scire
2779 2821 3032 2906 poterit,

775 2929 973 2999 certis
1006 2930 1195 2999 metis
1230 2938 1295 2998 et
1328 2931 1646 2999 limitibus
1700 2949 1779 2997 ac
1812 2931 2020 3016 signis
2071 2932 2241 3000 iuste
2291 2937 2356 2999 et
2404 2938 2579 2999 recte
2626 2929 2967 2997 distinctas
2997 2949 3036 2993 a

775 3038 968 3110 terris
1020 3048 1085 3108 et
1133 3041 1661 3127 possessionibus
1712 3040 1849 3107 suis
1915 3061 2134 3108 coram
2189 3039 2443 3108 Comite
2491 3040 2711 3107 Belws
2776 3038 3037 3104 homine

776 3155 1020 3237 nostr0,
1056 3156 1120 3218 et
1153 3170 1369 3217 coram
1402 3149 1638 3217 idoneo
1687 3148 2063 3217 testimonio
2093 3147 2365 3235 predicti
2400 3147 2709 3234 Capituli,
2754 3145 3038 3214 secundo

777 3258 885 3325 die
903 3258 1266 3346 Juramenti
1301 3258 1388 3326 ad
1416 3255 1651 3325 faciem
1684 3256 2127 3343 predictarum
2163 3255 2534 3324 accedendo
2565 3256 2890 3341 restituet,
2944 3277 3033 3322 re-

777 3369 989 3436 mittet
1021 3388 1100 3434 ac
1133 3368 1500 3453 resignabit
1517 3366 1796 3453 prefatis
1828 3367 1983 3452 filijs
2003 3365 2377 3452 Pangracij,
2412 3366 2582 3433 sicut
2610 3371 2800 3453 pater
2820 3385 3037 3432 eorum

777 3476 1162 3564 possederat
1194 3479 1279 3545 ab
1310 3477 1617 3563 antiquo;
1668 3496 1824 3563 pars
1858 3482 2072 3543 autem
2128 3473 2210 3542 de
2242 3474 2368 3542 hac
2417 3474 2835 3541 ordinacione
2883 3473 3036 3541 resi-

778 3588 947 3657 liens
1001 3592 1258 3655 centum
1309 3608 1568 3655 marcas
1619 3584 1876 3671 argenti
1925 3584 2100 3672 parti
2150 3585 2429 3654 aduerse
2495 3581 3038 3670 composicionem

777 3696 1144 3782 predictam
1176 3695 1486 3765 toleranti
1518 3696 1776 3764 soluere
1807 3701 2142 3781 teneatur,
2191 3695 2363 3762 sicut
2423 3714 2497 3761 se
2526 3698 2750 3782 partes
2801 3690 2890 3759 ad
2919 3690 3041 3756 hoc

778 3807 1174 3890 obligarunt.
1262 3806 1421 3873 Post
1453 3803 1575 3871 hoc
1607 3810 1827 3871 autem
1862 3824 2090 3873 cursus
2120 3809 2439 3871 metarum
2474 3808 2539 3870 et
2569 3800 3037 3868 distincciones

779 3937 858 3984 ac
892 3916 1133 3985 limites
1165 3922 1485 3983 terrarum
1516 3911 1958 4001 predictarum
1979 3912 2047 3979 in
2071 3911 2374 3997 Capitulo
2407 3910 2857 3995 registrentur.
2911 3909 3037 3976 Da·

779 4035 916 4093 tum
949 4024 1016 4091 in
1054 4022 1308 4093 Oronos
1341 4022 1412 4090 in
1445 4022 1698 4090 octauis
1727 4021 1928 4106 medij
1965 4018 2487 4105 quadragesime.

784 4225 855 4297 (A
882 4225 1076 4281 vair-adi
1101 4223 1480 4296 kiptalannak
1505 4238 1796 4293 ngyanzon
1825 4222 2048 4276 1257·ki
2073 4216 2655 4289 bizonysaglevelebb'l,
2682 4219 2820 4272 mint
2843 4213 3041 4281 alabb.)
