3359 5250
1803 281 1889 349 '20

1799 876 1910 944 47.

724 1062 848 1129 IV.
880 1061 1046 1128 Be‘la
1076 1059 1292 1148 'civ-«ily
1338 1057 1614 1124 Vizmich
1665 1056 2003 1132 birtoknak
2034 1079 2077 1121 a
2116 1057 2459 1144 vcszprc'mi
2481 1056 2830 1144 puepoktb'l
2866 1055 2986 1120 Mi-

817 1170 967 1257 hdly
987 1191 1182 1236 comes
1212 1170 1508 1234 szdmdra
1541 1167 1769 1231 wrwnt
1800 1165 2091 1231 eladdcdt
2121 1164 2375 1251 helyben
2406 1163 2663 1252 hayyja.
2698 1164 2893 1229 1239.

949 1364 1165 1452 (B)ela
1196 1364 1322 1431 Dei
1372 1362 1599 1447 gracia
1630 1360 1988 1446 Hungarie,
2024 1359 2388 1444 Dalmacie‚
2429 1359 2720 1446 Groacie,
2758 1360 2987 1442 Rame,

734 1474 983 1557 Serme,
1019 1470 1293 1555 Galicie,
1327 1468 1717 1538 Lodomerie
1748 1465 2193 1549 Cumanieque
2223 1467 2364 1533 Rex
2416 1466 2716 1534 omnibus
2748 1464 2995 1535 Christi

735 1580 1033 1648 fidelibus
1064 1585 1435 1666 presentem
1468 1577 1785 1665 paginam
1832 1574 2217 1663 inspecturis
2249 1574 2530 1642 salutem
2562 1581 2628 1641 et
2657 1594 2850 1641 omne
2882 1575 2995 1642 bo-

736 1708 909 1754 num.
942 1686 1229 1773 Dignum
1264 1690 1450 1752 estet
1480 1683 1729 1750 racioni
1751 1688 2283 1767 consentaneum,
2319 1689 2389 1748 ut
2418 1701 2519 1766 ea,
2557 1700 2685 1764 que
2703 1681 2996 1766 legitime

740 1802 805 1864 et
833 1796 1103 1863 honeste
1132 1791 1301 1859 inter
1355 1789 1682 1876 quoslibet
1711 1788 2115 1870 ordinantur,
2167 1808 2251 1855 ne
2282 1807 2321 1854 a
2362 1785 2673 1854 memoria
2725 1787 2997 1874 posteri-

738 1904 895 1972 tatis
924 1900 1281 1969 iteracione
1312 1899 1606 1967 recidiua
1623 1898 1692 1963 in
1728 1896 2171 1964 confusionem
2202 1895 2599 1980 relabantur,
2628 1894 2999 1963 litterarum

739 2011 1104 2099 patrocinio
1137 2005 1685 2091 commendentur,
1720 2025 1846 2090 que
1879 2005 2071 2073 rebus
2104 2005 2309 2090 gestis
2339 2004 2535 2071 fidem
2568 2010 2833 2071 seruant
2863 2005 3000 2073 effi-

743 2137 987 2185 cacem.
1039 2119 1403 2203 Eapropter
1438 2114 1525 2180 ad
1575 2114 2029 2182 uniuersorum
2077 2112 2383 2180 noticiam
2415 2113 2711 2180 uolumus
2772 2132 3002 2200 perue-

743 2226 903 2309 nire,
939 2222 1111 2308 quod
1142 2243 1286 2289 cum
1317 2220 1617 2288 Ecclesia
1649 2219 2155 2306 vesprimiensis
2192 2219 2523 2302 quandam
2562 2226 2802 2287 terram
2833 2219 3002 2304 Vyz-

747 2330 917 2397 mich
949 2328 1333 2417 possideret,
1368 2330 1560 2397 sitam
1589 2328 1762 2395 inter
1794 2330 2082 2396 Drauam
2117 2336 2183 2397 et
2211 2326 2506 2395 Zaratka
2535 2325 2788 2410 fluuios,
2835 2326 3006 2395 sicut

746 2459 864 2529 per
881 2437 1320 2506 venerabilem
1351 2442 1606 2525 patrem
1639 2437 1932 2504 eiusdem
1963 2436 2089 2506 loci
2112 2436 2503 2523 Episcopum
2534 2433 2999 2521 intelleximus,

750 2548 916 2616 adeo
951 2553 1286 2634 remotam,
1340 2551 1412 2612 ut
1444 2546 1554 2612 uix
1586 2553 1702 2613 aut
1731 2564 2084 2629 numquam
2115 2550 2466 2633 prouentus
2508 2543 2762 2627 aliquos
2794 2543 3003 2632 perci-

748 2675 908 2742 pere
938 2653 1148 2741 possit
1178 2674 1262 2721 ex
1292 2652 1563 2739 eadem5
1597 2653 1772 2721 idem
1792 2653 2173 2740 Episcopus,
2207 2658 2279 2720 ut
2306 2658 2548 2719 terram
2579 2657 3004 2720 memoratam

752 2763 820 2827 in
853 2760 1162 2828 maiorem
1215 2759 1424 2844 ipsius
1457 2759 1754 2826 Ecclesie
1804 2758 2151 2828 utilitatem
2183 2765 2607 2843 conuerteret,
2656 2759 3008 2846 impetrata

754 2889 796 2935 a
823 2866 1013 2935 nobis
1040 2865 1318 2934 licencia
1347 2872 1686 2949 tamquam
1718 2887 1761 2933 a
1789 2874 2087 2952 patrono,
2141 2887 2285 2933 cum
2318 2886 2638 2934 consensu
2677 2867 2779 2935 sui
2812 2866 3006 2954 Capi-

753 2975 872 3043 tuli
904 2980 971 3042 et
1018 2973 1439 3059 iobagionum
1470 2973 1769 3042 Ecclesie
1801 2993 1938 3059 sue,
1985 2973 2155 3043 sicut
2193 2974 2384 3044 nobis
2434 2973 2606 3043 idem
2657 2975 3005 3060 intimauit,

756 3085 991 3153 dilecto
1041 3091 1107 3151 et
1135 3084 1311 3152 fideli
1364 3089 1583 3153 nostro
1617 3082 1921 3151 Michaeli
1969 3082 2153 3151 fratri
2183 3083 2422 3169 Buzad,
2454 3083 2774 3170 Magistro
2804 3083 2977 3169 Dapi

759 3192 1039 3259 ferorum
1069 3189 1327 3258 domine
1358 3190 1609 3278 Regine
1638 3190 1988 3259 karissime
2023 3191 2321 3277 coniugis
2352 3200 2594 3278 nostre,
2641 3190 3008 3260 uendicioni

756 3299 1054 3386 exposuit
1083 3319 1201 3386 pro
1234 3307 1487 3367 centum
1521 3300 1762 3368 marcis
1793 3302 2085 3387 argenti3
2132 3320 2329 3385 quam
2356 3300 2632 3388 pecunie
2670 3319 3006 3384 summam,

756 3406 925 3474 sicut
976 3404 1188 3473 dictus
1222 3407 1583 3494 Episcopus
1631 3430 1750 3496 per
1801 3428 1955 3476 suas
2002 3409 2190 3476 nobis
2245 3408 2497 3477 litteras
2548 3407 2870 3476 ueraciter
2897 3406 3009 3474 de-

755 3513 1118 3599 mandauit,
1169 3514 1361 3600 plene
1389 3516 1636 3601 recepit
1665 3523 1734 3584 et
1763 3516 2069 3603 perfecte.
2101 3519 2186 3583 Et
2215 3516 2312 3584 sic
2349 3523 2525 3585 terra
2560 3515 3012 3604 prenominata

757 3624 827 3690 in
857 3643 1043 3691 usum
1076 3629 1140 3689 et
1169 3619 1696 3692 iurisdiccionem
1748 3624 2108 3713 supradicti
2140 3625 2438 3712 Magistri
2468 3627 2553 3692 Μ.
2593 3623 3012 3713 perhenniter

758 3737 859 3799 est
891 3750 1224 3798 conuersa.
1260 3729 1457 3798 Cuius
1489 3738 1679 3818 mete,
1714 3733 1883 3801 sicut
1912 3733 1981 3802 in
2012 3733 2219 3821 ipsius
2238 3733 2551 3821 Episcopi
2589 3733 2821 3803 litteris
2855 3752 3002 3801 con·

759 3838 949 3906 tineri
981 3839 1452 3926 perspeximus,
1504 3841 1628 3909 hoc
1660 3838 1888 3910 ordine
1919 3840 2357 3927 distinguntur
2393 3865 2408 3907 ε
2457 3841 2679 3909 Prima
2709 3846 2886 3908 meta
2916 3839 3007 3906 in-

760 3946 918 4033 cipit
948 3968 990 4014 a
1038 3955 1226 4034 parte
1276 3949 1575 4016 orientali
1627 3949 1816 4017 iuxta
1865 3969 2105 4034 aquam
2159 3951 2473 4037 Zaratka,
2528 3950 2638 4018 ubi
2689 3957 2791 4018 est
2838 3956 3014 4017 meta

759 4059 993 4138 terrea,
1028 4061 1094 4121 et
1123 4060 1294 4121 ultra
1322 4056 1597 4122 eandem
1630 4075 1871 4142 aquam
1902 4056 1969 4122 in
2001 4064 2188 4144 parte
2219 4057 2493 4125 australi
2531 4062 3014 4126 commetaneus

760 4170 860 4229 est
891 4159 1205 4228 Cazmuta
1253 4181 1399 4230 cum
1430 4162 1862 4247 generacione
1892 4185 2048 4250 sua;
2105 4172 2170 4233 et
2201 4165 2354 4233 inde
2404 4164 2591 4234 uadit
2621 4184 2851 4235 uersus
2883 4185 3013 4233 me-

760 4269 1012 4354 ridiem,
1067 4277 1133 4336 et
1161 4268 1315 4336 inde
1365 4290 1594 4356 parum
1648 4271 1857 4338 eundo
1888 4278 1990 4340 est
2020 4279 2193 4341 meta
2234 4280 2488 4358 terrea3
2544 4272 2781 4341 deinde
2832 4273 3018 4342 uadit

760 4394 877 4460 per
900 4376 1173 4443 eundem
1207 4398 1506 4463 campum
1525 4377 1613 4446 ad
1646 4378 1993 4465 quemdam
2026 4381 2465 4465 monticulum,
2500 4387 2567 4448 et
2595 4380 2689 4447 ibi
2709 4388 2811 4450 est
2842 4388 3016 4450 meta

763 4490 994 4565 terrea,
1025 4483 1135 4549 ubi
1168 4484 1237 4551 in
1268 4492 1457 4571 parte
1490 4486 1793 4554 orientali
1828 4496 2310 4557 commetaneus
2343 4494 2444 4556 est
2474 4488 2648 4557 Otok
2683 4488 2854 4557 filius
2883 4489 3013 4556 Na-

764 4590 993 4677 nadei3
1050 4598 1114 4658 et
1147 4591 1299 4661 inde
1349 4593 1533 4663 uadit
1563 4595 1650 4662 ad
1700 4596 2054 4679 quamdam
2104 4597 2341 4664 uallem
2381 4616 2606 4665 uersus
2658 4594 3012 4682 meridiem,
