3359 5250
1749 298 1882 365 230

1743 854 1898 924 155.

692 1024 735 1089 I
744 1024 811 1091 V.
842 1023 1002 1089 Be'la
1034 1022 1242 1108 kin-<ily
1257 1020 1593 1107 fo'tcilnoka
1622 1019 1863 1084 Moricz
1893 1019 2224 1084 maternal:
2249 1019 2483 1084 rohona
2501 1019 2774 1102 Mdrhot‚
2805 1021 2949 1086 Aba

1085 1129 1217 1210 ficit
1247 1127 1494 1194 ern-deleto
1522 1125 1912 1190 inte'zkedebdt
1939 1125 2291 1210 mcqerlisz'ti
2319 1121 2514 1190 1247.

900 1326 1067 1393 Bela
1101 1324 1226 1393 Dei
1277 1323 1504 1409 gracia
1543 1320 1904 1407 Hungarie‚
1934 1320 2299 1405 Dalmacie,
2332 1320 2670 1403 Chroacie‚
2722 1324 2946 1408 Rame,

686 1432 936 1515 Seruic,
958 1430 1258 1516 Gallicie,
1284 1428 1692 1516 Lodomerie,
1724 1426 2169 1514 Cumanieque
2195 1429 2339 1496 Rex
2369 1429 2669 1497 omnibus
2706 1428 2948 1500 Christi

684 1538 985 1607 fidelibus
1034 1544 1403 1627 presentem
1453 1536 1765 1627 paginam
1827 1535 2217 1622 inspecturis
2268 1534 2545 1604 salutem
2594 1538 2663 1606 in
2712 1538 2947 1607 salutis

686 1653 973 1716 auctore.
1026 1646 1200 1726 Quia
1231 1651 1465 1715 cuncta
1494 1646 1645 1713 iura
1673 1644 1886 1730 Regni
1919 1644 2125 1712 nostri
2157 1644 2246 1712 ad
2274 1653 2564 1715 nostram
2601 1648 2946 1716 auctorita-

687 1763 818 1821 tem
848 1754 1176 1840 pertinere
1205 1751 1628 1822 dinoscuntur
1659 1758 1992 1837 tamquam
2028 1750 2116 1817 ad
2146 1755 2402 1819 tronum
2421 1750 2742 1841 Principis
2771 1753 2942 1840 prin·

688 1857 991 1948 cipaliter
1038 1858 1141 1928 ius
1189 1858 1506 1943 dicentis;
1555 1858 1706 1925 idco
1736 1856 2062 1927 facciones
2103 1856 2479 1926 inferiorum
2528 1877 2645 1947 per
2685 1861 2942 1928 culmen

684 1965 960 2053 Regium
998 1965 1262 2053 expedit
1294 1966 1698 2034 confirmare.
1731 1963 2017 2034 Proinde
2050 1965 2137 2033 ad
2156 1966 2604 2036 vniuersorum
2629 1966 2942 2035 noticiam

684 2083 820 2142 tam
849 2076 1259 2161 presencium
1307 2093 1505 2159 quam
1535 2079 1948 2161 posterorum
1979 2073 2206 2141 harum
2255 2073 2429 2142 serie
2460 2075 2758 2143 volumus
2804 2093 2942 2161 per-

685 2182 927 2269 uenire,
962 2182 1138 2269 quod
1169 2181 1378 2252 fidelis
1407 2189 1628 2251 noster
1648 2181 1918 2249 Markvs
1950 2180 2123 2249 filius
2145 2181 2292 2249 Aba
2322 2180 2409 2249 ad
2438 2188 2728 2251 nostram
2759 2201 2942 2251 acoe-

687 2291 848 2359 dcns
878 2292 1307 2379 presenciam,
1339 2292 1594 2360 litteras
1627 2290 1850 2358 dilecti
1881 2308 1964 2357 ac
1991 2290 2204 2359 fidelis
2234 2289 2440 2359 nostri
2471 2290 2770 2377 Maurici&
2803 2291 2941 2358 Ma-

684 2399 876 2485 gistri
904 2398 1364 2485 Dapiferorum
1415 2405 1786 2468 nostrorum
1837 2405 1904 2466 et
1934 2396 2210 2467 Comitis
2240 2398 2299 2464 N
2303 2398 2616 2484 itriensis,
2675 2397 2941 2483 cognati

689 2505 814 2590 sui,
848 2503 1041 2575 nobis
1072 2505 1482 2592 presentauit
1511 2506 1683 2573 hanc
1712 2505 1986 2574 formam
2020 2504 2461 2575 continentes:
2805 2489 2820 2496 ’

899 2612 1224 2693 Quoniam
1273 2615 1704 2683 humanorum
1753 2620 2014 2683 actuum
2064 2612 2297 2683 seriem
2339 2614 2466 2683 stb.
2518 2611 2711 2701 (mint
2741 2613 2940 2682 alabb

688 2721 836 2791 1⁷4.
868 2742 958 2789 sz.
990 2720 1208 2808 alatt.)

897 2827 1136 2897 Petens
1167 2848 1210 2896 a
1241 2829 1430 2896 nobis
1481 2827 1829 2913 humiliter,
1878 2835 1953 2896 vt
1981 2830 2197 2915 ipsam
2242 2828 2692 2913 collacionem,
2742 2846 2941 2914 quam

686 2934 895 3003 eciam
926 2932 1101 3004 idem
1130 2936 1214 3002 Μ.
1249 2935 1563 3021 Magister
1610 2954 1831 3003 coram
1861 2935 2052 3004 nobis
2102 2935 2593 3022 presencialiter
2624 2946 2690 3006 et
2719 2954 2941 3023 perso·

686 3041 929 3111 naliter
958 3041 1364 3127 constitutus,
1417 3042 1505 3111 ab
1536 3041 1684 3128 ipso
1714 3041 1960 3112 factam
1988 3041 2194 3111 fuisse
2225 3041 2312 3109 ad
2342 3042 2652 3112 maiorem
2684 3045 2780 3112 rei
2810 3044 2940 3112 eui·

684 3148 983 3217 denciam
1032 3150 1189 3217 viua
1235 3148 1561 3218 relacione
1610 3149 1941 3238 patefecit,
2007 3150 2390 3220 confirmare
2438 3151 2685 3238 pietate
2743 3151 2942 3223 solita

684 3256 1122 3344 dignaremur.
1171 3255 1310 3325 Nos
1341 3256 1539 3342 igitur
1566 3257 1760 3326 iustis
1807 3258 2175 3345 petencium
2206 3256 2554 3345 desideriis
2595 3276 2939 3328 assensum

683 3364 1035 3453 prebentes
1054 3369 1120 3431 et
1136 3364 1450 3452 fauorem,
1485 3365 1911 3435 collacionem
1932 3366 2065 3434 iam
2085 3365 2352 3454 dictam,
2370 3385 2454 3435 ne
2481 3366 2632 3436 vllis
2651 3386 2939 3453 vnquam

685 3473 1086 3561 temporibus
1116 3491 1236 3560 per
1267 3473 1640 3562 quempiam
1689 3474 1758 3542 in
1791 3473 2039 3544 irritum
2082 3480 2280 3562 queat
2308 3476 2675 3562 retractari,
2704 3475 2940 3546 litteris

685 3580 1101 3669 presentibus
1148 3586 1214 3649 et
1244 3581 1572 3670 dupplicis
1601 3581 1805 3668 sigilli
1833 3583 2041 3653 nostri
2071 3584 2427 3653 munimine
2457 3582 2758 3652 duximus
2787 3601 2937 3653 con-

680 3686 1086 3757 firmandam.
1149 3691 1393 3758 Datum
1440 3710 1611 3760 anno
1663 3691 2006 3760 Dominice
2055 3691 2547 3761 Incarnacionis
2591 3690 2938 3761 millesimo

683 3795 1128 3867 ducentesimo
1144 3798 1761 3886 quadragentesimo
1795 3799 2096 3886 septimo,
2135 3798 2596 3870 terciodecimo
2615 3797 2937 3868 kalendas

677 3904 1096 3992 Septembris,
1127 3905 1340 3990 Regni
1371 3912 1590 3974 autem
1620 3906 1828 3974 nostri
1859 3924 2031 3973 anno
2064 3904 2469 3977 duodecimo.

675 4098 960 4166 (Er-edetis
986 4099 1336 4170 borhartyAm
1372 4102 1623 4169 melynelr
1648 4101 1893 4170 peccetje
1915 4101 2033 4155 mar
2057 4102 2333 4169 elveszett,
2369 4122 2405 4159 a
2427 4121 2508 4159 ns.
2535 4105 2730 4172 Abaffy
2755 4102 2938 4159 caalhd

1216 4191 1588 4247 nov-amram
1611 4191 1858 4249 naboan
1883 4177 2031 4248 Arva
2054 4193 2397 4264 mom-sm.)
