3359 5250
1808 301 1939 368 488

1806 877 1963 947 344.

752 1062 796 1129 I
805 1061 871 1128 V.
905 1060 1065 1129 Βεῖα
1083 1061 1415 1149 kirdlynak
1432 1060 1729 1128 Zelechen
1747 1059 2011 1129 bmokdc
2040 1062 2345 1147 tdrqyazo
2365 1061 2728 1146 adomdnya
2749 1060 3013 1126 Zochud

1101 1191 1297 1236 eomes
1327 1172 1396 1235 in
1426 1169 1694 1255 Serqfee'l
1731 1167 1934 1236 Canta
1947 1169 2082 1254 fiai
2109 1174 2425 1235 szcimdra.
2468 1166 2659 1233 1258.

966 1366 1104 1434 Nos
1136 1365 1209 1434 B.
1225 1366 1351 1435 Dei
1384 1365 1612 1452 gracia
1640 1367 1783 1434 Rex
1803 1365 2094 1453 Vngarie
2127 1365 2437 1435 memorie
2477 1364 3008 1435 commendantes

753 1476 1195 1563 significamus
1246 1475 1589 1561 vniuersis,
1639 1473 1814 1561 quod
1848 1474 2233 1544 accedentes
2283 1475 2372 1543 ad
2400 1482 2695 1545 nostram
2744 1492 3005 1561 presen-

751 1584 923 1655 ciam
951 1583 1179 1654 fideles
1229 1585 1432 1654 nostri
1465 1586 1700 1654 Comes
1734 1584 2001 1653 Zochud
2053 1592 2118 1652 et
2157 1583 2461 1670 Serefeel‚
2513 1603 2592 1651 ac
2623 1582 2866 1649 fratres
2905 1601 3007 1647 eo-

751 1693 1023 1762 rundem
1048 1693 1166 1780 filij
1203 1692 1414 1761 Cunta
1466 1692 1654 1763 nobis
1689 1698 2148 1781 exposuerunt,
2202 1693 2377 1780 quod
2406 1692 2536 1782 ipsi
2576 1693 3009 1759 instrvments

752 1821 868 1871 seu
896 1800 1170 1887 litteras,
1223 1821 1391 1886 quas
1423 1802 1755 1871 habebant
1806 1822 2003 1890 super
2048 1801 2223 1870 facto
2277 1810 2445 1868 terre
2478 1800 2773 1886 Bugunn,
2810 1818 3011 1883 quam

750 1931 871 2000 per
901 1908 1180 1980 Ountam
1209 1918 1464 1998 patrem
1495 1910 1788 1999 ipsorum
1822 1931 1863 1977 a
1896 1909 2137 1980 Gosma
2168 1917 2231 1978 et
2262 1911 2453 1978 Petro
2485 1910 2639 1996 filiis
2672 1907 3010 1996 Hemyruh

754 2019 838 2089 de
871 2019 1028 2088 villa
1059 2019 1382 2088 Zelechen
1434 2019 1740 2089 dicebant
1767 2020 1940 2088 iusto
1970 2020 2332 2109 empcionis
2362 2017 2548 2089 titulo
2597 2016 2803 2085 fuisse
2834 2036 3008 2084 com-

753 2135 1074 2219 paratam,
1109 2147 1304 2217 super
1334 2149 1466 2214 qua
1498 2128 1839 2216 empcione
1869 2134 2158 2198 nostrum
2189 2128 2606 2217 priuilegium
2658 2147 2730 2195 se
2763 2126 3010 2193 habere

753 2238 1159 2323 asserebant,
1193 2238 1549 2307 casualiter
1598 2237 1996 2325 amisissent,
2031 2247 2332 2328 petentes
2364 2259 2407 2306 a
2435 2238 2647 2322 nobis,
2705 2244 2776 2304 ut
2806 2234 3008 2303 homi·

753 2366 902 2417 nem
943 2352 1237 2417 nostrum
1268 2346 1598 2434 ydoneum
1650 2367 1849 2434 super
1878 2348 2090 2435 ipsam
2129 2358 2369 2416 terram
2420 2348 2839 2430 mitteremus,
2894 2346 3009 2432 qni

755 2454 1026 2543 uideret,
1073 2462 1288 2524 utrum
1317 2454 1594 2544 predicti
1626 2456 1897 2526 Zochud
1947 2463 2011 2525 et
2041 2456 2274 2527 fratres
2315 2457 2417 2526 sui
2464 2464 2685 2527 essent
2734 2456 2803 2524 in
2830 2452 3009 2544 paci-

751 2568 878 2637 flos
924 2565 1348 2654 possessione
1397 2572 1566 2635 terre
1616 2574 1990 2637 memorate.
2045 2567 2184 2638 Nos
2234 2567 2435 2655 igitur
2483 2567 2572 2636 ad
2619 2564 3010 2656 peticionem

755 2675 1103 2746 eorundem
1131 2645 1432 2745 fidelibus
1464 2678 1706 2746 nostris
1728 2678 2031 2766 Capitulo
2051 2678 2361 2748 nitriensi
2396 2679 2696 2747 dedimus
2727 2675 2798 2744 in
2829 2694 3009 2743 man-

754 2781 948 2870 daus,
980 2791 1050 2854 ut
1080 2784 1247 2855 duos
1280 2806 1363 2854 ex
1394 2786 1581 2873 ipsis,
1614 2806 1930 2874 personas
1946 2785 2263 2875 ydoneas,
2294 2807 2492 2874 super
2522 2786 2734 2875 ipsam
2767 2790 3008 2853 terram

755 2893 1287 2982 transmitterent,
1338 2894 1450 2980 qui
1482 2895 1799 2982 uiderent,
1850 2902 2066 2965 utrum
2097 2896 2332 2983 prefati
2366 2895 2632 2967 Zochud
2664 2900 2732 2962 et
2769 2892 3007 2961 fratres

754 3003 858 3072 sui
887 3002 1117 3072 sintin
1147 3004 1429 3093 pacifica
1474 3004 1892 3093 possessione
1922 3004 2131 3093 ipsius
2160 3012 2349 3094 terre,
2401 3011 2466 3074 et
2493 3004 2562 3074 id
2592 3003 2782 3074 nobis
2828 3007 3007 3089 post-

755 3112 1038 3201 modum,
1076 3133 1158 3181 ac
1195 3133 1454 3184 cursum
1493 3123 1815 3183 metarum
1865 3114 2157 3183 eiusdem
2205 3123 2377 3183 terre
2423 3114 2708 3183 debeant
2756 3129 3008 3178 reman-

754 3221 932 3291 dare.
983 3219 1193 3309 IJdem
1225 3220 1451 3307 itaque
1495 3219 1725 3291 fideles
1780 3224 1987 3291 nostri
2036 3221 2406 3310 Capitulum
2457 3218 2855 3289 antedictum
2905 3237 3004 3285 re-

754 3331 1151 3418 scripserunt
1180 3330 1392 3416 nobis,
1440 3330 1614 3416 quod
1648 3330 1816 3399 duos
1844 3350 1926 3397 ex
1958 3330 2055 3397 eis
2084 3330 2380 3416 ydoneos
2413 3349 2612 3417 super
2638 3329 2854 3417 ipsam
2882 3332 3006 3394 ter-

611 3450 624 3454 “
752 3459 896 3507 ram
926 3437 1462 3522 transmisissent,
1511 3437 1623 3525 qui
1660 3438 2073 3527 presentibus
2107 3440 2410 3507 omnibus
2440 3437 2909 3508 commetaneis
2942 3441 3009 3503 et

752 3546 1011 3633 uicinis,
1059 3546 1239 3616 nullo
1272 3546 1745 3616 contradictore
1774 3548 2117 3636 existente,
2155 3549 2560 3617 inuenissent
2588 3546 2854 3617 eosdem
2882 3547 3003 3613 Zo-

755 3655 924 3725 chud
955 3662 1021 3723 et
1048 3654 1290 3723 fratres
1340 3674 1493 3724 suos
1525 3656 1589 3723 in
1622 3655 1901 3744 pacifica
1929 3658 2347 3743 possessione
2390 3664 2561 3725 terre
2607 3654 3002 3744 supradicte.

754 3762 956 3833 Cuius
1001 3762 1264 3849 quidem
1312 3771 1484 3832 terre
1536 3770 1726 3849 mete,
1776 3772 1971 3851 prout
1998 3765 2064 3831 in
2097 3765 2330 3834 litteris
2379 3764 2667 3833 eiusdem
2715 3763 3003 3852 Capituli

756 3873 1068 3943 contineri
1087 3873 1392 3960 uidimus,
1425 3873 1550 3942 hoc-
1581 3873 1811 3943 ordine
1827 3872 2268 3961 distinguntur
2291 3900 2306 3942 :
2347 3875 2569 3943 Prima
2588 3883 2762 3944 meta
2778 3875 3007 3964 incipit

757 4002 803 4050 a
830 3989 1021 4070 parte
1069 3980 1458 4051 occidentali
1508 3982 1577 4049 in
1612 4001 1785 4069 aqua
1817 3984 2070 4053 Baluva
2101 3985 2381 4070 nomine,
2436 3994 2502 4053 et
2530 3986 2624 4054 ibi
2674 3993 2826 4053 sunt
2877 3982 3007 4054 due

757 4096 927 4160 mete
975 4091 1260 4177 antique,
1314 4098 1382 4158 et
1428 4090 1557 4159 due
1606 4090 1691 4159 de
1741 4112 1911 4161 nouo
1942 4100 2193 4180 erecte3
2246 4102 2311 4162 et
2358 4095 2510 4163 inde
2559 4092 3004 4163 asscendendo

755 4200 992 4270 transit
1039 4221 1347 4289 magnam
1395 4201 1574 4269 uiam
1624 4200 2124 4271 descendentem
2166 4225 2209 4271 a
2259 4204 2421 4272 uilla
2456 4205 2682 4293 Degce
2730 4210 3001 4290 uocata;

758 4308 995 4379 deinde
1025 4308 1207 4379 uadit
1258 4330 1481 4378 uersus
1516 4311 1827 4378 orientem
1878 4312 2065 4380 iuxta
2111 4318 2351 4380 terram
2403 4312 2672 4381 alterius
2705 4315 3001 4401 Baguna,

756 4417 980 4485 villam
1011 4415 1313 4487 videlieet
1344 4417 1842 4505 crvciferorum3
1883 4429 1949 4487 et
1979 4420 2132 4489 inde
2162 4424 2400 4490 transit
2431 4443 2550 4509 per
2581 4431 2821 4491 terram
2850 4443 3001 4490 ara·

758 4527 977 4615 bilem,
1027 4535 1093 4594 et
1123 4529 1302 4596 uenit
1332 4547 1538 4613 usque
1587 4529 1786 4597 aliam
1832 4549 2137 4619 magnam
2190 4533 2367 4599 uiam
2418 4531 2780 4600 uenientem
2815 4554 2861 4600 a
2892 4533 3002 4601 Ui-

758 4634 1034 4723 tunche3
1068 4656 1264 4724 quam
1294 4637 1696 4707 transeundo
1718 4637 1917 4709 intrat
1936 4638 2349 4728 fructeccum,
2390 4640 2566 4728 quod
2586 4641 2760 4727 wlgo
2792 4643 3003 4708 harant
