3359 5250
1452 316 1588 384 519
1647 418 1650 419 f

385 515 632 584 abinde
665 516 901 584 transit
931 496 1439 602 per'uirgultum
1472 511 1561 581 ad
1590 513 1883 601 fluuium,
1917 514 2103 584 iuxta
2129 535 2319 601 quem
2343 520 2495 582 sunt
2523 512 2652 581 due

385 631 563 694 mete
612 626 736 693 sub
785 624 993 694 tribus
1042 623 1386 693 arboribus
1434 623 1716 711 ylicum3
1782 626 2055 712 posthec
2102 626 2358 713 vegitat
2414 643 2645 693 versus

386 732 764 817 aquilonem
795 732 865 799 in
915 737 1137 800 meatu
1185 730 1480 799 eiusdem
1531 730 1715 818 fluuij
1752 729 1841 799 ad
1886 738 2096 801 metas
2144 739 2320 801 terre
2365 730 2649 800 filiorum

384 839 565 907 Petri
582 843 958 927 angulares,
994 845 1060 908 et
1077 838 1170 906 ibi
1203 846 1375 908 mete
1391 837 1602 927 ipsius
1633 844 1806 908 terre
1824 841 2274 941 terminantur.
2306 841 2649 910 Adicimus

383 949 615 1035 eciam,
649 948 824 1036 quod
855 949 912 1017 si
944 947 1171 1032 aliqua
1200 946 1456 1034 questio
1487 956 1720 1017 contra
1743 949 2110 1037 predictum
2142 950 2505 1037 Herricum,
2536 950 2645 1018 vel
2712 988 2718 995 ·

385 1059 528 1129 eius
559 1058 857 1145 heredes,
887 1059 1154 1127 racione
1202 1058 1376 1127 dicte
1407 1062 1580 1127 terre
1610 1058 1876 1127 uendite
1905 1058 2378 1146 superuenerit‚
2430 1058 2646 1147 ipsam

382 1170 792 1254 questionem
812 1168 1024 1236 dictus
1046 1168 1194 1256 Gal,
1231 1174 1294 1235 ct
1312 1167 1749 1253 prenominati
1773 1168 1887 1256 filij
1911 1166 2192 1255 Gurgus,
2225 1168 2336 1238 uel
2353 1168 2644 1257 ipsorum

382 1278 663 1346 heredes
695 1278 1089 1346 tenebuntur
1143 1277 1456 1365 expedire
1488 1285 1555 1345 et
1586 1279 1871 1346 saluare.
1924 1278 2063 1347 Nec
2093 1278 2218 1346 hoc
2263 1277 2647 1366 prettermit-

390 1386 613 1476 timus,
644 1387 821 1473 quod
851 1386 1062 1455 dictus
1095 1384 1220 1455 Gal
1253 1405 1449 1454 vnam
1480 1386 1741 1455 vineam
1774 1408 1960 1455 suam
1991 1386 2188 1455 sitam
2218 1387 2287 1455 in
2323 1385 2648 1457 territorio

382 1495 543 1563 ville
574 1495 899 1565 Bokunuk
932 1518 1132 1584 super
1179 1496 1387 1564 tribus
1420 1496 1753 1583 iugeribus
1802 1504 2118 1564 terrarum
2165 1495 2338 1563 dicto
2367 1493 2641 1563 Herrico

381 1627 501 1692 pro
535 1625 667 1674 una
697 1627 919 1675 marca
952 1612 1017 1674 et
1047 1606 1301 1674 fertone
1335 1606 1420 1673 ab
1454 1605 1683 1675 eodem
1736 1606 1929 1692 plene
1959 1602 2339 1693 recipiendo
2371 1602 2542 1672 dixit
2572 1623 2646 1671 se

381 1714 760 1785 vendidisse
788 1717 856 1783 in
905 1722 1290 1803 perpetuum
1321 1713 1813 1803 possidendam.
1862 1717 1940 1782 In
1980 1714 2165 1783 cuius
2213 1714 2309 1782 rei
2357 1713 2646 1781 testimo-

382 1824 561 1891 nium
609 1824 699 1891 ad
730 1824 1119 1911 peticionem
1169 1826 1465 1912 parcium
1507 1831 1845 1910 presentes
1894 1824 2151 1892 litteras
2206 1821 2645 1893 concessimus

382 1932 587 2019 sigilli
617 1933 827 2001 nostri
857 1933 1212 2002 munimine
1251 1933 1613 2001 roboratas.
1654 1934 1898 2000 Datum
1930 1952 2048 2020 per
2078 1951 2312 1999 manus
2341 1929 2646 2018 Magistri

379 2042 647 2110 Roberti
677 2043 975 2111 Lectoris
1008 2041 1306 2110 Ecclesie
1339 2047 1559 2109 nostre
1591 2061 1766 2108 anno
1798 2041 2023 2126 gracie
2055 2041 2147 2108 M⁰
2167 2038 2301 2109 00⁰
2332 2038 2645 2125 quinqua·

381 2152 632 2235 gesimo
664 2172 859 2221 nono.
907 2150 1290 2221 Venerabili
1320 2152 1389 2219 in
1420 2151 1674 2219 Christo
1707 2155 1893 2236 patre
1941 2154 2164 2218 nostro
2200 2146 2455 2216 Zlando
2487 2145 2643 2234 Epi-

382 2279 600 2346 scopo,
635 2261 819 2327 Fauo
850 2258 1213 2348 Preposito,
1246 2258 1630 2327 Lodomerio
1658 2255 1965 2343 Cantore,
2017 2255 2325 2325 Johanne
2356 2252 2645 2322 Custode

382 2367 834 2451 existentibus.

488 2571 560 2638 (A
579 2555 880 2639 veszprem'i
904 2567 1286 2639 khptalannak
1316 2569 1540 2620 mci-ki
1565 2565 1883 2633 aeratam,
1908 2582 1944 2619 a
1969 2567 2136 2621 bum
2160 2568 2264 2620 kir.
2289 2567 2540 2619 kamaria

1313 2656 1698 2727 leveltarban.)

1259 2949 1773 2961 ———

1424 3393 1583 3463 369.

377 3582 440 3648 A
466 3581 851 3668 pecsvdradi
866 3577 1242 3645 konventnek
1273 3576 1819 3663 bizonysdqlevele‚
1857 3578 2023 3662 hoqy
2041 3573 2296 3640 Joanka
2315 3569 2647 3639 Ja'nosnalc

453 3692 557 3775 fia
589 3690 992 3778 naydaychai
1020 3687 1263 3772 sedlejet
1292 3708 1407 3773 eqy
1424 3686 1683 3752 ezerdmi
1704 3683 2061 3771 polqdrnak
2092 3683 2327 3750 eladta.
2353 3684 2552 3749 1259.

593 3886 829 3954 Fassio
878 3905 1098 3952 coram
1131 3885 1468 3954 Conuentu
1517 3879 1743 3969 (Pecs)
1776 3848 2172 3948 Varadiensi
2210 3878 2253 3945 J
2256 3875 2477 3947 oanka
2523 3876 2644 3943 filii

377 3996 652 4067 Joannis
701 4013 901 4082 super
949 3995 1148 4062 vinea
1195 3995 1416 4061 suain
1449 3990 1612 4057 villa
1646 3986 2066 4076 Naydaycha
2096 3983 2462 4072 Syrmiensi
2514 3983 2644 4051 civi

380 4106 464 4172 de
493 4105 760 4172 Zekchu
788 4105 859 4171 in
891 4103 1174 4189 quinque
1208 4101 1449 4167 marcis
1489 4097 1929 4185 perennaliter
1961 4096 2283 4180 obligata.

718 4301 788 4369 (A
814 4302 962 4357 melt.
989 4304 1044 4357 b.
1069 4301 1260 4369 Revay
1286 4297 1472 4352 csalad
1498 4293 1878 4352 leveltaranak
1904 4292 2323 4365 lajstrombbdl.)
