3359 5250
1884 348 2015 419 402

830 559 896 620 et
926 547 1000 620 L.
1049 545 1448 640 prefatorum
1481 557 1817 639 presentes
1848 549 2283 619 concessimus
2328 549 2581 617 litteras
2611 540 2816 633 sigilli
2863 546 3077 625 nostri

825 662 1179 731 munimine
1208 661 1571 730 roboratas.
1606 662 1849 729 Datum
1881 680 1999 747 per
2029 678 2260 727 manus
2291 657 2588 745 Magistri
2621 657 2808 743 Syxti
2849 657 3076 725 Lecto-

823 771 918 838 ris
965 769 1259 838 Ecclesie
1307 774 1528 837 nostre
1579 789 1752 837 anno
1804 767 2141 837 Dominice
2191 767 2679 853 Incarnacionis
2727 768 2818 834 M⁰
2839 765 2973 832 00⁰
2993 766 3075 830 L⁰

823 881 1070 967 quinto,
1101 900 1273 948 nono
1301 878 1622 948 kalendas
1662 878 1978 947 Octobris.

1336 1060 1396 1127 A
1718 1059 1774 1125 B
2093 1056 2145 1124 C
2467 1057 2531 1123 D

822 1240 1099 1308 (Eredetie
1119 1238 1465 1310 bb'rhartyan,
1496 1256 1531 1293 a
1554 1237 1847 1293 νὸτδε-Ιιόῐι
1868 1235 2321 1307 selyemzsinoron
2345 1236 2563 1305 fflggott
2580 1236 2764 1306 pecsct
2782 1236 3068 1291 clveszett.

1431 1347 1464 1382 a
1490 1332 1650 1384 budai
1679 1331 1781 1382 kir.
1811 1330 2059 1382 kamarai
2083 1325 2460 1394 levcltarban.)

1677 1619 2043 1627 ——..-.——.——.
2084 1618 2194 1627 .-.-,

1866 2066 2022 2135 286.

821 2250 920 2315 Az
949 2251 1314 2337 eczterqami
1339 2246 1771 2334 kdptalannak
1789 2248 2322 2335 bizonysdylevele,
2352 2248 2515 2335 hoyy
2545 2250 2914 2336 uyyanazok
2932 2252 3069 2317 Ru·

818 2380 935 2444 qus
965 2356 1269 2424 comesnek
1286 2356 1517 2423 Sarovt'
1543 2355 1945 2421 birtokuknalc
1966 2378 2087 2443 099
2117 2356 2320 2423 ηιάείΙε
2345 2362 2536 2422 νόεεέι
2567 2359 2829 2426 eladtdlc.
2866 2359 3065 2424 1255.

1335 2534 1395 2601 A
1712 2534 1768 2600 B
2088 2533 2140 2601 G
2462 2537 2523 2602 D

1032 2716 1375 2804 Philippus
1406 2716 1809 2804 Prepositus,
1841 2721 1908 2783 et
1938 2715 2308 2803 Capitulum
2340 2716 2634 2786 Ecclesie
2663 2715 3067 2802 Strigonien-

820 2825 915 2893 sis
963 2824 1260 2893 omnibus
1291 2823 1529 2891 Christi
1579 2824 1881 2891 fidelibus
1927 2824 2329 2910 presencium
2377 2825 2684 2894 noticiam
2733 2824 3065 2895 habituris

819 2934 1096 3001 salutem
1145 2934 1213 3001 in
1257 2933 1535 3001 Domino
1576 2933 1732 3000 Jesu
1767 2931 2045 3001 Christo.
2099 2933 2200 3001 Ad
2250 2933 2697 3004 Vniuersorum
2743 2933 3064 3003 noticiam

817 3043 1046 3110 harum
1076 3042 1247 3110 serie
1263 3041 1558 3111 volumus
1592 3044 1949 3129 peruenire,
1985 3042 2157 3128 quod
2179 3044 2367 3128 Guge
2397 3043 2530 3111 filio
2552 3042 2726 3111 Petri
2760 3041 2845 3111 de
2875 3042 3062 3109 willa

765 3234 775 3244 ·
815 3150 1044 3235 Balan,
1080 3157 1144 3217 ct
1162 3147 1476 3219 Ladizlao
1508 3149 1644 3217 filio
1675 3150 1949 3220 Adriani
1978 3152 2181 3219 fratre
2212 3173 2330 3221 suo
2363 3153 2448 3219 ab
2469 3172 2598 3220 nna
2629 3159 2857 3238 parte;
2899 3151 3061 3218 item

816 3259 1064 3327 Gemite
1092 3261 1315 3346 Rugas
1366 3259 1447 3327 de
1478 3260 1657 3327 willa
1689 3260 1867 3345 Saag
1898 3260 2191 3347 proximo
2222 3262 2572 3329 eorundem
2620 3265 2812 3349 parte
2843 3279 2927 3326 ex
2960 3261 3064 3328 al-

815 3376 959 3435 tera
987 3389 1204 3437 coram
1235 3367 1424 3436 nobis
1475 3369 1906 3454 personaliter
1951 3369 2339 3456 constitutis,
2393 3371 2793 3458 propositum
2843 3372 3064 3439 extitit

816 3483 882 3543 et
912 3476 1186 3543 relatum
1237 3494 1354 3562 per
1389 3474 1651 3543 eosdem
1692 3478 1879 3560 Guge
1932 3485 1997 3545 et
2025 3477 2407 3545 Ladizlaum
2439 3478 2507 3544 in
2554 3481 2724 3546 hunc
2771 3477 3059 3565 modum,

814 3583 987 3670 quod
1034 3581 1120 3650 de
1148 3588 1326 3650 terra
1371 3583 1680 3671 ipsorum,
1741 3603 1938 3667 quam
1989 3585 2236 3653 habent
2289 3586 2356 3654 in
2388 3588 2594 3655 Sarov
2640 3585 2729 3653 ad
2775 3593 3062 3670 quatuor

816 3697 1039 3759 aratra
1085 3690 1529 3777 sufficientem,
1584 3691 1889 3760 videlicet
1938 3693 2311 3781 incipiendo
2344 3695 2581 3777 aleco,
2631 3696 2741 3762 vbi
2787 3693 3059 3762 fluuium

815 3801 1033 3869 Gor-on
1053 3807 1291 3868 vnatur
1320 3820 1467 3868 cum
1498 3821 1712 3888 ryppa
1734 3801 2001 3889 Compa,
2034 3822 2263 3870 versus
2300 3803 2566 3891 plagam
2586 3804 3057 3872 occidentalem

813 3909 1237 3995 adiacentem,
1290 3916 1357 3978 et
1385 3909 1538 3977 inde
1588 3911 1984 3980 transeundo
2013 3911 2277 3980 flumicn
2314 3911 2486 4003 (igy)
2523 3915 2739 3983 Goron
2786 3912 2875 3979 ad
2905 3934 3057 4000 par-

811 4027 943 4087 tem
976 4019 1271 4089 similiter
1294 4019 1648 4089 occidentis
1668 4040 1874 4107 usque
1904 4021 2182 4088 riuulum
2212 4021 2474 4109 Nogsar
2506 4028 2797 4090 vocatum
2817 4021 3012 4089 sitam
3036 4044 3054 4106 ;

812 4130 994 4196 cuius
1025 4127 1285 4214 quidem
1336 4135 1506 4198 terre
1537 4151 1580 4197 a
1606 4141 1793 4217 parte
1845 4130 2325 4220 septemtrionis
2356 4131 2526 4199 iacet
2572 4130 2839 4199 residua
2876 4137 3058 4198 terra

812 4237 1159 4307 eorundem
1189 4235 1381 4323 Guge
1429 4246 1497 4306 et
1524 4238 1841 4325 Ladizlai‚
1893 4259 2039 4306 cum
2087 4237 2304 4308 feneto
2353 4246 2419 4306 et
2464 4238 2831 4306 nemoribus
2879 4238 3055 4307 inter

811 4346 1061 4436 Gompa
1090 4357 1156 4417 et
1186 4347 1407 4416 Goron
1454 4346 1823 4416 fluminibus
1873 4348 1957 4415 ad
1989 4347 2399 4416 latitudinem
2450 4347 2622 4417 dicte
2670 4347 3053 4433 quantitatis

810 4463 982 4525 terre
1011 4457 1485 4545 adiacentibus,
1519 4477 1637 4544 pro
1668 4454 2009 4524 duodecim
2043 4437 2280 4525 ma'rcis
2302 4458 2553 4543 argenti
2586 4458 2775 4544 plene
2804 4456 3050 4524 habitis

807 4565 1098 4654 predicto
1129 4565 1364 4635 comiti
1396 4567 1637 4655 Rugas,
1693 4572 1760 4635 et
1784 4585 1901 4653 per
1932 4585 2078 4634 eum
2121 4567 2258 4635 suis
2305 4565 2672 4653 heredibus,
2710 4565 3049 4634 heredum·

809 4695 937 4764 que
967 4695 1229 4745 suorum
1261 4674 1763 4762 successoribus,
1792 4681 2105 4763 perpetuo
2139 4681 2205 4742 et
2224 4672 2734 4744 irreuocabiliter
2766 4673 3049 4742 confessi
