3359 5250
1875 321 2007 393 306

810 523 987 593 ribus
1039 522 1121 590 de
1153 522 1413 612 populis
1446 521 1513 589 in
1544 519 1873 590 comitatu
1924 527 2143 590 vestro
2203 519 2658 605 existentibus,
2710 518 2823 604 qni
2853 538 3072 587 eoram

811 631 1000 701 vobis
1050 637 1523 718 remanserunt,
1567 627 1823 716 judicia
1870 634 2096 700 nostra
2145 628 2516 715 exigeretis,
2567 635 2635 697 et
2665 627 3064 698 aduersariis

717 808 721 814 .
807 739 1312 826 satisfaceretis3
1365 739 1676 807 miramur
1725 735 2009 824 quidem,
2061 737 2237 825 quod
2263 738 2471 806 nichil
2517 734 2873 805 secundum
2919 756 3064 804 con-

804 848 1213 917 suetudiuem
1231 847 1444 932 Regni
1473 846 1690 915 facere
1719 843 2077 916 intenditis.
2113 846 2276 915 Cum
2307 864 2501 934 super
2543 845 2669 913 hoc
2699 842 2887 912 vobis
2919 864 3059 931 per-

801 957 1115 1025 sonaliter
1148 955 1457 1025 fuerimus
1486 954 1710 1042 locuti,
1742 962 1964 1024 tamen
1996 953 2211 1024 adhuc
2245 975 2288 1023 a
2319 954 2507 1024 vobis
2549 954 2853 1042 petimine,
2886 951 3061 1038 qnod

801 1066 1024 1133 relicte
1055 1063 1173 1134 Osl
1202 1064 1369 1133 Bani
1401 1065 1484 1133 de
1515 1063 1653 1134 suis
1700 1063 2122 1150 adversariis,
2173 1063 2282 1151 qui
2320 1083 2543 1132 coram
2592 1061 2781 1132 nobis
2813 1080 3060 1128 reman-

799 1179 1041 1258 serunt,
1064 1172 1401 1259 Justiciam
1431 1171 1714 1259 faciatis,
1749 1179 1814 1241 et
1843 1179 2117 1261 partem,
2152 1192 2280 1259 que
2313 1194 2434 1242 nos
2467 1191 2585 1259 pro
2619 1171 2859 1241 nostris
2882 1168 3056 1256 judi-

797 1279 919 1347 ciis
950 1279 1286 1368 contingit,
1338 1302 1455 1369 per
1483 1281 1811 1351 hominem
1853 1288 2147 1350 nostrum
2194 1281 2384 1350 nobis
2436 1280 2710 1349 mittatis
2729 1331 2749 1367 ,
2800 1287 3058 1366 partem

795 1408 974 1475 vero,
1005 1408 1132 1475 que
1162 1408 1281 1459 vos
1314 1390 1631 1479 contingit
1660 1389 1994 1480 recipiatis
2026 1391 2239 1479 vobis,
2271 1390 2443 1459 sicut
2481 1387 2752 1458 debetis.

1009 1587 1110 1656 (Aa
1134 1588 1340 1645 sredeti
1362 1586 1494 1644 utin
1517 1592 1682 1660 Nagy
1697 1593 1860 1655 Imrs,
1885 1590 2065 1646 Hazai
2083 1586 2423 1659 Okmfiuytssr
2444 1590 2490 1642 1.
2516 1589 2630 1644 kut.
2654 1592 2742 1644 26.
2767 1589 2829 1658 l,)

1840 2384 1996 2454 213.

792 2566 1048 2635 Roland
1075 2566 1281 2634 wider
1309 2565 1684 2654 mqhaqw'a
1705 2564 1942 2636 Corlaol
1972 2569 2131 2633 nevil
2154 2566 2698 2655 pristaldusdnak,
2730 2568 2893 2658 hoyy
2931 2569 3045 2638 Osl

985 2676 1110 2741 ba‘m
1136 2677 1419 2762 &zveyye't
1451 2673 1701 2742 Chalad
1729 2674 2047 2741 birtokdba
2072 2677 2318 2742 {hta-ssa.
2368 2673 2834 2742 1249—126'0.

996 2869 1137 2937 Nos
1166 2871 1242 2937 R.
1273 2870 1616 2940 Palatinus
1647 2876 1713 2939 et
1745 2870 1978 2940 Comes
2009 2871 2432 2941 Posoniensis
2479 2872 2881 2960 precipimus
2916 2874 3041 2945 tibi

787 2974 1106 3062 pristaldo
1143 2984 1366 3046 nostro
1396 2977 1700 3066 Oorlado,
1751 2986 2070 3065 quatenus
2102 2986 2441 3069 assumpto
2486 2987 2704 3051 tecum
2741 2983 3032 3053 testimo·

783 3083 892 3152 nio
923 3083 1207 3172 Capituli
1257 3086 1632 3156 Grevriensis
1684 3086 1914 3173 vadas,
1965 3096 2031 3156 et
2058 3089 2283 3157 villam
2323 3088 2577 3158 Ohalad
2628 3096 2886 3159 statuas
2935 3113 3034 3160 re-

781 3190 936 3259 licte
967 3190 1085 3260 Osl
1115 3192 1285 3260 Bani
1315 3213 1511 3283 super
1540 3201 1727 3264 tanta
1756 3215 2012 3265 summa
2038 3197 2334 3284 pecunie,
2385 3196 2554 3266 sicut
2585 3198 3031 3269 continebitur

782 3298 852 3366 in
881 3297 1118 3366 litteris
1151 3301 1387 3370 nostris
1419 3302 1768 3389 prioribus,
1825 3309 1889 3371 et
1921 3303 2221 3389 assignes
2273 3304 2620 3373 terminum
2671 3313 3039 3394 competen-

780 3411 915 3474 tem
946 3410 1407 3479 commetaneis
1438 3409 1733 3497 ejusdem
1757 3419 1947 3497 terre,
1981 3411 2047 3478 in
2079 3429 2230 3498 quo,
2263 3412 2323 3480 si
2357 3413 2681 3482 voluerint
2709 3414 3039 3483 redimant

779 3518 1025 3582 terram
1074 3523 1498 3586 memoratam
1545 3518 1633 3588 ad
1680 3540 1774 3589 se.
1826 3522 2069 3589 Datum
2119 3521 2294 3590 Geur
2342 3521 2409 3589 in
2461 3523 2749 3592 crastino
2805 3525 3033 3593 Sancti

778 3622 1045 3691 Andree
1074 3622 1395 3711 Apostoli.

982 3821 1085 3890 (As
1110 3824 1312 3877 eredeti
1336 3821 1468 3878 utan
1493 3826 1654 3893 Nagy
1677 3824 1834 3889 Imre,
1860 3825 2036 3880 Hanni
2063 3822 2406 3895 Okmbnytar
2430 3831 2474 3882 1.
2502 3830 2613 3882 kat.
2646 3834 2732 3885 26.
2763 3829 2823 3899 l.)

1646 4162 2165 4177 Ἢ
