3359 5250
1758 378 1890 444 214

1754 949 1910 1019 141.

696 1137 758 1202 A
794 1136 1028 1222 nyz‘trai
1074 1133 1499 1219 kcipealannak
1549 1131 2093 1217 bizonysciylevele,
2145 1133 2310 1216 hoqy
2347 1128 2580 1216 Gyreta
2616 1129 2800 1193 Doha
2833 1129 2953 1212 fia,

696 1241 1158 1331 eyyszersmind
1194 1240 1547 1303 cestvfire'nelc
1582 1238 1984 1324 Mikecleynek
2033 1239 2528 1324 beleeyyezdsdvel
2554 1239 2611 1299 is
2643 1235 2955 1300 Heneuch-

696 1353 806 1416 ben
857 1351 987 1415 le'vb'
1035 1346 1435 1412 reszbz’rlokcit
1475 1345 1536 1410 Τ
1530 1345 1853 1424 ama'snak,
1923 1345 2168 1410 Vcnczcl
2195 1346 2429 1429 ficinak
2476 1343 2700 1429 eladja.
2753 1340 2947 1407 1246.

911 1542 1252 1610 Vniuersis
1284 1540 1530 1608 Christi
1582 1541 1902 1624 fidelibus,
1937 1539 2025 1607 ad
2064 1561 2227 1625 quos
2276 1547 2617 1627 presentes
2649 1557 2956 1627 peruene-

698 1655 851 1738 rint‚
883 1649 1231 1719 Nitriensis
1262 1647 1557 1715 Ecclesie
1589 1647 1966 1734 Capitulum
2018 1650 2361 1717 oraciones
2411 1650 2479 1716 in
2509 1648 2812 1717 Domine.
2860 1647 2954 1715 Si-

700 1761 1082 1845 gnificamus
1132 1765 1267 1825 tam
1322 1757 1649 1824 modernis
1703 1776 1900 1839 quam
1933 1755 2186 1841 futuris,
2238 1756 2413 1842 quod
2444 1759 2732 1826 Thomas
2782 1757 2955 1824 filius

699 1867 1090 1950 wenceslai,
1143 1885 1288 1930 cum
1322 1865 1574 1949 Gyreta
1604 1863 1739 1931 filio
1775 1865 1969 1932 Doba
1998 1864 2482 1949 consanguineo
2530 1884 2649 1934 suo
2679 1865 2764 1932 de
2795 1866 2956 1932 uilla

702 1978 1010 2046 Molonan
1067 1972 1430 2039 Comitatus
1462 1972 1833 2039 Borsiensis
1881 1972 1948 2039 iu
1981 1978 2209 2040 nostra
2255 1973 2603 2060 presencia
2651 1973 2957 2041 constitu-

700 2091 824 2170 tus,
882 2090 1084 2151 totam
1114 2086 1366 2167 partem
1415 2100 1601 2147 suam
1635 2080 1720 2146 de
1769 2085 1942 2147 terra
1973 2080 2284 2149 Heneuch
2333 2089 2771 2168 nuncupatam
2810 2100 2956 2148 cum

702 2212 1019 2258 consensu
1072 2188 1294 2255 fratris
1343 2189 1444 2255 sui
1476 2187 1807 2273 Mihcdey,
1859 2189 1969 2273 qui
2009 2208 2281 2275 presens
2327 2210 2459 2257 non
2505 2196 2666 2276 erat,
2714 2190 2833 2258 sed
2887 2200 2957 2259 ut

702 2300 874 2365 idem
905 2299 1195 2364 Thomas
1245 2296 1637 2382 affirmabat,
1691 2294 1819 2382 ipsi
1852 2298 2104 2381 Gyreta
2135 2319 2253 2384 pro
2302 2296 2512 2365 tribus
2562 2300 2802 2366 marcis
2850 2320 2950 2366 ar-

703 2406 881 2493 genti
915 2414 980 2473 et
1011 2404 1302 2488 dimidia,
1356 2424 1521 2490 quas
1556 2404 1766 2471 dictus
1797 2406 2084 2473 Thomas
2118 2404 2285 2472 dixit
2322 2406 2410 2471 ab
2443 2405 2673 2474 eodem
2706 2408 2957 2492 Gyreta

705 2512 997 2600 plenarie
1039 2532 1111 2580 sc
1160 2513 1509 2599 recepisse,
1566 2512 1866 2581 uendidit
1915 2513 2054 2581 iure
2102 2519 2416 2601 perpetuo
2470 2513 2954 2601 possidendam.

704 2623 839 2691 Nos
872 2619 1071 2706 igitur
1103 2620 1185 2688 de
1216 2642 1533 2689 consensu
1585 2620 1789 2708 ipsius
1820 2619 2147 2709 Mihcdey‚
2187 2628 2253 2690 et
2285 2622 2367 2690 dc
2405 2621 2537 2690 situ
2586 2631 2756 2692 terre
2803 2644 2949 2691 uen-

704 2732 835 2797 dite
870 2729 1219 2797 cerciorari
1269 2731 1587 2812 uolentes,
1641 2731 1731 2795 ad
1761 2729 2003 2797 dietam
2036 2739 2277 2798 terram
2310 2729 2635 2800 hominem
2664 2741 2956 2802 nostrum

705 2838 1204 2922 transmisimus,
1237 2837 1344 2922 qui
1367 2836 1626 2905 rediens
1648 2859 1768 2905 nos
1800 2838 2202 2923 certifieauit‚
2238 2838 2411 2924 quod
2432 2839 2770 2909 Mihedcus
2809 2862 2955 2908 uen-

706 2948 942 3015 dicioni
998 2945 1399 3014 consenserit
1429 2951 1805 3030 memorate,
1858 2965 1935 3012 eo
1968 2945 2141 3030 quod
2179 2947 2325 3032 ipsc
2353 2948 2677 3034 prefatam
2715 2959 2955 3018 terram

704 3055 960 3124 emendi
994 3076 1122 3122 non
1155 3055 1455 3122 habuerit
1484 3055 1903 3139 facultatem3
1939 3053 2020 3121 de
2050 3054 2179 3122 situ
2214 3054 2420 3121 eciam
2456 3056 2750 3123 ciusdem
2782 3062 2957 3125 terre

704 3163 877 3230 idem
908 3167 1102 3230 homo
1138 3171 1360 3232 noster
1390 3163 1577 3248 dixit,
1612 3164 1787 3249 quod
1819 3163 1993 3230 iacet
2023 3182 2067 3230 a
2095 3164 2301 3250 plaga
2332 3164 2633 3232 orientali
2666 3185 2749 3231 ex
2781 3173 2952 3232 utra—

709 3291 834 3356 que
887 3278 1070 3355 parte
1122 3270 1305 3355 fluuij
1358 3272 1567 3356 Sytva
1617 3270 1957 3337 nominati.
2008 3271 2087 3338 In
2136 3272 2322 3339 cuius
2371 3273 2468 3340 rei
2518 3274 2955 3341 testimonium

705 3381 956 3446 litteras
1006 3388 1347 3465 presentes
1379 3378 1578 3464 sigilli
1628 3379 1836 3447 nostri
1871 3379 2222 3448 munimine
2262 3380 2657 3450 confecimus
2689 3385 2950 3451 robora-

704 3493 826 3553 tas.
860 3485 1048 3553 Anno
1082 3485 1304 3572 gracie
1335 3487 1425 3552 ΜΟ
1446 3484 1746 3554 CO⁰XL⁰
1787 3493 1994 3556 sexto.

1315 3672 1373 3732 A
1802 3666 1856 3732 B
2289 3665 2340 3733 O

701 3844 977 3910 (Et-edetis
1023 3844 1351 3913 biirlsartyan
1397 3864 1431 3900 a
1474 3845 1848 3913 luiptalannak
1894 3843 2240 3914 voras-surgit
2282 3848 2737 3914 scly‹·mzsin6rou
2783 3850 2954 3915 silggii

1086 3936 1322 4004 pessel-je
1348 3940 1501 4003 alatt,
1530 3956 1561 3990 a
1590 3940 1753 3992 budni
1781 3941 1882 3990 kir.
1910 3940 2152 3991 kamarai
2180 3936 2559 4005 leveltarban.)

2013 4221 2099 4233 --ν
