3359 5250
1713 357 1844 454 ,2⁶0

1712 921 1864 991 181.
1911 1000 1914 1003 Α

654 1105 779 1172 JV.
809 1103 971 1169 Be'la
1001 1101 1333 1189 kirdlynak
1365 1101 1633 1168 Lorand
1664 1103 1872 1167 midor
1901 1110 1962 1167 e's
1996 1128 2036 1169 a
2071 1104 2286 1172 Bouch
2327 1110 2781 1197 nemzetse'ybdi
2823 1133 2926 1176 ne·

654 1214 847 1279 mesek
866 1213 1003 1278 k5zt
1034 1212 1321 1298 bizonyos
1351 1211 1963 1276 bio-eokdtruhdzdera
1995 1214 2328 1280 vonatkozd
2365 1216 2925 1305 helybenhaqydsa.

1687 1319 1883 1383 1248.

873 1516 1036 1583 Bela
1065 1514 1191 1581 Dei
1240 1516 1472 1599 gracia
1520 1513 1881 1600 Hungarie‚
1929 1515 2294 1596 Dalmacie,
2349 1517 2641 1602 Croacie‚
2693 1519 2917 1604 Rome,

658 1624 906 1709 Seruie,
943 1621 1250 1705 Gallicis,
1274 1621 1686 1705 Lodomerie,
1722 1620 2168 1706 Cumanieque
2185 1623 2331 1690 Rex
2351 1625 2651 1692 omnibus
2677 1623 2924 1693 Christi

656 1731 967 1799 fidelibus
999 1735 1369 1816 presentem
1401 1727 1716 1814 paginam
1759 1728 2152 1815 inspecturis
2203 1732 2484 1798 salutem
2522 1732 2588 1798 in
2620 1734 2921 1800 Domino.

661 1838 856 1920 Quod
882 1838 1085 1904 semel
1116 1833 1463 1902 iudiciario
1498 1835 1725 1902 ordine
1751 1835 2043 1919 legitime
2072 1834 2406 1924 diffinitur,
2439 1839 2694 1905 firmum
2728 1837 2930 1908 debet

658 1952 727 2013 et
755 1946 1214 2012 inconcussum
1247 1962 1652 2029 permanere,
1708 1948 1773 2010 et
1805 1963 1886 2008 ne
1919 1944 1987 2009 in
2020 1944 2308 2012 recidiue
2345 1947 2707 2029 questionis
2739 1969 2919 2016 scru-

659 2053 887 2142 pulum
917 2053 1273 2136 relabatur,
1326 2050 1717 2119 auctoritate
1745 2052 2052 2119 conuenit
2083 2053 2293 2138 Regia
2324 2054 2716 2124 confirmari.
2752 2056 2927 2124 Hinc

658 2167 783 2245 est,
834 2159 1009 2243 quod
1040 2156 1128 2225 ad
1162 2158 1605 2226 vniuersorum
1640 2159 1950 2226 noticiam
1983 2159 2216 2226 harum
2247 2161 2419 2228 serie
2450 2163 2751 2232 volumus
2778 2183 2922 2249 per·

661 2269 908 2352 uenire,
943 2266 1114 2350 quod
1146 2264 1531 2332 accedentes
1563 2265 1651 2331 ad
1682 2273 1974 2333 nostram
2003 2270 2412 2353 presenciam
2441 2271 2783 2338 Lorandus
2802 2272 2926 2337 Pa·

658 2375 908 2443 latinus
940 2379 1006 2442 et
1037 2373 1267 2442 Comes
1298 2374 1723 2441 Posonicnsis
1772 2376 1859 2441 ab
1899 2393 2031 2443 vna
2061 2383 2264 2463 parte,
2321 2375 2555 2462 odola,
2591 2377 2804 2445 Chelk
2855 2386 2926 2446 et

558 2535 569 2544 .
660 2482 888 2551 Bouch
918 2481 1037 2566 filij
1069 2480 1288 2547 Bouch
1323 2480 1408 2547 de
1439 2500 1684 2566 genere
1713 2482 1938 2549 Bouch
1975 2480 2141 2551 Bani
2177 2504 2260 2551 ex
2292 2485 2523 2570 altera,
2564 2487 2924 2573 personali-

662 2598 764 2660 ter
793 2608 1013 2657 coram
1045 2587 1235 2657 nobis
1286 2588 1658 2674 constituti3
1713 2587 2118 2674 quiquidem
2177 2590 2388 2658 Odola
2420 2611 2568 2659 cum
2615 2592 2930 2662 fratribus

664 2698 801 2766 suis
833 2697 1116 2765 confessi
1167 2706 1320 2764 sunt
1351 2699 1617 2766 oraculo
1649 2699 1800 2766 vine
1832 2700 2033 2783 vocis,
2067 2698 2242 2782 quod
2292 2699 2613 2782 quasdam
2663 2721 2923 2788 posses·

665 2806 887 2873 siones
936 2824 1091 2872 suas
1138 2803 1574 2871 hereditarias
1620 2804 1879 2890 Golgoa
1928 2812 1995 2873 et
2040 2807 2295 2874 Pethna
2339 2805 2409 2872 in
2462 2804 2790 2877 comitatu
2839 2808 2928 2876 de

663 2912 887 2998 Posga
934 2909 1101 2998 (igy,
1133 2911 1387 2997 Posega
1417 2909 1696 2998 helyett)
1730 2912 2085 2980 existentes
2117 2913 2328 2981 eidem
2378 2914 2684 2982 Lorando
2734 2916 2924 2983 Pala·

661 3018 799 3086 tino
848 3039 964 3106 pro
1001 3018 1483 3104 quatuorcentis
1517 3017 1752 3086 marcis
1784 3017 2274 3107 vendidissent3
2307 3020 2701 3090 Benedictus
2751 3024 2928 3090 scili·

664 3133 788 3213 cet,
839 3125 1013 3194 Borh
1046 3125 1277 3211 dictus,
1308 3126 1657 3194 Marcellus
1689 3134 1754 3193 et
1782 3126 2068 3193 Micbacl
2096 3126 2217 3193 filii
2248 3128 2372 3213 sui,
2424 3131 2535 3215 qui
2570 3131 2928 3217 personali-

662 3242 765 3301 ter
793 3232 1039 3301 ibidem
1070 3251 1292 3302 coram
1324 3233 1515 3301 nobis
1546 3240 1867 3319 astarunt,
1899 3242 2035 3300 tam
2065 3255 2184 3322 pro
2216 3254 2310 3321 se,
2342 3254 2540 3319 quam
2571 3236 2780 3305 eciam
2807 3258 2928 3323 pro

663 3340 818 3427 filijs
848 3340 986 3409 suis
1017 3339 1398 3424 minoribus,
1440 3341 1739 3411 similiter
1771 3341 1854 3409 de
1885 3362 2129 3426 genere
2160 3343 2450 3411 eiusdem
2480 3344 2707 3412 Bouch
2736 3344 2924 3430 Bani,

666 3448 947 3518 eundem
982 3447 1261 3516 Odolam
1295 3454 1361 3515 et
1391 3448 1625 3517 fratres
1660 3469 1813 3518 suos
1848 3450 2262 3536 supradictos
2294 3446 2752 3520 a'vendicione
2781 3472 2927 3539 pre·

667 3557 838 3625 dicte
864 3562 1054 3640 terre,
1088 3555 1390 3624 similiter
1430 3557 1709 3624 eundem
1728 3558 2101 3625 Lorandum
2135 3560 2512 3626 Palatinum
2541 3559 2627 3624 ab
2650 3559 2929 3646 empcio—

663 3682 749 3731 ne
785 3664 1275 3750 possessionum
1327 3665 1825 3751 antedictarum,
1879 3685 2084 3734 causa
2112 3665 2551 3751 proximitatis
2599 3685 2714 3734 seu
2748 3684 2928 3734 com-

664 3772 1052 3841 metacionis
1104 3791 1184 3840 ac
1231 3772 1592 3841 vicinitatis
1635 3773 2103 3859 prohibuerunt
2151 3781 2216 3839 et
2244 3772 2663 3842 inhibuerunt
2690 3796 2708 3859 ;
2764 3773 2924 3859 quia

668 3878 1129 3966 possessiones
1160 3882 1651 3966 prenominatae
1693 3881 1906 3950 dictus
1938 3880 2153 3949 Odola
2183 3889 2250 3948 et
2277 3881 2516 3948 fratres
2568 3880 2669 3949 sui
2701 3900 2930 3967 preno-

665 3986 916 4072 minati,
967 3986 1177 4054 eidem
1209 3985 1513 4055 Lorando
1545 3987 1852 4056 Palatino
1892 3988 2182 4072 legitime
2215 3995 2282 4055 et
2313 3988 2538 4056 ordine
2578 3987 2933 4074 judiciario

664 4093 951 4162 vendere
982 4114 1098 4163 seu
1130 4096 1392 4162 tradere
1420 4115 1553 4163 non
1585 4105 1874 4182 possent,
1918 4095 2077 4178 quia
2107 4095 2321 4181 magis
2355 4114 2433 4161 ac
2465 4095 2680 4178 magis
2713 4094 2928 4163 eidem

664 4200 1020 4270 Benedicto
1055 4211 1122 4269 et
1150 4202 1304 4287 filiis
1359 4202 1496 4268 suis
1527 4202 1801 4287 prefatis
1843 4210 2299 4290 congruerent,
2352 4201 2522 4269 sicut
2542 4202 2687 4288 jam
2719 4201 2937 4271 dictas

666 4307 1120 4398 possessiones
1152 4329 1308 4377 suas
1341 4329 1488 4378 esse
1519 4309 1954 4378 hereditarias
1986 4315 2424 4393 asseruerunt,
2479 4316 2545 4376 et
2575 4308 2932 4378 secundum

667 4416 1202 4485 consuetudinem
1222 4418 1433 4503 Regni
1453 4417 1884 4503 approbatam
1906 4437 2126 4485 coram
2152 4423 2377 4485 nostra
2394 4415 2744 4501 Majestate
2774 4435 2931 4483 eun·

668 4525 819 4592 dem
838 4524 1215 4594 Lorandum
1235 4525 1613 4594 Palatinum
1634 4524 2071 4612 deuecierant,
2107 4525 2281 4612 quod
2313 4525 2567 4609 absque
2596 4523 2936 4591 voluntate

669 4636 736 4700 et
757 4632 902 4701 sine
932 4633 1358 4719 permissione
1391 4632 1745 4702 eorundem
1778 4631 1987 4701 dictas
2006 4632 2456 4720 possessiones
2487 4629 2660 4698 idem
2691 4630 2937 4701 Loran·
