3359 5250
1385 237 1702 349 ..2222-

1471 819 1583 889 65.

385 990 517 1061 IV.
554 992 718 1059 Be'la
751 997 1099 1085 kirdlynak
1137 1002 1598 1088 p1·ivileqin.ma
1644 1029 1687 1071 α
1728 1006 1903 1072 barsi
1951 1008 2261 1096 vende'qek
2312 1008 2651 1096 (hospites)

1148 1109 1659 1197 szabadsrchi·6l.
1708 1117 1900 1180 1240.

608 1310 771 1376 Bela
818 1310 943 1377 Dei
994 1311 1219 1395 gracia
1272 1311 1592 1397 Vngarie,
1646 1295 2011 1398 Dalmacie,
2066 1313 2367 1397 Croacie,
2420 1315 2646 1396 Rame,

384 1417 638 1502 Seruie,
674 1418 976 1501 Gallicie,
1008 1419 1392 1488 Lodomerie
1415 1418 1862 1507 Cumanieque
1892 1424 2035 1489 Rex
2073 1423 2372 1491 omnibus
2406 1421 2648 1491 Christi

383 1521 698 1593 fidelibus
747 1545 1019 1613 presens
1065 1526 1379 1613 scriptum
1430 1527 1823 1615 inspecturis
1873 1528 2149 1597 salutem
2205 1535 2268 1595 et
2298 1550 2488 1597 omne
2540 1531 2647 1599 bo-

380 1653 566 1700 nnm.
597 1634 807 1700 Tanto
839 1632 1046 1719 Regie
1065 1632 1486 1702 celsitudinis
1520 1637 1661 1703 alta
1699 1637 2130 1724 prouidencia
2149 1658 2229 1705 ac
2260 1637 2644 1724 prouidendi

383 1742 706 1812 discrecio
727 1745 1078 1828 magnifica
1099 1744 1180 1811 de
1212 1750 1388 1812 statu
1421 1755 1486 1811 et
1507 1746 1789 1812 vtilitate
1820 1746 2147 1833 hospitum
2180 1749 2247 1814 in
2279 1767 2396 1816 suo
2415 1748 2641 1831 Regno

382 1851 937 1920 commorancium
969 1852 1315 1940 benignius
1334 1852 1531 1921 debet
1563 1850 1896 1940 ordinare3
1938 1861 2182 1939 quanto
2213 1854 2351 1940 iugi
2386 1855 2640 1922 illorum

379 1959 705 2028 famulatu
737 1962 966 2030 honori
997 1960 1203 2047 Regio
1233 1962 1615 2048 oportunius
1644 1961 1975 2030 assistitur
2005 1963 2279 2049 opcione
2312 1962 2641 2031 seruiendi

381 2068 702 2156 pleniore.
752 2070 1119 2156 Eapropter
1163 2069 1250 2136 ad
1304 2070 1610 2139 noticiam
1658 2072 2112 2139 vniuersorum
2156 2072 2452 2139 volumus
2501 2091 2642 2156 per·

379 2175 627 2260 uenire,
662 2178 832 2261 quod
855 2177 1239 2246 accedentes
1257 2177 1346 2245 ad
1376 2185 1669 2247 nostram
1701 2180 2105 2266 presenciam
2125 2179 2417 2265 hospites
2435 2178 2639 2247 nostri

380 2295 522 2353 tam
555 2285 856 2369 Hungari
885 2305 1082 2369 quam
1113 2286 1458 2354 Teutonici
1487 2286 1556 2353 in
1589 2287 1901 2355 subvrbio
1933 2288 2131 2355 castri
2161 2287 2244 2355 de
2273 2287 2439 2356 Bors
2472 2306 2636 2364 com-

379 2402 737 2482 morantes,
770 2394 1164 2463 vnanimiter
1213 2403 1277 2462 et
1309 2395 1640 2463 humiliter
1675 2397 1865 2465 nobis
1886 2396 2355 2483 supplicarunt,
2406 2403 2478 2463 ut
2514 2414 2635 2462 nos

377 2511 626 2571 statum
646 2504 1015 2588 eorundem,
1050 2505 1329 2589 qualiter
1362 2506 1513 2572 etin
1547 2505 1781 2590 quibus
1801 2506 1995 2573 nobis
2028 2511 2143 2573 aut
2160 2504 2396 2573 Comiti
2424 2503 2634 2573 Castri

375 2611 715 2681 desernire
746 2617 1110 2701 teneantur,
1160 2611 1463 2682 ordinare
1496 2622 1560 2684 et
1592 2613 1960 2683 ordinatum
2007 2613 2373 2701 exprimere
2404 2611 2632 2700 digna·

374 2742 615 2791 remur.
649 2721 787 2789 Nos
820 2721 1019 2807 igitur
1051 2722 1341 2808 ipsorum
1372 2722 1764 2808 peticionem
1784 2723 2251 2792 racionabilem
2290 2727 2355 2790 et
2383 2720 2629 2805 vtilem‚

371 2838 441 2896 et
472 2830 743 2897 honoris
774 2829 968 2915 Regij
1002 2830 1405 2897 commodum
1438 2832 1923 2916 contingentem
1963 2829 2399 2915 attendenteS,
2433 2832 2630 2898 talem

372 2938 471 3006 eis
504 2938 951 3005 concessimus
982 2937 1372 3023 libertatem,
1427 2943 1498 3004 vt
1529 2939 1717 3008 nobis
1750 2939 2196 3027 expedicionis
2227 2947 2449 3008 nostre
2479 2945 2632 3006 tem-

372 3065 540 3134 pore
569 3045 843 3114 militcm
894 3064 1090 3113 unum
1124 3045 1517 3114 ornamentis
1568 3047 1960 3114 militaribus
2006 3049 2277 3115 honeste
2328 3065 2631 3132 prepara-

370 3164 513 3223 tum
546 3174 630 3221 ex
665 3160 922 3222 centum
971 3152 1426 3222 mansionibus
1454 3153 1710 3222 mittere
1752 3160 2115 3240 teneantur,
2166 3153 2253 3221 ad
2282 3154 2465 3222 nulla
2496 3154 2632 3220 alia

372 3282 497 3349 pro
526 3261 723 3331 nobis
755 3258 1050 3345 obligati.
1098 3260 1335 3328 Comiti
1366 3279 1523 3329 vero
1557 3258 1772 3329 Castri
1804 3261 2006 3330 semel
2036 3266 2289 3329 tantum
2317 3260 2385 3327 in
2436 3282 2628 3346 anno,

369 3369 686 3437 videlicet
746 3368 814 3433 in
869 3366 1235 3434 Natiuitate
1281 3367 1543 3435 Domini
1592 3389 1791 3436 vnum
1850 3369 2167 3456 pecudem
2228 3370 2628 3457 pascualem,

369 3485 634 3546 centum
663 3495 894 3563 panes,
925 3473 1266 3544 duodecim
1299 3475 1988 3564 gallinas,-duodecim
2026 3479 2298 3547 cubulos
2330 3477 2625 3562 ceruisie‚

367 3594 440 3655 et
487 3585 783 3671 quelibet
832 3584 1084 3652 mansio
1115 3603 1311 3651 unum
1345 3584 1650 3651 eubulum
1702 3605 1960 3655 annone
2005 3586 2163 3653 dare
2217 3585 2624 3652 tenebuntur.

367 3695 538 3762 Item
567 3692 894 3777 volumus,
944 3689 1118 3777 quod
1150 3690 1220 3757 in
1253 3691 1473 3759 causis
1523 3691 1791 3759 minutis
1833 3712 1876 3759 a
1906 3712 2025 3760 suo
2075 3691 2481 3760 solummodo
2512 3692 2628 3758 vil-

363 3802 497 3870 lico
529 3800 614 3868 de
634 3797 958 3868 communi
989 3797 1341 3866 eorundem
1373 3817 1695 3867 consensu
1715 3799 2015 3867 ordinato
2040 3799 2444 3883 iudicentur;
2479 3820 2625 3867 cau·

368 3933 516 3980 sam
546 3919 785 3993 autem,
840 3927 965 3992 que
998 3905 1087 3974 ad
1118 3907 1456 3992 sanguinis
1490 3906 1893 3991 effusionem,
1945 3909 2052 3974 uel
2083 3906 2520 3993 perdicionem
2552 3908 2624 3976 li-

364 4018 646 4086 bertatis
677 4016 954 4085 alicuius
990 4035 1258 4101 uergere
1292 4015 1521 4102 possit,
1557 4014 1791 4084 Comes
1823 4012 2038 4083 Castri
2069 4022 2373 4101 presente
2402 4014 2622 4082 villico

364 4127 708 4196 iudicabit.
741 4125 1172 4195 concedimus
1205 4125 1434 4212 eciam,
1469 4132 1539 4193 vt
1567 4126 1634 4192 in
1666 4126 2007 4211 presencia
2040 4125 2320 4193 Curialis
2354 4121 2623 4192 Comitis

362 4235 764 4323 respondere
814 4234 882 4302 in
916 4235 1094 4302 nullo
1125 4240 1484 4303 teneantur.
1538 4237 1704 4302 Item
1736 4235 1805 4300 iu
1843 4233 2184 4320 presencia
2234 4232 2467 4300 iudicis
2519 4251 2623 4298 ex-

361 4344 576 4412 tranei
626 4344 810 4411 uulla
840 4361 1110 4430 prorsus
1141 4364 1261 4429 pro
1316 4362 1519 4410 causa
1550 4343 1808 4428 possint
1859 4340 2215 4427 conueniri,
2268 4339 2388 4406 sed
2419 4340 2477 4406 si
2508 4339 2621 4408 Co·

366 4472 508 4520 mes
559 4459 677 4520 aut
724 4452 987 4521 villicus
1039 4451 1237 4519 alicui
1289 4449 1373 4519 de
1421 4450 1755 4518 extraneis
1803 4449 2027 4532 agenti
2076 4453 2302 4515 contra
2345 4448 2525 4535 ipsos
2554 4448 2621 4514 in

362 4559 671 4629 facienda
723 4559 984 4628 iusticia
1034 4560 1378 4646 negligens
1432 4559 1622 4627 suerit
1674 4565 1791 4626 aut
1822 4557 2149 4645 remissus,
2204 4557 2347 4645 ipse
2404 4577 2619 4623 coram
