3359 5250
1406 382 1721 491 ...2⁹13ss

427 584 822 675 supradicte.
854 587 993 656 Nos
1028 587 1227 673 igitur
1256 586 1474 654 vocati
1507 592 1572 654 et
1602 584 1827 672 rogati
1870 582 1955 652 ad
1988 583 2324 668 utriusque
2356 583 2563 671 partis
2595 582 2686 649 in-

415 698 765 783 stanciam,
820 716 904 764 ne
942 715 1141 785 super
1170 691 1628 781 redempcione
1660 693 1868 778 pueri,
1904 696 1971 759 et
2002 712 2197 778 super
2228 697 2405 759 statu
2437 712 2686 777 posses·

414 804 623 871 sionis
657 803 988 872 antedicte
1041 824 1159 892 per
1192 802 1567 889 quempiam
1618 801 1897 868 materia
1950 785 2130 884 dubij
2164 818 2284 868 seu
2321 800 2683 885 questionis

415 911 626 998 possit
656 912 986 998 generari,
1041 917 1386 998 presentes
1435 911 1880 979 concessimus
1930 909 2184 976 litteras
2219 907 2425 977 nostri
2476 907 2683 994 sigilli

413 1019 790 1105 munimine,
824 1026 891 1087 et
920 1019 1350 1106 apposicione
1381 1018 1791 1103 singulorum
1830 1016 2267 1105 predictorum
2303 1022 2676 1103 procurato-

414 1150 556 1196 rum
589 1129 1025 1215 suprascripti
1059 1127 1374 1215 Capituli,
1429 1147 1510 1195 ne
1539 1126 1801 1195 falsitas
1837 1124 2202 1214 preiudicet
2237 1124 2520 1209 veritati,
2574 1126 2681 1192 uel

416 1238 675 1322 equitas
725 1236 1048 1305 subdatur
1098 1235 1450 1321 iniquitati,
1500 1254 1617 1303 eas
1650 1234 1951 1303 duximus
2008 1233 2300 1302 roborari
2320 1240 2399 1300 ‚et
2436 1233 2682 1319 pariter

417 1345 813 1431 consignari.
858 1346 1103 1413 Datum
1137 1365 1309 1413 anno
1346 1342 1610 1412 Domini
1642 1344 1736 1410 M·
1757 1343 1888 1413 00⁰
1907 1343 1983 1409 L⁰
2020 1343 2251 1429 primo.

660 1547 745 1610 (V.
773 1542 961 1598 Istvan
978 1541 1275 1611 kiralynak
1307 1545 1533 1596 laos-ki
1559 1542 1886 1611 megersssitd
1913 1540 2429 1610 privilegiumabol.)

1279 1831 1816 1840 -————-—-———-—.

1487 2278 1642 2347 231.

424 2459 488 2524 Α
521 2461 810 2527 zalavdm'
854 2458 1231 2525 konventnek
1267 2459 1801 2547 bizonysdqlevele,
1848 2461 2012 2546 hoyy
2043 2458 2207 2541 Zele,
2240 2461 2423 2527 Lona
2469 2485 2687 2528 comes·

422 2568 536 2633 mk
568 2569 675 2652 fia
722 2569 1007 2655 bizonyos
1051 2567 1464 2655 jsldbirtokot
1510 2567 1769 2634 Hahold
1818 2568 2147 2634 mesternek
2195 2569 2439 2636 eladott.
2494 2570 2688 2636 1251.

642 2765 906 2833 Blasius
940 2764 1372 2835 miseracione
1402 2764 1650 2833 Diuina
1671 2765 1900 2834 Abbas
1931 2766 2342 2835 Zaladiensis
2379 2772 2684 2851 totusque

424 2870 719 2940 eiusdem
768 2873 897 2941 loci
927 2873 1298 2941 conuentus
1335 2873 1658 2942 vninersis
1694 2894 1966 2960 presens
2013 2875 2324 2962 scriptum
2358 2874 2677 2962 inspectu·

424 2981 516 3048 ris
566 2981 908 3050 oraciones
961 2982 1029 3048 in
1064 2982 1367 3050 Domino.
1421 2982 1525 3049 Ad
1575 2982 2047 3050 wniuersorum
2096 2982 2406 3049 noticiam
2455 2987 2681 3050 tenore

424 3091 835 3179 presencium
890 3091 1190 3159 uolumus
1236 3091 1578 3178 peruenire
1598 3142 1615 3176 ,
1679 3091 1856 3175 quod
1907 3089 2274 3158 constitutis
2326 3090 2393 3156 in
2454 3097 2682 3158 nostra

425 3199 766 3288 presencia
795 3199 951 3268 Zele
983 3200 1118 3268 filio
1152 3199 1424 3268 Comitis
1457 3200 1643 3267 Lona
1673 3200 1759 3268 ab
1792 3220 1925 3267 una
1954 3205 2165 3286 parte,
2205 3197 2522 3282 Magistro
2557 3200 2685 3267 Ho-

426 3305 624 3376 holdo
656 3305 788 3374 filio
818 3305 1107 3375 Hoholdi
1137 3306 1221 3373 ab
1257 3307 1483 3395 altera,
1524 3307 1698 3375 idem
1732 3307 1923 3376 Scele
1963 3306 2301 3374 confessus
2333 3313 2452 3391 est,
2506 3307 2680 3390 quod

426 3421 663 3483 terram
697 3435 888 3484 suam
922 3415 1316 3502 empticiam,
1362 3416 1737 3500 contiguam
1768 3414 2058 3483 eiusdem
2085 3421 2255 3482 terre
2286 3413 2544 3500 Bogata
2575 3434 2686 3483 vo-

425 3530 592 3610 cate,
625 3543 820 3610 quam
853 3530 1043 3611 pater
1072 3523 1262 3591 Scele
1293 3543 1336 3590 a
1365 3522 1519 3608 filijs
1554 3523 1792 3611 Mitius,
1826 3521 2128 3606 Martino,
2156 3522 2359 3608 Bnck,
2401 3525 2683 3592 Lauren·

426 3634 547 3720 cio,
583 3631 754 3719 Olup
786 3638 853 3699 et
885 3633 1129 3718 Mykou
1163 3631 1492 3716 uidelicet,
1546 3652 1666 3699 nec
1706 3652 1833 3700 non
1882 3632 2017 3700 filio
2059 3631 2416 3698 Alexandri
2465 3632 2683 3701 Pousa

429 3742 706 3825 nomine,
761 3740 981 3826 precio
1035 3746 1487 3826 compararat;
1540 3746 1733 3826 prout
1763 3741 1829 3806 in
1883 3739 2231 3826 priuilegio
2269 3740 2527 3807 Andree
2562 3726 2682 3809 Dei

427 3848 655 3934 gracia
684 3848 887 3932 Regis
919 3848 1256 3935 Hungarie
1302 3848 1559 3936 plenius
1591 3849 1981 3935 continetur,
2033 3849 2346 3933 Magistro
2379 3848 2684 3917 Hoholdo

427 3957 714 4043 predicto
765 3979 885 4045 pro
938 3957 1378 4043 quadraginta
1429 3957 1667 4025 marcis
1715 3955 2090 4026 vendidisse
2123 3955 2317 4044 (igy),
2368 3964 2682 4045 perpetuo

427 4072 493 4133 et
535 4065 1061 4135 irreuocabiliter
1114 4066 1599 4152 possidendam.
1650 4065 1848 4134 Cuius
1902 4072 2075 4135 terre
2133 4072 2318 4154 mete,
2373 4072 2565 4153 prout
2614 4072 2682 4132 in

426 4173 597 4241 dicto
646 4173 998 4262 priuilegio
1030 4173 1288 4241 Andree
1337 4173 1541 4260 Regis
1591 4173 1979 4259 continetur,
2032 4173 2156 4242 hoc
2189 4171 2412 4241 ordine
2458 4173 2681 4241 distin-

424 4289 685 4367 guntur.
717 4281 940 4348 Prima
972 4280 1279 4349 uidelicet
1308 4288 1485 4350 meta
1513 4282 1745 4369 incipit
1781 4303 1824 4349 a
1854 4289 2043 4370 parte
2073 4282 2360 4368 orientis,
2404 4288 2472 4349 et
2499 4281 2685 4349 uadit

425 4392 511 4458 ad
541 4399 797 4478 partem
848 4390 1359 4477 meridionalem,
1410 4396 1479 4458 et
1506 4390 1600 4457 ibi
1628 4391 1814 4477 ponit
1864 4399 2105 4460 metam
2157 4389 2476 4477 primam;
2530 4389 2681 4456 inde

421 4498 784 4606 regreditur
818 4498 906 4566 ad
934 4518 1174 4568 nouam
1205 4498 1474 4585 curiam,
1528 4505 1594 4566 et
1623 4498 1715 4566 ibi
1747 4505 2175 4567 commetatur
2222 4518 2368 4565 cum
2410 4496 2679 4582 eadem;

423 4606 660 4675 dehinc
691 4606 1057 4692 regreditur
1105 4613 1172 4675 et
1202 4605 1424 4691 uergit
1452 4626 1571 4693 per
1622 4613 1831 4673 metas
1868 4607 2167 4692 signatas
2211 4608 2280 4673 in
2314 4604 2678 4688 arboribus,

422 4723 485 4783 et
514 4717 817 4803 peruenit
848 4714 937 4782 ad
965 4715 1234 4788 fluuium
1268 4713 1544 4797 Kanisa,
1598 4721 1664 4782 et
1693 4715 2061 4784 transuadit
2099 4714 2298 4800 illud;
2352 4714 2500 4780 hinc
2533 4713 2680 4780 diri-
