3359 5250
1310 459 1330 466 -
1389 371 1626 467 422„

349 571 644 659 predicto
673 568 1072 638 Monasterio
1122 566 1436 633 haberent
1466 564 1965 651 protensionem.
2019 565 2092 629 In
2130 561 2315 646 cujus
2347 560 2441 625 rei
2476 578 2598 623 mc·

343 680 616 748 moriam
649 684 988 766 presentes
1008 675 1448 745 concessimus
1479 673 1737 742 litteras
1769 671 1974 755 sigilli
2012 668 2217 738 nostri
2243 666 2599 733 munimine

338 788 702 856 roboratas.

594 944 663 1017 (A
692 945 961 999 seheri-ari
988 943 1364 1014 kziptalannak
1401 943 1619 997 mss-ki
1645 938 1935 994 aitiratabol
1964 942 2099 994 mint
2127 937 2330 1004 alabb.)

1207 1230 1735 1243 ——-—-——-—————-

1393 1646 1553 1713 314.

339 1832 398 1896 A
427 1831 687 1917 posequi
715 1827 1142 1916 lca'ptalannalc
1173 1828 1712 1913 bizonysdylevele,
1743 1829 1906 1912 hoyy
1946 1826 2155 1890 Bilota
2196 1821 2479 1887 Both-nale
2493 1820 2600 1904 fia

339 1939 563 2004 Lusan
613 1937 881 2003 birtokctt
928 1936 1213 2000 Demeter
1265 1935 1543 2022 Predray
1571 1936 1825 2018 ficinak,
1875 1940 1934 1999 e's
1985 1934 2275 2019 Draqota
2326 1930 2593 2014 Draycm

1102 2043 1328 2127 ficinak
1358 2044 1585 2109 eladta.
1625 2042 1821 2109 1256.

899 2223 957 2288 A
1151 2206 1156 2209 Δ
1267 2221 1321 2286 Β
1628 2218 1679 2286 C
1985 2219 2046 2284 D

557 2400 925 2488 Capitulum
960 2400 1255 2467 Ecclesie
1285 2400 1470 2467 Beati
1504 2398 1676 2467 Petri
1713 2400 1795 2466 de
1825 2399 2089 2484 Posaga
2130 2396 2424 2465 omnibus
2459 2415 2594 2481 pre·

337 2519 592 2581 sentem
628 2510 938 2597 paginam
970 2509 1364 2594 inspecturis
1398 2509 1676 2575 salutem
1709 2509 1777 2576 in
1799 2509 2078 2575 Domino
2109 2506 2591 2593 sempiternam.

334 2621 442 2688 Ad
494 2619 940 2688 vninersorum
993 2617 1308 2686 noticiam
1368 2615 1598 2685 harum
1648 2615 1820 2684 serie
1868 2616 2166 2686 volumus
2229 2614 2590 2702 peruenire,

334 2728 514 2813 quod
544 2727 862 2794 accedens
893 2727 980 2793 ad
1031 2732 1322 2795 nostram
1352 2726 1767 2812 presenciam
1799 2725 2039 2811 Bylota
2087 2732 2321 2793 terram
2364 2731 2593 2791 tenens

335 2837 512 2904 filius
545 2834 713 2904 Bolk
748 2854 830 2901 ex
865 2854 994 2902 una
1026 2842 1250 2921 parte3
1285 2855 1366 2900 cx
1401 2835 1609 2902 altera
1643 2854 1795 2903 uero
1826 2834 2194 2901 Demetrius
2235 2833 2405 2900 filins
2438 2834 2588 2898 Pre-

336 2947 530 3029 drag,
562 2944 863 3028 Dragota
906 2942 1077 3011 filius
1113 2945 1382 3028 Dragan
1429 2951 1674 3012 terram
1705 2950 2019 3028 tenentes,
2069 2944 2137 3010 in
2175 2951 2399 3011 nostra
2449 2962 2591 3028 pre·

337 3054 569 3120 seneia
598 3054 968 3120 astiterunt.
1019 3050 1200 3119 Idem
1232 3052 1471 3139 Bylota
1503 3052 1841 3120 confessus
1874 3060 1995 3137 est,
2045 3071 2119 3119 se
2154 3073 2373 3121 coram
2405 3051 2592 3119 nobis

333 3169 583 3229 terram
603 3156 937 3244 quandam
968 3178 1157 3226 suam
1179 3161 1403 3226 Lusan
1435 3166 1875 3246 nuncupatam
1902 3159 2124 3244 precio
2144 3165 2587 3244 comparatam

330 3266 420 3335 de
472 3267 789 3336 Wnlkota
833 3265 1194 3352 jobagione
1249 3266 1463 3334 Castri
1527 3276 1746 3336 nostro
1810 3268 2178 3335 testimonio
2241 3265 2589 3348 mediante,

329 3396 533 3461 quam
562 3381 803 3443 terram
836 3373 1010 3442 idem
1044 3374 1346 3445 Wulcota
1384 3384 1538 3443 ante
1586 3374 1943 3444 aduentum
1975 3378 2398 3444 Tartarorum
2430 3375 2590 3459 opti·

332 3489 588 3568 nuerat,
650 3502 732 3550 ex
781 3501 1100 3550 consensu
1151 3482 1310 3549 Bele
1361 3481 1584 3551 fratris
1633 3483 1737 3550 sui
1788 3489 1853 3550 et
1907 3482 2244 3551 uoluntate
2293 3482 2593 3549 Wulcota

330 3592 719 3679 supradicti,
773 3592 1103 3659 Demetrio
1157 3596 1224 3656 et
1254 3592 1548 3676 Dragota
1598 3590 1999 3677 supradictis
2046 3590 2423 3659 vendidisse
2472 3611 2587 3676 pro

324 3699 606 3784 triginta
636 3698 846 3767 tribus
898 3699 1122 3784 pensis
1152 3698 1238 3765 ad
1270 3706 1638 3785 compotum
1692 3700 2133 3768 frisatieorum
2189 3698 2255 3765 in
2295 3706 2587 3783 argento,

325 3808 516 3893 equis
548 3813 613 3874 et
650 3806 879 3890 bobus,
932 3827 1152 3876 coram
1184 3806 1373 3876 nobis
1407 3807 1816 3894 integraliter
1848 3808 2221 3893 persolutio,
2270 3807 2587 3894 imperpe-

337 3926 520 3983 tuum
569 3916 842 4000 pacifice
892 3912 1378 4001 possidendam.
1433 3914 1634 3984 Cuius
1664 3921 1836 3983 terre
1888 3934 2233 4002 processus
2281 3913 2434 3981 talis
2472 3923 2594 3999 est,

336 4021 514 4108 quod
546 4023 775 4110 incipit
804 4022 892 4089 ab
919 4021 1169 4090 Oriaua
1198 4024 1282 4091 de
1314 4028 1489 4090 terra
1520 4024 1799 4091 Remunt
1830 4042 2059 4092 versus
2088 4024 2496 4108 aquilonem3
2531 4027 2597 4091 et

330 4131 575 4200 abinde
627 4131 836 4199 tendit
868 4133 936 4199 in
987 4131 1169 4199 sicca
1200 4132 1374 4199 valle
1426 4132 1514 4199 ad
1547 4132 1802 4214 siluam,
1856 4151 1983 4214 que
2032 4133 2207 4199 sicca
2253 4130 2444 4198 vallis
2494 4140 2596 4198 est

321 4262 442 4328 pro
496 4247 674 4307 meta
735 4238 1133 4326 supradictis
1187 4241 1520 4311 Demetrio
1570 4248 1637 4307 et
1692 4243 1989 4325 Dragota
2037 4258 2182 4306 cum
2242 4239 2480 4325 Bylota
2528 4240 2596 4306 in

319 4350 595 4434 Soelca3
655 4348 812 4415 item
847 4346 1123 4416 tendens
1153 4348 1222 4415 in
1257 4368 1497 4432 magno
1530 4350 1758 4434 spacio
1791 4369 1908 4435 per
1939 4349 2152 4435 ipsam
2184 4347 2426 4415 siccam
2461 4348 2588 4413 val·

318 4478 448 4542 em,
509 4466 576 4526 et
641 4456 950 4544 peruenit
1000 4457 1090 4524 ad
1142 4476 1450 4542 magnam
1510 4463 1787 4524 stratam
1838 4457 2152 4544 Regalem
2175 4507 2192 4540 ,
2245 4463 2311 4523 et
2362 4454 2596 4523 transit

329 4565 544 4651 ipsam
576 4565 751 4632 viam
783 4565 1096 4651 Regalem
1131 4585 1359 4633 versus
1391 4564 1725 4634 meridiem
1764 4566 1829 4632 in
1864 4565 1991 4632 fine
2021 4565 2357 4634 cuiusdam
2388 4562 2593 4650 plani·

331 4674 496 4762 ciei;
550 4673 791 4742 deinde
823 4673 1032 4742 tendit
1081 4693 1309 4743 versus
1341 4675 1678 4761 orientem,
1731 4683 1796 4743 ct
1828 4673 1925 4741 sic
1956 4674 2256 4761 peruenit
2303 4674 2370 4740 in
2408 4673 2591 4741 Oria-
