3359 5250
1834 334 1958 397 106

1846 914 1957 984 67.

759 1089 874 1155 IX.
910 1090 1180 1179 (ἕω-9819
1206 1097 1387 1180 pdpa
1409 1094 1660 1181 Mdtyds
1693 1099 1933 1183 ujonan
1954 1100 2220 1183 postulet
2247 1112 2271 1164 t
2303 1109 2669 1194 eszlcryami
2698 1109 3011 1192 mehele,

1446 1226 1486 1266 ιι
1511 1203 1852 1300 palliumot
1887 1206 2091 1278 haldi.
2127 1211 2319 1284 1240.

992 1411 1345 1501 Gregorius
1391 1416 1753 1503 Episcopus
1803 1436 2033 1485 seruus
2083 1437 2413 1486 seruorum
2466 1420 2590 1487 Dei
2640 1419 3006 1486 venerabili

757 1518 945 1589 fratri
993 1571 1008 1587 .
1044 1573 1058 1588 .
1099 1575 1112 1589 .
1161 1524 1488 1613 Episcopo
1544 1523 1870 1609 quondam
1920 1525 2247 1595 Waciensi
2299 1528 2365 1594 in
2421 1527 3005 1615 Archiepiscopum

752 1629 1260 1713 Strigoniensem
1292 1633 1538 1719 Electo,
1588 1633 1864 1701 salutem
1900 1638 1963 1700 et
1992 1634 2439 1721 Apostolicam
2471 1633 3004 1703 benedictionem.

754 1736 1048 1805 Dilectos
1081 1739 1250 1808 filios
1287 1790 1301 1805 .
1339 1791 1354 1806 .
1391 1791 1407 1808 .
1441 1740 1859 1828 Propositum
1912 1740 1994 1808 de
2024 1742 2303 1830 Scippis,
2338 1744 2693 1829 Magistros
2722 1743 3003 1810 Albeum

752 1846 1166 1933 Nitriensem,
1198 1853 1265 1916 et
1295 1849 1635 1918 Nicolaum
1670 1849 2165 1917 Gumnriensem
2197 1849 2736 1936 Archidiaconos,
2771 1851 3002 1919 Gerar-

751 1953 904 2023 dum
954 1958 1311 2026 Plcbannm
1373 1957 1455 2025 de
1504 1957 1737 2046 Banya
1799 1962 1863 2025 et
1906 1957 2260 2026 Ricardum
2321 1959 2658 2027 Lectorem
2706 1958 3005 2027 Ecclesie

750 2063 1239 2152 strigoniensis,
1273 2065 1767 2135 concanonicos
1798 2073 1865 2134 et
1896 2073 2349 2153 procuratores
2381 2066 2667 2153 Capituli
2709 2066 3002 2134 eiusdem

750 2176 1044 2244 Ecclesie
1076 2175 1222 2243 cum
1272 2176 1507 2244 litteris
1542 2177 1816 2264 predicti
1847 2176 2130 2264 Capituli
2161 2175 2248 2242 ad
2285 2176 2523 2245 Sedem
2555 2174 3002 2264 Apostolicam

751 2283 1155 2369 accedentes,
1186 2284 1593 2370 benignitate
1626 2285 1973 2373 recipimus
2004 2291 2339 2369 consueta,
2372 2291 2437 2352 et
2469 2285 2997 2372 postulationem,

749 2409 943 2475 qnam
976 2392 1058 2459 de
1108 2400 1171 2460 te
1201 2392 1403 2461 fratre
1432 2400 1656 2463 nostro
1696 2396 1804 2482 M„
1838 2395 2162 2482 Episcopo
2183 2393 2511 2481 quondam
2544 2392 2897 2480 Waciensi,
2929 2392 2998 2460 in

748 2497 1257 2584 Strigoniensem
1305 2502 1879 2590 Archiepiscopnm
1941 2502 2348 2572 concorditer
2411 2501 2826 2570 celebrarunt
2843 2552 2863 2586 ,
2928 2509 2998 2570 ut

747 2609 973 2679 eedem
1006 2607 1220 2681 littere
1271 2611 1711 2698 continebant,
1762 2612 1951 2680 nobis
1982 2631 2098 2700 per
2129 2632 2242 2681 eos
2293 2612 2620 2681 humiliter
2667 2620 2997 2700 presenta-

747 2724 901 2803 tam,
932 2739 1052 2805 per
1081 2719 1317 2791 fratres
1348 2725 1605 2789 nostros
1626 2720 1986 2788 examinari
2017 2719 2288 2789 fecimus
2311 2720 2680 2805 diligenter,
2720 2740 2997 2806 eamque

745 2844 874 2892 non
904 2825 1210 2895 duximus
1243 2826 1732 2909 admittendam,
1780 2827 1935 2913 quia
1964 2827 2178 2914 ipsam
2211 2827 2501 2896 constitit
2544 2827 2757 2895 minus
2804 2848 2995 2897 cano-

746 2933 891 3002 nice
918 2934 1339 3003 celebratam.
1392 2933 1691 3001 Ceterum
1723 2932 2157 3020 attendentes,
2191 2934 2365 3020 quod
2401 2934 2895 3004 karissimorum
2927 2934 2996 3003 in

746 3040 1003 3111 Christo
1052 3041 1328 3112 filiorum
1359 3049 1724 3112 nostrorum
1750 3043 1824 3109 B.
1858 3044 2148 3129 Ungarie
2197 3051 2264 3112 et
2309 3043 2693 3112 Colomanni
2737 3044 2993 3128 Regum

746 3150 1118 3239 Illustrium,
1171 3159 1237 3220 et
1267 3153 1543 3222 aliorum
1595 3152 2070 3239 fidedignorum
2101 3150 2476 3220 testimonia
2524 3150 2610 3219 de
2639 3151 2796 3237 vita,
2848 3172 2995 3220 con·

743 3260 1116 3329 versatione
1164 3260 1463 3345 honesta,
1516 3262 1885 3330 litteratura
1936 3265 2002 3328 et
2052 3259 2377 3346 gravitate
2426 3278 2672 3327 morum
2716 3266 2783 3328 te
2815 3257 2997 3346 apud

741 3388 864 3436 nos
885 3368 1302 3438 reddiderunt
1331 3390 1522 3455 quam
1544 3370 1894 3457 plurimum
1917 3367 2458 3455 commendatum,
2478 3369 2771 3437 volentes
2791 3367 2995 3436 etiam

741 3476 954 3545 cidem
987 3477 1277 3546 Ecclesie
1326 3483 1656 3564 tamqnam
1688 3478 1961 3565 speciali
2008 3477 2141 3545 filie
2171 3477 2537 3546 uberiorem
2569 3475 2849 3563 gratiam
2880 3477 2994 3543 im·

740 3584 987 3672 pcrtiri,
1043 3606 1125 3654 ne
1156 3593 1521 3656 remaneret
1566 3585 1815 3653 diutius
1846 3585 2132 3672 pastoris
2180 3585 2416 3653 solatio
2469 3585 2800 3669 destituta,
2850 3589 2918 3650 te
2951 3604 2995 3650 a

737 3692 1019 3782 vinculo,
1071 3715 1197 3780 quo
1228 3695 1556 3764 tenebaris
1586 3694 1919 3763 Wacicnsi
1949 3693 2263 3781 Ecclesie,
2304 3694 2743 3778 absolventes,
2776 3692 2993 3759 eidem

742 3803 824 3870 de
855 3805 1128 3892 speciali
1159 3805 1375 3892 gratia
1419 3806 1487 3874 in
1518 3811 1770 3892 patrem
1802 3802 2237 3872 concessimus
2280 3809 2347 3871 et
2374 3808 2720 3889 pastorem,
2771 3818 2994 3867 curam

737 3911 856 3980 tibi
888 3912 1197 3983 iamdicte
1214 3913 1679 3999 strigoniensis
1700 3911 1995 3980 Ecclesie
2025 3911 2515 3981 committentes.
2548 3911 2653 3978 Ad
2684 3911 2807 3978 hoc
2841 3928 2990 3975 cum

736 4022 1041 4109 palleum,
1078 4023 1336 4108 insigne
1354 4021 1657 4089 videlicet
1688 4018 2091 4089 Pontifiealis
2125 4019 2338 4104 officii,
2371 4039 2454 4086 ex
2484 4026 2673 4106 parte
2705 4016 2991 4105 Capituli

736 4132 1095 4219 supradicti
1146 4152 1262 4220 per
1294 4138 1745 4218 procuratores
1797 4129 2086 4217 prefatos
2120 4128 2353 4196 fuisset
2398 4148 2440 4194 a
2470 4128 2657 4195 nobis
2708 4146 2853 4193 cum
2883 4144 2991 4207 ea,

734 4260 867 4327 qua
898 4239 1133 4328 decuit,
1183 4239 1497 4307 instantia
1546 4240 1970 4325 postulatum,
2025 4257 2142 4304 nos
2176 4236 2464 4323 ipsorum
2500 4233 2754 4302 devotis
2785 4232 2992 4321 preci-

734 4349 856 4416 bus
906 4355 1306 4432 annuentes,
1356 4349 1719 4435 prescripte
1767 4346 2061 4413 Ecclesie
2115 4341 2585 4430 Strigoniensis
2604 4394 2621 4427 ,
2676 4340 2989 4425 temporis

735 4458 990 4524 malitia
1020 4465 1086 4525 et
1119 4457 1373 4527 itineris
1423 4456 1807 4524 difficultate
1839 4455 2148 4542 pensatis,
2181 4452 2514 4540 cupientes
2557 4449 2991 4537 indempnita-

733 4567 906 4636 tibus
938 4585 1310 4655 precavere,
1361 4567 1524 4635 illud
1556 4566 1637 4634 de
1670 4585 1940 4651 corpore
1972 4564 2161 4631 Beati
2193 4562 2367 4630 Petri
2399 4566 2746 4647 sumptum,
2795 4576 2995 4626 vene-

733 4677 926 4745 rabili
959 4676 1143 4745 fratri
1194 4683 1414 4745 nostro
1585 4674 1926 4743 Coloccnsi
1961 4670 2470 4758 Archiepiscopo
2522 4689 2640 4756 per
2687 4686 2996 4756 procura-
