3359 5250
1851 347 1981 411 342

783 541 938 608 inde
975 543 1213 607 transit
1249 560 1440 606 vnum
1494 542 1937 627 oscewpotok,
1990 550 2057 607 et
2089 542 2269 608 uenit
2299 541 2385 608 ad
2437 540 2769 625 quoddam
2818 540 3040 626 berch,

783 652 850 716 in
883 649 1065 716 cuins
1097 647 1310 714 medio
1348 651 1468 715 sub
1501 647 1760 716 duabus
1783 651 2069 736 ylicibus
2100 657 2252 716 sunt
2283 649 2408 715 due
2441 655 2646 734 mete;
2689 649 2839 716 inde
2857 650 3043 718 vadit

787 756 876 822 ad
908 758 1073 824 duas
1128 760 1357 841 metas,
1411 775 1537 841 que
1586 764 1900 843 separant
1948 757 2157 845 ipsam
2208 763 2449 823 terram
2481 778 2524 824 a
2554 766 2730 824 terra
2778 758 3045 826 Mowka

786 874 851 933 et
874 862 1278 950 Orystofory,
1314 869 1381 928 et
1413 862 1643 950 incipit
1672 873 1897 932 tenere
1930 872 2142 933 metas
2174 884 2319 932 cum
2340 866 2585 932 Azaria
2614 873 2679 933 ct
2698 866 3042 950 Samuele3

789 973 940 1040 inde
973 988 1093 1058 per
1123 971 1288 1039 duas
1323 977 1531 1039 metas
1563 971 1999 1058 procedendo,
2054 973 2234 1040 venit
2266 972 2540 1063 inferius
2573 972 2661 1040 ad
2693 973 2879 1041 illum
2912 973 3046 1041 fon·

790 1091 941 1166 tem,
976 1080 1088 1148 vbi
1119 1080 1474 1165 inceperat,
1508 1086 1574 1145 et
1591 1082 1718 1147 sub
1752 1081 2034 1164 quadam
2060 1079 2265 1148 salice
2296 1080 2699 1147 terminatur.
2737 1082 2824 1148 Vt
2842 1081 3050 1165 igitur

788 1188 1160 1257 huiusmodi
1191 1195 1342 1256 acta
1373 1195 1487 1255 aut
1518 1208 1834 1257 concessa
1866 1209 2179 1274 processu
2210 1190 2519 1276 temporis
2565 1189 2756 1256 salua
2786 1208 3053 1277 semper

790 1302 1220 1384 permaneant
1270 1301 1335 1362 et
1365 1296 1577 1382 illesa,
1628 1304 1967 1384 presentes
2019 1298 2464 1365 concessimus
2511 1297 2789 1381 litteras,
2839 1297 3051 1383 sigilli

791 1404 999 1473 nostri
1032 1403 1314 1489 duplicis
1344 1403 1700 1471 munimine
1732 1404 2175 1489 consignatas.
2227 1407 2469 1472 Datum
2504 1424 2674 1471 anno
2705 1403 3054 1471 Dominice

793 1504 1281 1580 Incarnacionis
1311 1512 1401 1578 Μο
1422 1511 1550 1579 00⁰
1581 1513 2122 1599 quinquagesimo
2156 1513 2465 1598 secundo,
2500 1513 2778 1599 septimo
2819 1512 3050 1579 kalen-

794 1622 914 1689 das
946 1620 1216 1709 Aprilis,
1251 1622 1460 1706 Regni
1493 1628 1713 1689 autem
1745 1622 1950 1689 nostri
1984 1621 2240 1688 decimo
2281 1629 2535 1688 octauo.

977 1820 1077 1885 (ΑΖ
1104 1821 1307 1873 eredeti
1331 1817 1465 1887 utjn
1490 1822 1684 1873 Knauz
1708 1823 1758 1874 N
1763 1818 1952 1883 ander,
1977 1823 2209 1888 Magyar
2236 1820 2367 1872 Sion
2394 1822 2468 1872 11.
2496 1822 2611 1872 kot.
2638 1822 2761 1873 2299.
2789 1820 2850 1885 1.)

1674 2122 1771 2129 —-
1805 2120 2187 2129 ——-——-

1857 2628 2012 2696 238.

803 2826 927 2891 IV.
957 2827 1117 2891 Be'la
1145 2827 1351 2914 kirdly
1385 2828 1672 2892 Miloztot
1700 2829 1885 2912 sfiait
1913 2828 2160 2893 Budult
2191 2834 2253 2892 e's
2283 2828 2597 2895 Damicint
2624 2827 3061 2915 kirdlyifafu·

1233 2935 1556 2999 varosokat
1584 2935 1745 2999 badi
1774 2937 1951 3020 ne‘pei
1978 2934 2412 3019 kb‘ze'felveszi.
2456 2934 2649 3000 1252.

1025 3127 1190 3194 Bela
1220 3127 1344 3194 Dei
1381 3128 1606 3211 gracia
1637 3130 1995 3215 flung-arie,
2028 3130 2392 3216 Dalmacie‚
2428 3128 2805 3218 Choroacie,
2839 3132 3069 3214 Rame‚

808 3236 1058 3319 Sel-uie,
1097 3233 1397 3317 Gallicie,
1423 3233 1805 3303 Lodomcrie
1826 3235 2273 3320 Gumanieque
2305 3237 2444 3304 Rex
2476 3234 2801 3304 vniucrsis
2823 3238 3063 3306 Christi

812 3342 1113 3409 fidelibus
1165 3342 1572 3430 presencium
1623 3341 1935 3410 noticiam
1982 3342 2301 3412 habituris
2351 3344 2632 3412 salutem
2681 3344 2750 3411 in
2800 3366 2901 3430 co,
2954 3348 3067 3432 qni

813 3450 1106 3535 Regibus
1140 3451 1253 3518 dat
1286 3449 1587 3516 salutem.
1637 3447 1743 3514 Ad
1772 3446 2219 3517 vniuersorum
2249 3457 2386 3516 tam
2422 3450 2832 3536 presencium
2869 3473 3066 3535 quam

810 3566 1218 3647 posterorum
1268 3556 1581 3625 noticiam
1628 3556 1858 3623 harum
1910 3556 2081 3623 serie
2125 3557 2423 3626 uolumus
2472 3559 2836 3646 peruenire,
2888 3562 3069 3645 quod

813 3666 1205 3752 quibusdam
1236 3665 1567 3733 buchariis
1599 3662 1862 3748 nostris,
1917 3662 2224 3731 uidelicet
2253 3665 2475 3735 Milozt
2504 3673 2572 3733 et
2622 3666 2876 3735 duobus
2916 3667 3072 3736 filiis

813 3776 976 3862 eius,
1011 3773 1263 3842 scilicet
1297 3772 1508 3841 Budul
1540 3778 1607 3840 et
1635 3773 1961 3839 Damiano
1995 3769 2079 3837 de
2108 3771 2273 3838 uilla
2303 3774 2565 3860 Dehter,
2612 3775 2677 3841 in
2717 3774 2921 3842 armis
2956 3777 3071 3842 mi-

816 3882 1118 3949 litaribus
1169 3882 1356 3949 nobis
1392 3886 1457 3947 et
1488 3883 1716 3965 Regno
1767 3887 1989 3948 nostro
2041 3880 2294 3948 seruire
2344 3881 2890 3967 desiderantibus,
2946 3885 3071 3951 sub

819 4012 900 4058 ea
930 3989 1312 4058 condicione
1343 3987 1634 4074 graciam
1661 3987 1956 4072 fecimus,
1989 3994 2062 4054 ut
2094 3987 2152 4053 si
2184 3987 2312 4055 duo
2332 3987 2445 4054 filii
2481 3989 2755 4075 predicti
2774 3991 2862 4058 ad
2892 4010 3073 4059 exer·

816 4099 1013 4164 citum
1062 4103 1375 4180 nostrum,
1428 4114 1618 4181 quem
1650 4104 1879 4163 contra
1910 4096 1982 4165 P.
2016 4094 2455 4164 Marchionem
2504 4097 2817 4184 Morauie‚
2867 4098 3073 4165 filium

814 4205 1096 4273 Illustris
1152 4205 1357 4290 Regis
1404 4204 1672 4273 Boemie
1730 4204 2091 4290 ediximus,
2144 4203 2347 4271 armis
2397 4204 2792 4272 militaribus
2840 4205 3076 4294 induti,

817 4313 1067 4380 scilicet
1096 4310 1337 4397 loricis,
1396 4311 1670 4397 capellis
1703 4309 1787 4379 de
1816 4310 2009 4398 ferro,
2066 4311 2314 4399 clipeis,
2371 4310 2637 4397 lanceis,
2694 4313 2980 4381 arcubus
3013 4323 3081 4381 et

821 4419 1101 4505 sagittis,
1134 4439 1335 4505 equos
1366 4439 1485 4506 pro
1519 4423 1809 4487 exercitu
1846 4421 2183 4505 habentes,
2218 4419 2517 4488 uenirent
2546 4426 2615 4486 et
2644 4431 3077 4505 assumerent,

741 4613 756 4626 ο
821 4530 906 4599 de
935 4535 1152 4598 cetero
1182 4547 1441 4615 semper
1471 4528 1540 4596 in
1571 4536 1796 4598 nostro
1829 4529 2122 4597 exercitu
2154 4530 2250 4596 sic
2283 4530 2546 4615 seruire,
2579 4535 2820 4596 extunc
2851 4551 2896 4596 a
2924 4550 3074 4599 con·

819 4637 1077 4705 dicione
1129 4636 1294 4705 buch
1304 4636 1587 4705 ariorum
1650 4644 1989 4728 exemptos
2050 4637 2119 4708 in
2181 4657 2515 4707 numerum
2578 4637 3074 4707 exercitualium
