3359 5250
1298 439 1366 447 ἕ
1390 348 1523 416 339

318 510 543 578 valido
593 513 1015 589 intrassemus
1067 523 1134 591 in
1166 526 1499 596 Austriam
1556 538 1789 601 contra
1818 536 2207 609 Teutonicos
2257 544 2322 610 in
2357 553 2571 616 castro

317 620 818 713 Walterstorph,
867 629 1041 713 quod
1093 634 1235 700 Deo
1266 637 1562 725 propicio
1610 640 1858 712 uiribus
1907 653 2127 716 nostre
2176 651 2572 724 fortitudinis

320 730 615 815 cepimus
648 739 716 799 et
733 737 992 820 penitus
1025 739 1492 832 destruximus,
1516 746 1789 817 viriliter
1818 752 1987 821 inter
2021 755 2187 824 alios
2224 760 2575 830 bellatores

317 845 577 907 nostros
625 863 704 910 ac
753 851 1016 914 strenue
1069 849 1426 925 dimicauit.
1490 855 1595 922 Ad
1645 858 1768 926 hec
1816 859 1884 927 in
1944 863 2326 933 obsessione
2375 872 2574 938 castri

319 946 690 1016 Korsalach
722 951 894 1021 idem
918 954 1307 1027 Oltumanus
1339 962 1405 1027 in
1434 963 1757 1051 conflictu,
1793 987 1984 1052 quem
2019 970 2294 1041 dilectus
2329 983 2396 1042 et
2424 974 2576 1044 fide-

322 1052 408 1119 lis
437 1062 659 1124 noster
687 1060 1005 1145 Magister
1034 1065 1221 1151 Moys
1253 1089 1387 1136 vna
1416 1090 1562 1138 cum
1592 1072 1744 1140 aliis
1777 1075 2167 1159 quibusdam
2207 1080 2575 1152 Batonibus

318 1162 565 1230 nostris
613 1165 808 1234 iniuit
850 1190 995 1236 eum
1047 1171 1445 1243 aduersariis
1494 1186 1793 1265 patenter
1842 1183 2093 1269 pariter
2139 1192 2206 1252 et
2257 1196 2573 1278 potenter,

318 1269 529 1337 wlnus
580 1272 648 1338 in
696 1295 767 1341 se
816 1279 1075 1366 excepit
1123 1303 1252 1350 non
1303 1286 1628 1355 modicum
1682 1288 1828 1356 acie
1878 1291 2178 1380 aduersa,
2230 1316 2350 1382 per
2398 1300 2572 1383 quod

321 1377 514 1445 ulnus
563 1383 648 1448 ad
701 1382 1224 1457 debilitaciouem
1276 1413 1394 1460 sue
1443 1416 1673 1463 manus
1726 1398 1953 1466 dextre
2006 1402 2200 1485 ydem
2253 1409 2572 1490 peruenit.

315 1485 455 1554 Nos
489 1489 707 1578 igitur,
758 1493 995 1576 quibus
1028 1516 1124 1564 ex
1156 1498 1370 1569 officio
1402 1504 1607 1589 Regie
1638 1504 1979 1589 dignitatis
2010 1510 2325 1579 incumbit
2356 1518 2571 1583 metiri

321 1595 556 1662 merita
586 1597 1010 1691 singulorum,
1062 1613 1128 1672 et
1158 1607 1434 1695 singulis
1466 1633 1586 1697 pro
1618 1614 1865 1683 meritis
1913 1617 2323 1708 respondere,
2358 1624 2575 1691 volen-

316 1709 418 1767 tes
448 1694 572 1769 ‘sibi
606 1714 798 1790 grata
848 1717 1438 1798 reconpensacione
1471 1740 1829 1805 occurrere,
1879 1743 2276 1810 quamquam
2307 1728 2575 1796 retribu-

322 1809 425 1875 cio
457 1811 664 1878 minor
694 1816 781 1882 sit
812 1818 1059 1904 merito,
1099 1827 1164 1888 et
1196 1824 1384 1907 quasi
1415 1828 1614 1893 ualde
1645 1830 1906 1898 modica
1927 1833 2221 1919 inspecta
2251 1835 2572 1920 magnitu-

319 1916 474 1984 dine
504 1919 838 1989 fidelitatis
870 1925 1061 1992 nobis
1093 1927 1159 1994 in
1193 1929 1314 1997 hoc
1346 1937 1413 1999 et
1445 1933 1561 2000 toti
1599 1935 1810 2020 Regni
1843 1935 2280 2027 inpensorum,
2333 1946 2573 2009 terram

319 2022 516 2092 Ozlar
547 2029 869 2097 arabilem
900 2031 989 2099 ad
1018 2034 1150 2100 tria
1181 2046 1403 2105 aratra
1447 2040 1772 2109 abitatorc
1798 2051 2123 2111 carentem
2156 2047 2564 2133 contulimus,

319 2126 620 2199 dedimus
652 2142 850 2221 atque
899 2139 1288 2211 tradidimus
1325 2144 1678 2214 Oltumano
1713 2158 2089 2236 memorato,
2143 2150 2269 2220 sibi
2308 2153 2574 2238 suisque

322 2239 690 2328 heredibus,
742 2244 1185 2335 heredumque
1233 2257 1722 2324 successoribus
1771 2259 2043 2343 pacifice
2074 2266 2139 2326 et
2171 2262 2388 2346 quiete
2432 2283 2572 2350 per·

316 2352 515 2429 petuo
543 2350 1030 2441 possidendam,
1083 2358 1483 2446 fecimusque
1515 2363 1872 2449 predictum
1907 2365 2326 2435 Oltumanum
2376 2374 2568 2437 intro-

318 2450 469 2521 duci
503 2475 622 2540 per
669 2458 929 2529 fidelem
962 2471 1027 2530 et
1061 2464 1372 2535 dilectum
1426 2477 1718 2539 nostrum
1751 2473 2135 2558 Magistrum
2165 2475 2294 2543 Job
2332 2476 2569 2561 Prepo-

319 2558 519 2628 situm
548 2562 913 2636 Budensem
945 2570 1012 2638 in
1044 2576 1450 2661 corporalem
1482 2573 1966 2665 possessionem
1985 2586 2155 2648 terre
2195 2589 2572 2650 memorate.

319 2668 495 2735 Mete
524 2669 725 2755 igitur
754 2695 869 2742 seu
891 2679 1148 2745 termini
1179 2680 1352 2750 dicte
1381 2691 1572 2768 terre,
1615 2684 1785 2753 sicut
1813 2685 1989 2753 idem
2009 2686 2283 2756 dilectus
2316 2696 2382 2756 et
2411 2689 2567 2758 flde-

317 2772 401 2839 lis
434 2784 652 2845 noster
680 2782 994 2868 Magister
1010 2785 1137 2854 Job
1168 2788 1356 2857 nobis
1388 2791 1629 2877 retulit,
1662 2793 1786 2859 hoc
1819 2793 2046 2861 ordine
2078 2794 2554 2880 distinguntur:

320 2880 514 2960 Quod
544 2888 630 2955 ab
663 2891 908 2959 oriente
941 2899 1091 2961 sunt
1123 2894 1249 2965 due
1283 2904 1472 2983 mete,
1516 2919 1787 2983 quarum
1819 2900 2030 2967 altera
2062 2910 2327 2989 separat
2358 2911 2571 2971 terras

319 2989 544 3061 Becha
575 3002 642 3062 et
668 2997 857 3064 Prich
889 3000 1167 3069 filiorum
1198 3001 1501 3091 Georgii;
1544 3004 1700 3073 inde
1733 3007 1945 3091 uergit
1977 3007 2064 3074 ad
2094 3014 2302 3077 terras
2334 3009 2571 3077 Johau-

318 3100 423 3166 nis
453 3100 572 3167 filii
593 3102 790 3192 Yllw,
822 3104 887 3173 in
921 3129 1050 3195 qua
1077 3117 1265 3179 terra
1296 3114 1534 3182 transit
1564 3121 1839 3182 stratam
1860 3114 2212 3202 publicam,
2252 3122 2319 3183 et
2346 3135 2568 3184 ascen-

316 3204 414 3274 dit
441 3208 510 3274 in
541 3212 717 3280 ualle
748 3215 916 3283 inter
946 3218 1111 3287 duos
1146 3229 1418 3309 montes,
1456 3223 1550 3290 ibi
1581 3223 1920 3310 perueniet
1951 3242 1994 3289 a
2025 3223 2229 3309 plaga
2268 3223 2570 3293 meridio-

317 3317 456 3383 nali
508 3317 598 3385 ad
642 3328 852 3392 terras
901 3327 1182 3396 Abbatis
1232 3329 1315 3400 de
1366 3330 1721 3399 Pankutha
1770 3332 2028 3400 nomine
2077 3331 2279 3419 Wry;
2328 3332 2567 3400 deinde

316 3426 655 3510 perueniet
700 3429 1156 3502 hereditariam
1185 3442 1423 3505 terram
1456 3438 1788 3507 Oltumani
1819 3437 2214 3526 supradicti;
2248 3459 2348 3506 -ex
2379 3446 2569 3526 parte

312 3537 533 3600 autem
584 3537 1008 3609 occidentalis
1058 3543 1256 3629 plage
1303 3553 1568 3634 separat
1622 3552 1798 3614 terra
1827 3545 2110 3614 Abbatis
2142 3548 2366 3614 Sancti
2397 3548 2565 3614 Mar-

312 3638 434 3707 tini
487 3642 571 3710 de
602 3646 802 3715 Sacro
832 3648 1051 3715 Monte
1083 3652 1436 3738 Pannonie,
1496 3654 1608 3722 ubi
1640 3662 1793 3721 sunt
1823 3660 1957 3721 tres
2008 3660 2178 3721 mete
2225 3653 2564 3742 capitales,

314 3754 382 3815 et
427 3752 768 3835 perueniet
797 3753 884 3822 ad
932 3757 1274 3844 empticias
1314 3767 1525 3829 terras
1558 3760 1894 3830 Oltumani
1933 3762 2157 3848 sepius
2189 3760 2565 3844 memorati3

315 3854 402 3922 de
431 3877 565 3941 qua
595 3860 804 3928 tendit
832 3862 921 3929 ad
952 3869 1163 3932 metas
1195 3866 1468 3951 priores.
1519 3867 1609 3935 Ut
1632 3866 1839 3953 igitur
1868 3872 2095 3934 nostra
2140 3864 2416 3932 donacio
2448 3883 2564 3931 seu

310 3966 646 4033 concessio
677 3970 876 4037 robur
908 3981 1221 4059 perpetue
1272 3973 1657 4042 stabilitatis
1703 3993 1784 4041 ac
1832 3973 2157 4042 firmitatis
2207 3971 2565 4059 opptineat‚

311 4068 377 4135 in
412 4081 865 4155 argumentum
917 4080 1256 4165 amplioris
1288 4081 1441 4149 fidei
1490 4086 1831 4169 presentes
1869 4080 2081 4148 eidem
2123 4078 2564 4148 concessimus

309 4174 563 4246 litteras
607 4181 811 4267 sigilli
862 4186 1067 4253 nostri
1118 4187 1447 4276 dupplicis
1498 4187 1849 4255 munimine
1896 4188 2254 4255 roboratas.
2316 4187 2558 4252 Datum

306 4303 481 4351 anno
513 4288 859 4358 Dominice
886 4292 1378 4363 Incarnacionis
1409 4295 1502 4362 M⁰
1522 4296 1653 4363 00⁰
1689 4294 2228 4381 quinquagesimo
2253 4291 2561 4376 secund0,

307 4390 561 4460 decimo
595 4393 919 4466 kalendas
959 4400 1136 4487 Maii,
1174 4402 1382 4489 Regni
1417 4409 1635 4471 autem
1666 4402 1869 4471 nostri
1903 4402 2158 4469 decimo
2193 4407 2446 4468 octauo.

302 4549 581 4618 (Eredetie
605 4555 949 4627 b6rhartyhm
975 4578 1009 4615 a
1027 4561 1373 4632 carga-votos
1400 4563 1479 4618 sel
1489 4564 1866 4634 yemzsinoron
1886 4565 2082 4631 siiggot
2099 4560 2286 4629 peccet
2304 4561 2578 4622 elveszctt,

305 4658 338 4693 a
362 4643 530 4696 budai
555 4645 662 4698 kir.
693 4647 935 4702 kamarai
960 4651 1310 4711 leveltarban.
1338 4658 1405 4709 V.
1429 4663 1478 4708 ὃ.
1506 4654 1670 4720 Εόὲόι·
1700 4655 1834 4708 Cod.
1860 4654 2005 4720 Dipl.
2028 4654 2120 4706 IV.
2146 4653 2204 4706 k.
2226 4658 2275 4706 2.
2298 4669 2342 4705 r.
2372 4655 2492 4706 170.
2510 4650 2573 4718 l.)

2129 4751 2246 4812 22*
