3359 5250
1750 332 1882 405 318

683 533 1036 618 mauerint;
1086 538 1240 600 tunc
1284 530 1673 619 quicumque
1726 529 2116 617 audiuerint,
2169 548 2369 618 passo
2428 526 2735 597 iniuriam
2783 526 2941 598 totis

680 642 925 710 viribus
958 640 1275 711 auxilium
1306 647 1372 708 et
1402 641 1708 710 iuuamen
1740 647 2041 729 prestare
2076 643 2458 725 teneantur3
2512 636 2688 724 quod
2717 637 2776 705 si
2808 637 2935 706 hoc

681 750 1085 837 neglexerint
1103 748 1485 838 adimplere,
1520 758 1588 819 et
1617 749 1817 820 iudici
1849 766 1966 840 per
1995 755 2200 818 testes
2220 747 2461 836 poterit
2489 766 2637 816 esse
2682 753 2934 834 notum,

681 865 835 928 tunc
865 859 976 946 qui
994 857 1311 927 auxilium
1342 854 1714 945 denegauit,
1748 877 1865 927 suo
1889 855 2126 926 Comiti
2156 877 2275 944 pro
2314 856 2534 925 banno
2563 862 2699 923 tres
2726 876 2939 925 roma-

681 973 873 1037 natos
904 968 1161 1036 soluere
1189 972 1506 1053 teneatur,
1558 972 1625 1035 et
1656 966 1929 1036 totidem
1960 965 2293 1055 perditori.
2345 964 2510 1033 Item
2552 964 2943 1051 quicumque

681 1077 748 1142 in
780 1075 1273 1163 recuperatione
1300 1094 1514 1143 rerum
1550 1073 1808 1144 dederit
1837 1093 2129 1162 operam,
2179 1081 2246 1142 et
2274 1073 2458 1161 ipsas
2508 1071 2872 1141 defenderit
2902 1090 2947 1138 a

680 1181 1082 1269 latronibus;
1152 1185 1263 1272 qui
1311 1203 1428 1254 eas
1477 1180 1909 1270 conduceret,
1970 1183 2263 1270 ipsarum
2333 1177 2938 1269 recuperandarum

681 1310 894 1360 rerum
942 1288 1266 1360 decimam
1315 1292 1723 1380 integraliter
1773 1296 2227 1378 consequatur.
2298 1291 2462 1359 [tem
2509 1287 2569 1357 si
2635 1288 2943 1357 damnum

681 1400 996 1470 inferatur
1026 1398 1227 1488 alicui
1278 1400 1361 1470 de
1392 1400 1586 1470 dictis
1617 1399 2028 1487 ciuitatibus,
2076 1405 2145 1469 et
2191 1397 2355 1468 illud
2404 1397 2810 1468 conducatur
2845 1397 2943 1464 Si-

535 1542 548 1554 ·
683 1510 983 1580 benicum
1003 1509 1120 1578 .vel
1148 1510 1562 1599 Tragurium,
1612 1510 2010 1598 precipimus
2039 1531 2172 1587 non
2208 1510 2336 1579 emi
2369 1509 2454 1577 ab
2484 1506 2712 1593 aliquo
2745 1506 2935 1593 ciue;

684 1626 751 1689 et
780 1618 839 1687 si
868 1618 1108 1706 aliquis
1125 1618 1584 1707 Traguriensis
1615 1620 1813 1690 sciret
1841 1638 1980 1688 rem
1997 1619 2087 1690 ad
2119 1618 2410 1706 aliquem
2443 1617 2936 1686 Sibenicensem

684 1728 1030 1817 pertinere,
1064 1727 1171 1797 vel
1202 1748 1240 1798 e
1271 1747 1609 1815 conuerso,
1655 1735 1810 1799 tunc
1842 1749 1979 1799 rem
2009 1728 2315 1800 restituat
2345 1747 2466 1798 suo
2504 1724 2769 1797 domino
2799 1724 2943 1795 sine

684 1834 939 1923 preci03
990 1841 1059 1904 et
1087 1833 1145 1905 si
1173 1835 1550 1923 ignoranter
1593 1838 1851 1924 emerit,
1903 1857 2093 1907 suum
2122 1837 2414 1925 precium
2466 1837 2940 1919 consequatur-3

685 1949 754 2013 et
780 1963 919 2013 rem
947 1941 1161 2031 ipsam
1189 1962 1308 2012 suo
1340 1941 1603 2014 domino
1641 1943 1935 2015 conferat
1964 1951 2030 2013 et
2060 1944 2374 2033 assignet,
2419 1964 2501 2013 ac
2531 1941 2940 2012 venditorem

685 2053 779 2121 rei
825 2050 1101 2142 prodere
1147 2058 1482 2140 teneatur5
1535 2059 1604 2122 et
1651 2055 1712 2123 si
1760 2053 2184 2125 manifestare
2240 2054 2523 2124 noluerit
2541 2104 2560 2139 ,
2616 2059 2770 2121 tune
2819 2049 2944 2119 erit

685 2169 1093 2231 sacramento
1141 2162 1429 2250 proprio,
1487 2169 1560 2231 vt
1607 2161 1953 2232 veritatem
2004 2163 2365 2253 exprimat,
2428 2157 2939 2249 compellendus.

685 2273 852 2340 Item
879 2270 1296 2359 precipimus,
1346 2269 1522 2357 quod
1552 2270 1611 2340 si
1642 2270 1883 2358 aliquis
1915 2272 2362 2342 Sibenicensis
2414 2268 2757 2339 accederet
2784 2269 2942 2336 Tra·

689 2381 967 2467 gurium,
999 2378 1174 2448 vele
1207 2398 1544 2465 conuerso,
1594 2377 1820 2466 aliqua
1851 2379 1934 2449 de
1964 2399 2204 2468 causa3
2239 2379 2405 2449 etin
2448 2379 2664 2467 ipsum
2695 2374 2938 2461 aliquis

689 2509 919 2559 manus
967 2486 1263 2556 iniecerit
1290 2486 1632 2574 violentas,
1683 2495 1982 2558 teneatur
2020 2509 2192 2576 pena
2246 2507 2366 2557 sex
2410 2493 2936 2571 romanatorum3

687 2603 822 2668 tres
852 2595 1114 2685 quidem
1162 2614 1280 2682 pro
1311 2614 1430 2666 suo
1461 2597 1679 2667 banno
1713 2594 1951 2672 Comiti
1981 2596 2411 2683 conferantur,
2465 2594 2584 2684 alji
2615 2614 2771 2665 vero
2800 2599 2937 2661 tres

688 2726 890 2794 passo
937 2705 1243 2775 iniuriam
1291 2703 1744 2793 applicentur,
1795 2710 1860 2774 et
1889 2705 1946 2774 si
1979 2705 2066 2774 ab
2099 2704 2348 2793 eodem,
2396 2724 2439 2772 a
2481 2724 2610 2791 quo
2659 2700 2941 2774 intendit

689 2813 1008 2885 iustitiam
1055 2812 1409 2902 postulare,
1467 2820 1534 2881 et
1584 2811 1783 2882 fuerit
1826 2833 2196 2902 percussus,
2245 2833 2516 2883 causam
2563 2813 2826 2882 amittat
2873 2819 2943 2881 et

689 2944 811 2995 sex
837 2927 1233 3008 romanatos,
1267 2919 1503 2989 comiti
1535 2929 1602 2990 et
1653 2920 1999 2991 sustinenti
2049 2922 2379 3010 iniuriam,
2430 2929 2501 2991 vt
2543 2920 2788 2991 dictum
2841 2929 2944 2992 est

692 3031 1011 3120 superius,
1044 3028 1478 3116 assignentur.
1529 3030 1695 3099 Item
1727 3029 2192 3100 stabilimus-et
2220 3031 2489 3100 firmiter
2538 3029 2938 3120 ordinamus,

692 3137 868 3229 quod
917 3137 976 3206 si
1024 3136 1263 3224 aliquis
1312 3137 1693 3208 molestatus
1741 3137 1940 3206 fuerit
2001 3138 2143 3207 sine
2192 3138 2534 3226 sanguinis
2598 3137 2939 3228 effusione,

691 3255 866 3333 tune,
899 3247 1066 3317 sicut
1095 3246 1338 3314 dictum
1370 3251 1490 3333 est,
1541 3243 1778 3315 debeat
1805 3243 2099 3318 indicare
2129 3246 2519 3334 hominibus,
2562 3248 2796 3333 quibus
2827 3247 2939 3318 ob-

693 3355 993 3441 niauerit,
1040 3355 1106 3421 et
1135 3370 1251 3423 sue
1282 3352 1516 3441 Onrie3
1569 3357 1633 3419 et
1682 3361 1916 3442 postea
1962 3353 2161 3423 Curia
2207 3354 2411 3444 illius,
2463 3357 2577 3443 qui
2627 3354 2943 3426 delictum

694 3461 1032 3550 commisit,
1065 3460 1259 3531 debet
1287 3460 1446 3529 dare
1474 3457 1668 3529 fidem
1701 3462 1785 3548 ei,
1817 3464 1929 3547 qui
1958 3462 2265 3533 iniuriam
2296 3464 2627 3550 sustinuit,
2670 3464 2841 3534 sieut
2869 3464 2940 3533 in

693 3570 1034 3639 vulnerato
1082 3568 1379 3654 superius
1428 3575 1531 3637 est
1577 3576 1932 3639 narratum.
1980 3573 2144 3640 Item
2177 3591 2322 3641 cum
2371 3591 2505 3643 non
2534 3571 2623 3639 sit
2669 3570 2937 3659 iustum,

696 3676 981 3765 aliquem
1028 3696 1111 3746 ex
1159 3676 1380 3744 aliena
1428 3676 1678 3746 iactura
1728 3675 1998 3764 dictari;
2060 3680 2564 3765 pronunciamus
2586 3731 2605 3766 ,
2656 3678 2830 3765 quod
2879 3682 2941 3748 si

695 3785 936 3873 aliquis
984 3786 1128 3855 sine
1176 3785 1627 3855 vulneratione
1673 3784 2084 3855 accusauerit
2114 3787 2402 3874 aliquem
2447 3788 2708 3876 iniuste,
2760 3796 2825 3857 et
2875 3788 2946 3857 in

695 3892 893 3963 Curia
921 3900 1356 3982 consequutus
1372 3892 1568 3963 fuerit
1592 3891 1867 3982 aliquid,
1900 3902 1967 3963 et
1985 3914 2243 3981 quoquo
2276 3903 2576 3984 tempore
2598 3902 2948 3985 appareret

695 4001 937 4072 iniuste
966 4002 1313 4090 recepisse,
1364 4000 1632 4089 duplum
1664 4001 1792 4071 sibi
1824 4001 2255 4074 condemnato
2289 4005 2687 4093 precipimus
2734 4023 2947 4074 emen·

696 4109 877 4199 dare,
907 4117 975 4180 et
1000 4130 1120 4181 suo
1153 4109 1392 4179 eomiti
1421 4131 1539 4199 pro
1574 4111 1792 4181 banno
1824 4110 2166 4182 duodecim
2200 4121 2600 4184 romanatos.
2643 4112 2950 4182 Preterea

698 4237 923 4288 omnes
952 4218 1123 4288 alias
1152 4217 1459 4306 rationes,
1505 4219 1809 4307 quamuis
1840 4240 1971 4290 non
2002 4220 2230 4290 sintin
2266 4219 2714 4309 superioribus
2766 4220 2945 4308 capi·

697 4326 851 4395 tulis
882 4327 1369 4414 comprehense,
1402 4322 1762 4395 secundum
1782 4328 2020 4397 bonam
2052 4328 2586 4399 consuetudinem
2624 4347 2743 4416 pro
2776 4334 2946 4400 vtra-

698 4454 825 4523 que
856 4434 1133 4504 dicimus
1151 4433 1507 4504 obseruari.
1542 4435 1708 4503 Item
1738 4436 2036 4506 volumus
2055 4444 2122 4506 et
2151 4437 2566 4525 precipimus,
2598 4435 2777 4523 quod
2803 4456 2948 4507 cum

698 4542 1126 4614 Sibinicensis
1154 4541 1404 4613 Ciuitas
1423 4549 1648 4612 careat
1667 4542 2045 4631 tabellione,
2078 4544 2254 4632 quod
2286 4545 2376 4614 ad
2395 4546 2947 4616 confirmationem

695 4651 1189 4739 compositionis
1236 4652 1702 4740 suprascripte,
1749 4673 1944 4738 quam
1997 4654 2194 4725 scribi
2242 4652 2513 4725 fecimus
2565 4674 2684 4743 per
2725 4653 2949 4725 Archi·
