3359 5250
1407 330 1541 399 553

341 529 678 615 gressione
710 529 888 615 belli,
924 535 994 596 ut
1026 527 1282 615 dicitur,
1321 549 1449 597 non
1483 529 1822 615 sagittant,
1860 526 1978 595 sed
2010 528 2203 613 quasi
2236 527 2464 615 pluere
2495 510 2599 595 sa'-

341 638 545 722 gittas
597 637 921 703 videntur.
974 636 1236 706 Gladiis
1288 644 1353 703 et
1400 636 1648 704 lanceis
1706 636 1919 703 minus
1970 636 2111 723 apti
2161 635 2462 704 dicuntur
2513 636 2602 704 ad

339 746 603 813 bellum.
655 745 908 812 Taliter
937 750 1153 812 autem
1204 765 1480 812 cuneum
1531 764 1720 811 suum
1768 741 2097 829 ordinant,
2145 744 2319 829 quod
2374 744 2598 811 decem

339 852 710 921 hominibus
739 872 909 921 unus
942 856 1183 920 Tartar
1212 859 1451 940 preest,
1483 852 1716 919 iterum
1743 858 1999 919 centum
2027 851 2400 920 hominibus
2425 853 2600 920 'unus

341 963 650 1030 centurio.
697 962 838 1028 Hoc
887 960 1038 1029 ideo
1069 960 1188 1026 tali
1241 960 1498 1028 astucia
1544 960 1789 1027 factum
1842 968 1961 1045 cst,
2013 981 2096 1028 ne
2146 961 2599 1047 exploratores

340 1070 875 1157 supervenientes
906 1068 1164 1155 possint
1194 1069 1362 1137 inter
1384 1090 1496 1137 cos
1530 1070 1946 1155 aliquatenus
1980 1072 2209 1139 latere.
2242 1072 2326 1136 Et
2345 1070 2402 1136 si
2433 1070 2597 1135 forte

343 1177 752 1264 contingeret
802 1198 1137 1246 numerum
1192 1176 1544 1245 eorundem
1594 1177 1863 1245 diminui
1911 1198 2029 1264 per
2064 1179 2331 1264 bellum,
2377 1184 2601 1265 posset

340 1286 595 1353 restitui
627 1285 769 1353 sine
802 1306 1005 1373 mora,
1040 1294 1105 1353 et
1136 1286 1416 1373 populus
1447 1285 1763 1354 collectus
1795 1306 1877 1352 ex
1912 1283 2207 1370 diversis,
2246 1285 2597 1354 infidelita-

341 1403 472 1461 tem
504 1393 795 1479 aliquam
815 1413 945 1463 non
978 1393 1190 1481 possit
1209 1395 1448 1461 facere.
1476 1393 1850 1473 Quemlibet
1877 1394 2217 1460 denarium
2238 1415 2321 1462 ex
2348 1394 2597 1481 linguis

343 1501 624 1572 diversis
646 1502 1069 1587 collegerunt.
1105 1500 1404 1568 Omnium
1436 1504 1828 1588 Regnorum,
1869 1522 1994 1587 que
2017 1502 2326 1588 obtinent,
2360 1505 2598 1589 Reges,

345 1617 410 1678 et
446 1612 683 1695 Duces,
737 1628 816 1675 ac
849 1616 1214 1696 magnates,
1268 1608 1351 1676 de
1382 1608 1619 1694 quibus
1669 1617 1769 1677 est
1800 1631 1971 1697 spes,
2020 1611 2195 1696 quod
2242 1610 2599 1697 aliquando

342 1717 594 1806 possint
638 1718 858 1787 facere
907 1718 1195 1805 aliquam
1247 1718 1716 1803 resistenciam,
1769 1719 2161 1787 interficiunt
2207 1720 2350 1789 sine
2397 1739 2598 1787 mora.

344 1823 589 1893 Milites
641 1834 862 1893 autem
913 1824 1113 1893 fortes
1165 1831 1231 1891 et
1259 1823 1535 1893 rusticos
1586 1823 1674 1891 ad
1708 1826 1981 1913 prelium
2035 1833 2188 1894 ante
2234 1847 2307 1895 se
2340 1810 2602 1896 mittunt

344 1941 630 2002 armatos
661 1934 751 2002 ad
799 1934 1215 2021 preliandum
1265 1933 1406 2001 sine
1456 1942 1709 2019 sponte.
1763 1936 1949 2003 Alios
1999 1956 2155 2005 vero
2187 1936 2462 2005 rusticos
2514 1936 2600 2005 ad

343 2042 755 2129 preliandum
806 2043 1016 2111 minus
1066 2049 1260 2130 aptos
1292 2042 1670 2126 relinquunt
1700 2043 1786 2110 ad
1835 2041 2174 2112 colendam
2202 2049 2473 2132 terram,
2535 2052 2601 2112 et

344 2153 629 2220 omnium
649 2156 784 2219 tam
803 2150 890 2217 ad
923 2151 1197 2239 prelium
1219 2152 1720 2239 compulsorum,
1744 2172 1937 2237 quam
1959 2153 2320 2221 occisorum
2340 2172 2598 2238 uxores,

343 2262 510 2329 filias
544 2268 609 2330 et
640 2267 958 2347 cognatas
1009 2259 1311 2329 dividunt
1344 2261 1430 2329 ad
1480 2261 1777 2347 singulos
1808 2260 1985 2330 viros
2035 2268 2206 2328 terre
2244 2259 2445 2329 cultui
2494 2282 2611 2330 re·-

343 2370 556 2457 lictos,
609 2371 876 2439 cuilibet
923 2370 1149 2438 decem
1200 2371 1306 2437 vel
1358 2370 1583 2458 plures
1634 2371 2086 2456 assignantes¹
2144 2376 2210 2436 et
2261 2370 2602 2457 imponunt

345 2479 614 2564 eisdem,
647 2487 720 2548 ut
751 2477 833 2548 de
866 2486 1080 2549 cetero
1098 2479 1360 2546 Tartari
1393 2487 1861 2567 nuncupentur.
1896 2480 2135 2548 Milites
2155 2499 2332 2563 vero,
2367 2481 2480 2564 qui
2514 2477 2601 2545 ad

343 2590 621 2678 prelium
672 2589 1166 2678 compelluntur,
1218 2596 1283 2658 et
1313 2588 1370 2658 si
1400 2589 1566 2656 bene
1617 2596 1917 2676 pugnant
1946 2595 2012 2657 et
2053 2589 2341 2677 vincunt,
2393 2608 2602 2676 parva

347 2697 577 2782 gracia
594 2698 713 2765 eis.
746 2697 817 2765 Si
836 2718 993 2767 vero
1012 2698 1079 2765 in
1103 2698 1311 2785 prelio
1343 2698 1722 2781 moriuntur,
1756 2697 1939 2765 nulla
1962 2718 2119 2766 cura
2141 2699 2254 2765 eis.
2289 2698 2360 2766 Si
2380 2702 2599 2765 autem

344 2806 411 2873 in
443 2805 649 2893 prelio
680 2804 1115 2892 retrocedunt,
1150 2806 1293 2873 sine
1325 2803 1776 2874 misericordia
1808 2805 2165 2874 a'l'artaris
2196 2805 2599 2874 occiduntur.

344 2914 650 2998 Pugnant
682 2933 839 3000 ergo
870 2913 1123 3001 fortius,
1158 2921 1229 2982 ut
1261 2915 1328 2981 in
1361 2921 1692 3002 posterum
1717 2935 1846 2981 non
1878 2914 2125 3000 vivant,
2144 2915 2276 2984 sed
2306 2922 2379 2982 ut
2409 2913 2602 2981 citius

347 3021 722 3090 moriantur.
755 3020 992 3090 Castra
1022 3023 1268 3090 munita
1298 3044 1428 3092 non
1450 3031 1854 3111 expugnant,
1887 3022 2007 3092 sed
2031 3023 2218 3111 'prius
2255 3024 2603 3090 devastant

348 3135 611 3213 terram,
664 3134 731 3197 et
758 3130 1072 3215 populum
1128 3126 1587 3217 depredantur,
1645 3136 1712 3197 et
1741 3128 2033 3198 eiusdem
2082 3139 2252 3198 terre
2289 3130 2600 3217 populum

347 3244 819 3324 congregatum
850 3238 1247 3325 compellunt
1278 3238 1365 3305 ad
1396 3259 1683 3325 pugnam
1715 3239 1803 3308 ad
1837 3237 2347 3327 expugnandum
2385 3239 2601 3327 ipsum

347 3354 655 3415 castrum.
705 3348 808 3414 De
839 3346 1253 3415 multitudine
1285 3355 1500 3415 autem
1534 3347 1746 3435 ipsius
1777 3349 2100 3417 exercitus
2129 3349 2319 3418 vobis
2350 3348 2602 3434 aliquid

345 3475 475 3522 non
508 3455 746 3542 scribo,
780 3454 907 3523 nisi
941 3456 1115 3541 quod
1135 3457 1420 3524 omnium
1451 3457 1842 3543 Regnorum,
1876 3477 2003 3543 que
2021 3458 2332 3545 obtinent,
2364 3457 2602 3525 milites

346 3565 433 3631 ad
464 3583 753 3652 pugnam
786 3571 978 3652 aptos
1010 3566 1409 3652 compellunt
1441 3569 1594 3632 ante
1627 3585 1700 3633 se
1730 3565 2014 3653 preliari.
2068 3568 2301 3633 Fertur
2330 3586 2373 3633 a
2403 3565 2601 3653 pluri-

345 3674 472 3741 bus
502 3692 574 3740 re
604 3679 805 3761 certa,
860 3680 924 3741 et
953 3676 1106 3742 Dux
1138 3673 1222 3741 de
1252 3673 1456 3742 Sudal
1487 3674 1824 3742 mandavit
1855 3693 1974 3762 per
2005 3695 2108 3742 me
2138 3675 2304 3759 Regi
2336 3676 2601 3761 Hunga-

347 3781 585 3849 riorum
621 3782 772 3849 viva
795 3801 973 3868 voce,
1008 3783 1182 3868 quod
1212 3788 1402 3850 nocte
1422 3783 1657 3869 dieque
1676 3784 2019 3852 consilium
2050 3784 2294 3851 habent
2313 3784 2601 3868 Tartari,

347 3891 630 3977 qualiter
661 3893 927 3960 vincant
975 3899 1040 3960 et
1071 3891 1409 3962 obtineant
1438 3896 1738 3980 Regnum
1768 3892 2252 3978 Hungariorum
2286 3892 2601 3960 Christia-

346 4020 597 4067 norum.
649 4003 1062 4089 Propositum
1111 4001 1287 4069 enim
1338 4002 1616 4089 habent,
1675 4007 1748 4068 ut
1797 4001 2065 4069 veniant
2115 4008 2181 4068 et
2228 4010 2603 4089 expugnent

345 4111 638 4195 Romam,
689 4116 755 4177 et
785 4109 956 4178 ultra
987 4112 1281 4178 Romam.
1333 4109 1512 4179 Misit
1541 4129 1702 4197 ergo
1734 4110 1990 4196 legatos
2028 4109 2114 4176 ad
2143 4113 2388 4194 Regem
2420 4108 2598 4176 Hun-

347 4219 695 4303 gariorum,
732 4217 843 4304 qui
862 4218 1199 4287 venientes
1229 4239 1347 4306 per
1378 4224 1618 4285 terram
1639 4216 1842 4284 Ducis
1874 4214 1958 4284 de
1988 4215 2211 4303 Sudal,
2252 4222 2320 4283 et
2347 4216 2599 4284 litteras

347 4326 514 4410 Regi
544 4326 1027 4411 Hungariorum
1078 4327 1317 4394 missas
1348 4327 1500 4394 Dux
1531 4325 1643 4393 ille
1674 4324 1923 4413 recepit
1961 4326 2046 4391 ab
2078 4324 2198 4413 eis,
2249 4331 2315 4393 et
2343 4325 2600 4410 legatos

347 4435 530 4521 ipsos
562 4455 707 4501 cum
739 4433 939 4503 sociis
972 4434 1129 4502 mihi
1163 4435 1497 4521 deputatis
1528 4435 1728 4501 etiam
1761 4432 1915 4500 vidi.
1967 4433 2308 4501 Predictas
2347 4432 2601 4500 litteras

350 4562 393 4608 a
422 4542 566 4609 Noe
597 4544 781 4610 Duce
817 4543 899 4610 de
928 4542 1131 4610 Sudal
1163 4542 1323 4609 mihi
1356 4543 1549 4611 datas
1581 4543 1670 4609 ad
1698 4544 1941 4629 Regem
1977 4539 2459 4626 Hungariorum
2493 4541 2601 4608 de-

348 4650 628 4742 portavi.
681 4651 927 4720 Littere
959 4658 1177 4720 autem
1210 4650 1450 4739 scripte
1481 4659 1632 4720 sunt
1661 4651 1900 4720 litteris
1950 4651 2233 4739 paganis
2264 4655 2330 4717 et
2373 4649 2603 4738 lingua
