3359 5250
1345 437 1471 501 123

1352 1014 1464 1081 80.

284 1199 393 1265 IX.
433 1197 709 1284 Geryely
745 1201 930 1287 pcipa
963 1220 1001 1259 a
1035 1197 1213 1262 υάεεί
1240 1197 1550 1284 puspb‘k‘o't
1570 1193 1982 1285 felszdllz'tja,
2015 1198 2175 1284 [1093]
2213 1219 2253 1261 α
2289 1194 2547 1261 tata'rok

672 1305 828 1370 ellen
861 1306 1156 1372 kereeztes
1188 1305 1455 1371 Ιιάόονύι
1484 1304 1907 1373 hirdcttessen.
1958 1307 2154 1371 1241.

501 1501 859 1587 Gregorius
908 1503 1270 1591 Episcopus
1336 1523 1566 1571 seruus
1618 1523 1952 1571 seruorum
2001 1502 2126 1570 Dei
2184 1502 2543 1572 venerabili

285 1611 471 1679 fratri
508 1663 523 1677 .
550 1664 603 1680 ..
641 1613 965 1698 Episcopo
990 1611 1317 1678 Waciensi
1354 1612 1633 1679 salutem
1667 1617 1730 1679 et
1762 1609 2210 1698 Apostolicam
2250 1609 2544 1677 benedic·

286 1721 552 1786 tionem.
609 1720 846 1787 Vocem
879 1718 948 1785 in
982 1719 1239 1786 excelso
1295 1719 1781 1786 lamentationis
1813 1726 1879 1786 et
1926 1719 2114 1785 fletus
2149 1717 2541 1803 audivimus,

288 1835 350 1894 et
377 1848 501 1896 nos
557 1825 773 1893 multis
827 1825 1169 1893 amaricati
1200 1825 1533 1894 doloribus
1585 1824 2023 1914 deploramus,
2078 1826 2251 1912 quod
2299 1825 2544 1893 iacula-

288 1945 419 2003 tum
455 1935 543 2001 de
574 1935 715 2001 celo
748 1931 1055 2001 iudicium
1077 1934 1208 1999 iam
1245 1935 1680 2021 depopulatur
1715 1933 1998 2020 undique
2040 1936 2349 2023 populum
2385 1935 2546 2003 chri-

286 2044 595 2128 stianum,
660 2040 833 2125 quod
885 2041 1238 2108 infidelium
1290 2041 1550 2128 gladius
1600 2044 1668 2107 in
1718 2041 1944 2110 fideles
1996 2043 2331 2131 reciproca
2383 2040 2543 2110 cede

288 2149 720 2234 convertitur,
775 2157 840 2215 et
889 2150 952 2216 in
1006 2149 1410 2218 christicolas
1461 2171 1870 2238 paganorum
1921 2171 2140 2218 mucro
2198 2150 2544 2218 crudeliter

293 2258 718 2327 debachatur.
772 2257 1034 2326 Clamor
1068 2259 1237 2326 enim
1292 2260 1606 2327 scelerum
1638 2260 1908 2327 humani
1942 2260 2198 2345 generis
2238 2260 2545 2345 multipli-

284 2375 490 2453 catus,
531 2366 891 2434 ascendens
917 2368 983 2434 in
1017 2387 1207 2435 aures
1229 2367 1514 2436 omnium
1540 2368 1916 2453 conditoris,
1950 2368 2187 2456 ipsum,
2222 2369 2330 2451 qui
2353 2368 2542 2454 quasi

288 2496 414 2543 non
435 2474 671 2543 videns
702 2474 828 2542 huc
850 2495 1057 2559 usque
1088 2477 1314 2561 tacuit,
1349 2478 1457 2561 qui
1490 2478 1954 2546 correctionem
1976 2477 2201 2563 populi
2233 2477 2335 2543 sui
2365 2477 2546 2543 velut

283 2583 548 2670 patiens
595 2584 984 2672 expectavit,
1037 2586 1311 2653 ultorem
1345 2585 1754 2671 iniquitatum
1792 2587 2083 2673 gladium
2134 2584 2349 2671 coegit
2398 2604 2539 2651 exe-

285 2713 466 2778 rere,
523 2700 590 2760 et
641 2695 726 2759 ab
777 2693 983 2761 oculis
1036 2695 1350 2780 patientie
1401 2715 1516 2761 sue
1569 2696 2133 2765 abhominationes
2190 2691 2541 2760 emundare

287 2800 726 2886 flagitiorum,
780 2803 1072 2887 expetita
1123 2802 1393 2886 gravide
1445 2805 1899 2888 peccatoribus
1949 2804 2229 2888 ultione;
2280 2808 2544 2889 propter

286 2906 458 2992 quod
493 2928 740 2993 omneS,
776 2929 1044 2992 quorum
1078 2908 1275 2975 corda
1307 2911 1498 2978 timor
1532 2912 1793 2978 Domini
1827 2912 2064 2995 tetigit,
2119 2916 2377 2999 opertos
2411 2910 2543 2979 cili-

289 3019 404 3086 ciis
439 3030 506 3087 et
540 3038 848 3104 aspersos
882 3020 1097 3086 cinere
1130 3020 1198 3084 in
1232 3020 1511 3106 suspirio
1561 3031 1624 3088 et
1658 3022 1943 3088 lacrimis
1978 3021 2287 3087 Divinam
2321 3041 2543 3086 conve-

286 3128 379 3192 nit
429 3127 944 3193 misericordiam
977 3127 1344 3213 implorare,
1403 3130 1612 3212 utqui
1646 3150 1901 3215 semper
1943 3128 2030 3194 ad
2078 3127 2544 3211 ignoscendum

287 3236 525 3302 multus
580 3234 811 3321 extitit,
868 3235 977 3319 qui
1009 3236 1388 3322 prestabilis
1440 3256 1637 3322 super
1670 3238 1927 3305 malitia
1983 3238 2155 3304 omni
2195 3255 2340 3302 esse
2392 3242 2546 3301 tem-

285 3364 438 3429 pore
471 3343 834 3427 cousuevit,
886 3351 1175 3409 exertum
1209 3345 1502 3427 gladium
1537 3345 1622 3410 ad
1662 3347 1968 3430 vaginam
2009 3346 2230 3412 iubeat
2261 3346 2543 3432 regredi,

289 3459 353 3518 et
387 3453 552 3519 iram
584 3451 654 3517 in
675 3456 921 3536 gentes,
956 3471 1080 3534 que
1110 3452 1291 3518 illum
1324 3473 1451 3518 non
1471 3460 1808 3538 noverunt,
1846 3451 2201 3539 effundenS‚
2244 3454 2546 3538 dignetur

287 3556 531 3646 populo
566 3556 684 3622 filii
717 3559 817 3623 sui
847 3557 1156 3641 insignito
1199 3566 1533 3624 caractere
1567 3561 1879 3627 misereri.
1922 3562 2271 3647 Speramus
2304 3567 2542 3645 autem,

283 3665 460 3749 quod
493 3665 616 3731 etsi
638 3665 819 3731 Deus
851 3672 1072 3731 noster
1101 3685 1221 3732 nos
1255 3666 1421 3732 dura
1456 3667 1901 3753 increpatione
1926 3668 2319 3752 redarguere
2356 3687 2541 3753 cepe-

287 3774 390 3856 rit,
445 3775 678 3857 Regna
727 3778 965 3857 tamen,
1019 3791 1145 3856 que
1199 3771 1405 3859 ipsius
1456 3794 1692 3841 nomen
1741 3774 2067 3857 invocant,
2116 3795 2157 3841 a
2204 3774 2374 3841 facie
2425 3794 2546 3842 sua

286 3880 670 3968 disperdere
717 3901 846 3950 non
879 3881 1192 3968 intendit3
1245 3882 1399 3966 quin
1435 3882 1630 3948 immo
1665 3903 1708 3947 a
1740 3903 1911 3969 pena
1948 3892 2268 3969 perpetua
2323 3902 2545 3970 pecca-

283 3998 460 4058 tores
512 3995 699 4056 curat
730 3989 1004 4077 eripere,
1060 3992 1292 4074 quibus
1325 3990 1706 4078 temporalis
1740 3991 1955 4058 studet
2005 3991 2268 4057 ultionis
2313 3991 2544 4058 benefi-

278 4101 455 4167 cium
489 4098 576 4165 ad
597 4098 1098 4184 castigationem
1127 4102 1332 4167 nostri
1352 4101 1613 4187 generis
1649 4100 1997 4187 adhiberc;
2030 4100 2187 4192 quia
2217 4100 2342 4167 etsi
2374 4099 2542 4167 filios

275 4208 550 4277 Israelis
603 4209 948 4295 temptatio
1001 4211 1224 4277 mortis
1258 4213 1323 4277 in
1354 4210 1619 4278 heremo
1671 4210 2063 4296 quandoque
2114 4209 2421 4295 tetigerit,
2475 4209 2541 4276 in

280 4318 376 4385 eis
410 4325 630 4385 tamen
664 4316 766 4384 ira
796 4319 1056 4386 Domini
1089 4317 1332 4388 diutius
1363 4341 1495 4386 non
1545 4321 1921 4407 permansit.
1977 4321 2212 4386 Verum
2246 4317 2368 4386 etsi
2401 4338 2543 4405 gra-

276 4426 450 4495 viter
481 4423 564 4492 de
597 4425 886 4492 omnium
917 4427 1202 4494 fidelium
1243 4429 1669 4515 oppressione
1721 4430 2073 4512 turbemur,
2108 4446 2305 4513 super
2345 4425 2543 4493 afflic-

279 4537 462 4601 tione
495 4543 720 4601 tamen
750 4536 960 4620 Regni
980 4536 1287 4624 Ungarie,
1324 4538 1497 4623 quod
1529 4560 1570 4604 a
1604 4537 1901 4605 Tartaris
1948 4536 2245 4604 invasum
2267 4544 2331 4602 et
2364 4555 2543 4603 occu·
2626 4610 2635 4623 „

277 4652 510 4731 patum
560 4664 680 4730 pro
713 4665 964 4729 magna
1013 4656 1220 4734 parte,
1262 4647 1332 4714 in
1383 4648 1664 4716 lectione
1696 4647 2059 4715 litterarum
2110 4653 2366 4713 tuarum
2413 4663 2541 4710 non

283 4754 428 4820 sine
460 4753 811 4819 multarum
863 4753 1275 4824 lacrimarum
1313 4756 1628 4824 effusione
1680 4754 2043 4841 didicimus.
2078 4776 2155 4824 eo
2189 4753 2537 4842 specialior
