3359 5250
1380 403 1503 471 241

1383 961 1539 1030 168.

318 1138 389 1202 A
424 1140 593 1205 bdcei
617 1140 1045 1229 hiptalannak
1073 1145 1611 1231 bizonysdqlevele,
1643 1147 1808 1233 hoqy
1857 1146 2132 1240 Ambrae
2163 1150 2584 1238 Serequylnak

304 1248 428 1329 fia,
480 1254 541 1312 ἐς
574 1249 855 1316 Benedek
885 1252 1321 1318 Modorodnak
1343 1253 1448 1335 fia
1478 1254 1823 1320 birtokukac
1851 1254 2016 1322 Ivdn
2046 1280 2085 1322 α
2116 1257 2388 1324 kalocsai
2422 1260 2586 1324 e‘rsek

903 1359 1476 1429 tdrnokmesterdnek
1506 1361 1773 1429 eladtdk.
1806 1359 2004 1430 1247.

541 1554 678 1624 Nos
708 1555 1079 1644 Capitulum
1109 1556 1469 1627 Bachiense
1500 1558 1801 1628 omnibus
1852 1562 2264 1647 presentibus
2316 1571 2383 1631 et
2412 1562 2580 1632 futu-

322 1662 416 1727 ris
449 1662 895 1734 insinuacione
944 1665 1356 1751 presencium
1389 1674 1611 1734 notum
1643 1666 1942 1754 facimus,
1994 1668 2170 1753 quod
2198 1671 2580 1740 Ambrosius

322 1770 500 1838 filius
530 1770 864 1860 Sereguyl,
901 1781 967 1841 et
996 1772 1390 1842 Benedictus
1423 1773 1595 1841 filius
1614 1773 1937 1844 Modorod
1968 1796 2190 1845 eoram
2222 1778 2413 1848 nobis
2444 1801 2583 1867 per-

324 1880 640 1949 sonaliter
657 1881 1008 1966 constituti,
1044 1882 1518 1967 confessisunt,
1548 1891 1624 1950 ut
1640 1883 2109 1953 hereditariam
2127 1893 2371 1954 terram
2396 1906 2581 1956 suam

323 1989 521 2057 sitam
570 1989 639 2056 in
673 1987 997 2060 Comitatu
1048 1991 1132 2058 de
1163 1992 1393 2059 chou
1445 2011 1590 2060 cum
1632 1992 1930 2061 omnibus
1982 1993 2375 2063 utilitatibus
2419 1995 2579 2082 suiS,

323 2097 748 2186 pertinenciis
767 2118 884 2167 seu
914 2097 1197 2185 edificijs
1221 2118 1417 2188 super
1449 2100 1661 2186 ipsam
1693 2106 1936 2168 terram
1956 2100 2404 2188 existentibus,
2434 2121 2582 2171 eon-

326 2215 629 2276 metaneo
662 2226 802 2292 suo,
835 2208 1089 2276 scilicet
1120 2206 1316 2293 Juan,
1349 2208 1664 2293 Magistro
1702 2210 2216 2277 Tanai-nieorum
2249 2210 2583 2278 uenerabi-

323 2313 406 2379 lis
437 2313 646 2401 patris
692 2313 1034 2383 Benedicti
1064 2315 1190 2383 Dei
1223 2314 1451 2401 gracia
1480 2314 1980 2403 Archiepiscopi
2014 2314 2430 2385 Colochensis
2462 2337 2582 2404 pro

323 2420 549 2490 decem
600 2421 837 2490 marcis
890 2424 1144 2509 argenti
1195 2420 1645 2491 uendidissent
1692 2424 2121 2510 integraliter,
2172 2423 2301 2492 sibi
2339 2430 2404 2491 et
2444 2427 2582 2493 suis

324 2529 677 2597 heredibus
707 2537 1023 2618 perpetuo
1056 2527 1430 2599 habendam
1460 2536 1525 2599 et
1553 2530 2042 2619 possidendam,
2073 2540 2139 2599 et
2167 2530 2379 2618 ipsam
2410 2551 2578 2600 sum-

324 2659 499 2706 mam
534 2638 811 2724 pecunie
841 2659 915 2707 se
944 2638 1242 2726 plenarie
1273 2640 1621 2726 recepisse.
1655 2640 1859 2708 Porro
1898 2639 2119 2725 uicini,
2152 2640 2435 2708 confines
2468 2658 2585 2706 seu

323 2745 755 2815 commetanei
786 2754 961 2815 terre
989 2747 1310 2834 predicte,
1361 2748 1612 2816 scilieet
1666 2748 1900 2818 Custos
1932 2753 1999 2816 et
2029 2747 2400 2817 conuentus
2451 2748 2582 2817 Mo·

322 2854 594 2943 nasterij
629 2854 855 2922 Sancti
885 2856 1200 2940 Demetrij
1241 2875 1359 2942 per
1390 2856 1708 2926 officiales
1739 2877 1914 2944 suos,
1955 2855 2263 2924 videlicet
2309 2855 2582 2924 Tenkeu

325 2973 390 3034 et
419 2964 745 3033 'rhomam
779 2962 1047 3031 fratrem
1066 2961 1261 3030 Fuka
1288 2964 1505 3052 nobis,
1537 2964 1937 3050 intimarunt,
1985 2965 2134 3033 huic
2165 2964 2442 3033 emcioni
2468 2984 2587 3033 seu

323 3071 696 3141 uendicioni
745 3091 934 3140 suum
987 3091 1372 3139 eonsensum
1424 3072 1802 3160 prebuisse3
1855 3071 1969 3157 alij
2009 3089 2283 3157 quoque,
2332 3071 2587 3137 scilieet

323 3182 526 3250 Emsa
557 3186 905 3266 quenesius
935 3178 1162 3267 populi
1194 3178 1278 3246 de
1309 3178 1474 3247 uilla
1504 3178 1738 3263 Yelun,
1772 3186 1836 3246 et
1864 3178 2151 3246 Thomas
2169 3176 2374 3244 frater
2394 3175 2587 3244 Fuka

320 3289 687 3377 premissus
737 3287 1035 3373 requisiti
1084 3308 1128 3354 a
1156 3286 1369 3371 nobis,
1403 3285 1726 3372 empcioni
1778 3306 1893 3354 seu
1943 3283 2314 3353 uendicioni
2362 3303 2587 3370 supra·

324 3399 501 3467 dicte
531 3418 721 3465 suum
753 3415 1096 3464 assensum
1129 3395 1423 3462 ultronee
1451 3394 1867 3481 prebuerunt.
1900 3395 1977 3460 In
2008 3392 2193 3460 cuius
2225 3393 2320 3459 rei
2351 3411 2588 3461 memo-

323 3507 490 3574 riam
521 3511 862 3594 presentes
895 3503 1154 3571 litteras
1187 3502 1625 3571 concessimus
1657 3502 1863 3589 sigilli
1892 3502 2072 3571 nosri
2104 3500 2455 3569 munimine
2486 3519 2584 3567 ro·

324 3614 615 3683 boratas.
667 3613 857 3681 Anno
889 3612 977 3680 ab
1007 3611 1475 3678 Incarnacione
1513 3609 1778 3679 Domini
1808 3611 1899 3676 Μο
1922 3607 2054 3677 00⁰
2083 3607 2587 3693 quadragesimo

323 3722 642 3810 septimo;
674 3719 990 3806 Magistro
1023 3720 1064 3788 J
1069 3722 1153 3788 ob
1184 3717 1529 3803 Preposito
1559 3716 1910 3785 Bachiensi
1942 3722 2010 3785 et
2031 3714 2285 3783 Comite
2317 3712 2590 3800 capelle

324 3829 553 3916 Regie,
587 3826 855 3896 Andrea
883 3828 1179 3914 Lectore,
1226 3827 1512 3914 Symone
1550 3823 1854 3908 cantore,
1905 3820 2261 3890 Benedicto
2291 3818 2590 3887 Archidi-

327 3955 532 4005 acono
550 3935 925 4021 Bachiensi‚
951 3933 1236 4020 Symone
1255 3930 1734 4000 Archidiacono
1757 3929 2138 4017 Syrmiensi,
2161 3927 2452 3994 Adriano
2472 3923 2592 3991 Gu-

327 4045 532 4130 stode,
553 4043 841 4114 Antonio
853 4042 1331 4113 Archidiacono
1351 4040 1838 4127 Sceguediensi‚
1862 4038 2096 4108 Nicola
2114 4038 2405 4119 Decano,
2427 4040 2594 4100 cete-

326 4155 550 4241 risque
560 4151 911 4222 Canonicis
933 4151 1002 4218 in
1025 4150 1256 4223 eadem
1268 4149 1573 4218 Ecclesia
1581 4151 1725 4217 Deo
1747 4148 2025 4217 feliciter
2044 4142 2589 4215 ministrantibus.

1005 4296 1064 4362 A
1434 4293 1490 4359 B
1861 4291 1914 4359 O

329 4445 605 4517 (Eredetie
629 4439 960 4510 bdrhartyAn
981 4456 1016 4493 a
1038 4438 1417 4508 kaptalannak
1442 4439 1782 4491 barnavorbs
1819 4431 2274 4504 selyemzsinoron
2300 4429 2474 4498 fflggB
2499 4444 2590 4495 pe-

742 4533 915 4603 csetje
939 4535 1095 4597 alatt,
1122 4547 1157 4584 a
1181 4530 1347 4584 budai
1374 4533 1480 4583 kir.
1506 4530 1754 4583 kamarai
1779 4521 2170 4593 leveltarban).

416 4853 810 4893 mmmmm.
843 4852 982 4890 msr.
1024 4860 1097 4870 —-
1135 4850 1278 4885 met„
1315 4842 1364 4881 is
2194 4818 2267 4875 16
