3359 5250
1315 381 1403 447 43

210 577 384 644 meis
414 576 484 642 in
533 595 876 643 commune
928 576 1208 660 legabo;
1262 576 1420 643 item
1451 576 1686 643 retinui
1733 578 1888 644 mihi
1934 578 2487 664 trigintaquinque

218 687 603 770 libertinos;
661 705 940 771 quorum
989 693 1242 771 septem
1290 686 1528 753 retinui
1560 686 1641 752 de
1672 686 1837 752 uilla
1869 687 2106 774 Vinga,
2160 694 2226 755 et
2270 707 2491 756 eorum

214 795 498 862 nomina
544 794 669 860 hec
717 801 869 861 sunt
901 816 918 857 :
950 795 1173 878 Artns,
1224 795 1461 879 Dreus,
1495 795 1779 878 Zarand,
1830 796 2103 881 Kosma,
2153 795 2487 880 Benefluc,

220 905 470 988 Benus,
503 903 858 988 Rophoen;
912 901 992 967 de
1022 900 1187 968 uilla
1217 902 1482 969 Zekzou
1511 901 1748 968 retinui
1780 903 2270 986 quatuordecim
2299 903 2493 971 liber·

221 1015 426 1098 tinos,
462 1031 733 1097 quorum
763 1011 1035 1077 nomina
1067 1017 1219 1076 sunt
1251 1011 1372 1076 hec
1407 1033 1423 1075 ε
1460 1009 1742 1093 Ghekez‚
1776 1009 2001 1095 vidus,
2036 1011 2225 1097 Vida,
2266 1011 2490 1096 Bezer,

221 1123 480 1207 Victor,
498 1119 728 1204 Porch,
762 1119 952 1203 Vros‚
973 1118 1183 1201 Nuza,
1213 1119 1400 1203 Paul,
1433 1120 1744 1203 Geregur,
1773 1117 1961 1204 Seue,
1992 1118 2244 1204 Echka,
2269 1120 2490 1187 Gecbe

221 1237 287 1298 et
320 1231 576 1314 Petkv3
628 1229 785 1295 item
830 1227 912 1293 de
944 1227 1108 1293 uilla
1139 1227 1453 1296 Gveduch
1500 1226 1739 1294 retinui
1770 1247 2024 1311 novem,
2078 1247 2351 1312 quorum
2382 1248 2492 1294 no·

223 1339 413 1405 mina
442 1344 593 1404 sunt
627 1361 642 1402 :
695 1337 960 1419 Forcos,
995 1335 1224 1420 Vidus,
1276 1336 1553 1419 Menan,
1606 1336 1928 1419 Neurenc,
1974 1336 2272 1421 Miclous,
2325 1337 2489 1402 Mar·

223 1446 413 1531 cheu,
437 1445 646 1529 Chila,
666 1445 921 1529 Mogus,
944 1452 1009 1511 et
1039 1444 1252 1529 Joub;
1298 1444 1380 1510 de
1412 1443 1604 1511 Houd
1625 1443 1865 1511 retinui
1898 1452 2195 1531 quatuor,
2217 1465 2488 1530 quorum

222 1556 501 1624 nomina
517 1562 667 1622 sunt
699 1556 857 1621 hec:
892 1554 1042 1639 oth,
1067 1554 1404 1641 Gelianus‚
1430 1551 1714 1620 Chomvz
1746 1560 1813 1620 et
1833 1551 2237 1636 Cheguereu.
2256 1554 2489 1620 Eciam

222 1664 471 1731 retinui
502 1662 662 1729 mihi
691 1682 888 1728 unum
938 1681 1287 1749 preconem
1336 1662 1597 1728 nomine
1627 1661 1922 1727 Wached
1954 1661 2035 1726 de
2066 1661 2230 1727 uilla
2257 1663 2486 1728 Beren.

224 1775 311 1840 Et
343 1791 459 1837 eos
492 1789 719 1836 omnes
752 1769 1315 1852 trigintaquinque
1345 1768 1689 1836 libertinos
1712 1768 2198 1854 prenominatos
2230 1769 2329 1835 sic
2346 1790 2489 1855 pro·

223 1880 372 1967 prio
402 1877 658 1944 retineo
693 1877 986 1962 arbitrio,
1038 1884 1111 1944 ut
1141 1875 1678 1963 qualitercunque
1725 1896 1870 1943 mee
1900 1877 2221 1962 placuerit
2270 1877 2490 1943 uolun-

227 1987 375 2071 tati,
408 1985 630 2052 taliter
660 1984 729 2050 in
780 1983 1027 2051 ultimis
1060 1985 1224 2051 meis
1255 1983 1623 2072 disponam.
1674 1986 1840 2053 Item
1870 1985 2080 2051 habeo
2109 1992 2242 2051 tres
2293 1985 2489 2052 uillas

224 2093 597 2180 empticius,
651 2112 815 2175 quas
848 2112 977 2159 non
1010 2112 1182 2178 pono
1235 2091 1303 2158 in
1336 2091 1825 2176 distribucione,
1880 2091 2001 2158 sed
2030 2092 2277 2159 retineo
2320 2092 2488 2158 arbi-

223 2203 352 2269 trio
384 2220 532 2267 meo
559 2225 576 2285 ;
611 2219 881 2286 quorum
902 2201 1166 2267 nomina
1186 2208 1335 2267 sunt
1355 2201 1475 2266 hec
1502 2223 1517 2264 ε
1550 2199 1746 2286 Guth,
1769 2202 2090 2267 Trucmen
2110 2205 2175 2267 et
2192 2199 2488 2286 Miclous,

223 2330 371 2376 cum
423 2308 728 2377 omnibus
782 2307 920 2374 suis
950 2306 1373 2394 pertinenciis
1421 2313 1486 2374 et
1515 2307 1790 2391 familia,
1845 2309 2012 2375 utin
2043 2307 2284 2375 vltimis
2327 2309 2489 2374 meis

224 2419 589 2500 cuicunque
640 2414 802 2481 mibi
851 2415 1200 2501 placuerit,
1252 2414 1335 2481 de
1365 2415 1520 2499 filijs
1553 2414 1739 2499 meis,
1791 2417 1895 2481 vel
1927 2415 2209 2502 filiabus,
2261 2417 2367 2482 vel
2417 2417 2488 2482 in

223 2504 686 2609 eleemosymas
716 2523 1082 2591 liberaliter
1110 2524 1372 2608 legabo.

441 2635 677 2717 Itaque
724 2633 1126 2720 prescriptus
1159 2630 1397 2700 Comes
1429 2632 1785 2718 Nycolaus,
1839 2653 1983 2699 cum
2013 2632 2147 2699 fflio
2195 2652 2312 2699 suo
2343 2635 2490 2699 Isac

224 2762 486 2810 omnem
518 2740 864 2827 prescripti
897 2741 1134 2807 seriem
1164 2742 1540 2808 testamenti
1576 2741 1644 2808 in
1674 2741 2021 2829 presencia
2067 2739 2273 2807 nostri
2306 2739 2493 2827 Capi·

223 2850 349 2916 tuli
382 2846 639 2916 scilicet
669 2846 979 2913 Albensis
1014 2846 1309 2914 seriatim
1340 2846 1716 2931 asserendo,
1749 2845 2118 2913 humaniter
2137 2846 2496 2933 postulavit

228 2964 293 3023 et
324 2956 632 3040 benigne,
684 2959 757 3019 ut
790 2953 1222 3041 prescriptum
1255 2961 1717 3022 testamentum
1750 2959 1816 3019 et
1845 2962 2222 3020 enarratum
2256 2954 2493 3020 litteris

224 3064 467 3131 nostris
501 3059 782 3146 duplicis
831 3058 1148 3128 incisione
1194 3061 1553 3146 alphabeti,
1608 3067 1673 3126 et
1705 3060 1912 3144 sigilli
1950 3059 2161 3128 nostri
2206 3060 2496 3126 munimi-

223 3192 345 3238 nus
362 3172 787 3238 firmaremus.
805 3168 945 3235 Nos
962 3168 1163 3252 igitur
1180 3168 1353 3236 iuste
1370 3166 1678 3253 peticioni
1698 3168 2184 3234 consencientes
2205 3166 2338 3232 iam
2357 3165 2495 3233 dic-

228 3288 366 3348 tam
397 3278 636 3346 seriem
671 3278 1040 3356 testamenti
1087 3277 1498 3364 presentibus
1547 3276 1808 3361 litteris,
1861 3283 1926 3341 et
1959 3274 2238 3362 duplicis
2269 3274 2497 3361 alpha-

229 3389 363 3455 beti
417 3388 731 3455 incisione
751 3437 769 3470 ‚
834 3390 900 3451 et
948 3384 1166 3471 sigillo
1230 3393 1450 3454 nostro
1514 3385 1906 3452 muniuimus
1957 3385 2027 3449 in
2090 3391 2495 3471 perpetuum.

232 3497 484 3562 Datum
515 3514 689 3562 anno
709 3495 933 3579 gracie
963 3494 1055 3559 M⁰
1076 3492 1207 3560 00⁰
1225 3494 1447 3560 XXX⁰
1466 3493 1655 3578 VIJ03
1692 3493 2015 3560 Michaele
2033 3492 2378 3579 Preposito
2411 3494 2498 3559 ab

234 3601 814 3670 administracione
870 3620 1214 3689 suspenso,
1264 3602 1545 3669 Martino
1597 3600 1907 3686 Crantore,
1959 3620 2168 3688 paruo
2217 3601 2498 3667 Martino

236 3710 543 3795 Custode,
576 3709 899 3778 Siluestro
932 3711 1201 3776 Decano
1237 3709 1685 3777 existentibus.

736 3870 796 3936 A
976 3872 1030 3937 B
1214 3871 1264 3937 C
1444 3872 1505 3936 D
1688 3871 1744 3936 Ε
1924 3869 1978 3934 F

233 4032 307 4096 (A
328 4032 624 4100 Kisfaludy
661 4030 846 4085 csalad
871 4031 1199 4085 credetiebffl
1221 4071 1235 4097 ,
1274 4032 1473 4099 melyet
1504 4034 1661 4083 1859.
1688 4047 1722 4082 a
1747 4048 1817 4082 m.
1842 4032 1897 4082 k.
1925 4031 2088 4082 kur-ia
2125 4026 2501 4082 leveltaraban

234 4119 500 4174 tantam.
525 4118 691 4185 Fejer
717 4123 847 4176 Cod-
874 4123 1023 4190 Dipl.
1049 4123 1145 4175 IV.
1170 4122 1225 4173 k.
1256 4124 1304 4173 1.
1330 4138 1374 4173 r.
1405 4122 1488 4174 78.
1516 4121 1552 4175 1.
1579 4137 1714 4173 ezen
1753 4117 2015 4186 okrnanyt
2051 4122 2179 4187 igen
2204 4115 2364 4172 laihan
2388 4117 2502 4172 ma-

235 4210 379 4262 solat
403 4208 540 4262 utin
556 4210 773 4263 kbzulte
794 4230 809 4275 ς
835 4211 1037 4279 melyet
1054 4209 1202 4277 legrij
1210 4212 1391 4263 abban
1408 4212 1570 4278 Nagy
1588 4212 1731 4261 Imre
1755 4210 2247 4277 palaeographicae
2265 4206 2502 4277 felfogais

636 4303 840 4352 szerint
866 4301 1100 4365 kiadott,
1127 4300 1303 4352 Hazai
1330 4298 1671 4368 Okmanytar
1698 4301 1743 4351 Ι.
1769 4301 1884 4363 hut,
1915 4302 1998 4353 16.
2024 4294 2087 4365 l.)

1118 4599 1631 4613 Ἥ
