3359 5250
1414 279 1540 346 421

1411 849 1571 920 299.

356 1031 406 1097 Ι
415 1032 482 1097 V.
514 1032 675 1098 Be'la
722 1032 930 1119 kirdcy
964 1053 1005 1095 a
1038 1028 1213 1098 Chalc
1262 1052 1457 1096 comes
1488 1036 1551 1096 e's
1590 1053 1631 1095 a
1662 1030 1901 1098 Gara-i
1946 1031 2177 1098 vcirhoz
2228 1036 2462 1097 tartozd
2510 1031 2619 1096 hat

665 1145 997 1226 nmnzetsey
1025 1138 1189 1204 ko‘zti
1217 1139 1788 1227 eqycnetlense'qeket
1818 1141 2075 1206 elinte'zi.
2116 1137 2308 1205 1256.

581 1333 819 1422 (B)Ela
837 1334 963 1403 Dei
997 1334 1224 1420 gracia
1255 1332 1611 1420 Hungarie,
1636 1334 2004 1420 Dalmacie,
2038 1334 2371 1420 Grouacie,
2392 1337 2615 1422 Rame‚

355 1443 604 1529 Seruio,
628 1440 925 1529 Gallicis,
946 1442 1355 1528 Lodomerie‚
1377 1442 1819 1529 Gumanieque
1837 1445 1980 1511 Rex
1999 1443 2323 1511 uniuersis
2354 1463 2614 1530 presen-

358 1558 462 1617 tes
493 1550 750 1618 litteras
795 1549 1187 1638 inspecturis
1231 1551 1511 1619 salutem
1555 1550 1625 1618 in
1656 1551 1942 1620 omnium
1978 1552 2330 1619 saluatore.
2379 1553 2610 1619 Excel-

356 1658 576 1727 lencia
603 1657 817 1744 Regia
846 1657 1155 1744 remedijs
1184 1657 1546 1744 inuigilans
1581 1659 2021 1728 subiectorum
2052 1660 2222 1727 solet
2251 1679 2336 1729 ea
2369 1660 2611 1729 littera·

354 1787 500 1834 rum
532 1766 901 1836 testimonio
950 1767 1283 1852 roborare,
1336 1787 1461 1851 que
1507 1767 1799 1852 legitime
1848 1767 2299 1853 terminantur,
2351 1788 2436 1835 ne
2480 1768 2612 1854 hijs

356 1892 673 1961 processu
719 1880 1082 1963 temporum
1133 1875 1203 1941 in
1252 1874 1507 1943 irritum
1557 1878 1882 1945 reuocatis
1928 1875 2195 1944 ueritati
2251 1875 2612 1964 preiudicet

354 1983 642 2069 falsitas,
675 1988 740 2050 et
769 1983 1084 2068 iniquitas
1129 1985 1467 2072 preualeat
1499 1985 1793 2071 equitati.
1843 1985 2124 2052 Proinde
2153 1985 2243 2053 ad
2272 1987 2609 2053 uniuerso-

358 2112 504 2160 rum
535 2092 845 2162 noticiam
870 2101 1096 2165 tenore
1117 2096 1524 2182 presencium
1547 2096 1850 2165 uolumus
1878 2094 2237 2182 peruenire,
2271 2095 2446 2180 quod
2464 2115 2611 2163 cum

357 2209 511 2288 post
540 2220 865 2270 recessum
880 2203 1306 2271 Tartarorum
1334 2223 1459 2289 pro
1490 2202 1879 2271 reuocandis
1907 2202 2157 2271 iuribus
2178 2202 2397 2271 Castri
2424 2201 2606 2270 inde-

356 2310 492 2377 bite
541 2311 876 2397 occupatis
924 2330 1043 2398 per
1089 2316 1297 2379 totum
1327 2313 1625 2396 Regnum
1673 2318 1966 2381 nostrum
2015 2312 2312 2381 diuersos
2359 2310 2608 2380 iudices

356 2419 798 2503 misissemus3
839 2419 1008 2486 inter
1036 2425 1289 2489 ceteros
1320 2418 1509 2487 Ghak
1533 2418 1768 2487 Comes
1800 2418 1883 2487 de
1902 2418 2084 2486 Gara
2113 2419 2358 2487 ensifer
2386 2424 2610 2487 noster

354 2510 635 2595 dilectus
667 2534 887 2595 noster
917 2532 984 2594 et
1010 2527 1250 2615 fidelis,
1300 2546 1418 2594 sex
1447 2528 1917 2613 generaciones
1954 2528 2038 2595 de
2068 2527 2396 2595 Comitatu
2428 2525 2609 2595 Gara

351 2636 441 2704 ad
471 2643 762 2704 nostram
792 2637 1199 2722 presenciam
1233 2637 1553 2721 euocauit,
1609 2641 1675 2703 ct
1705 2641 1916 2704 terras
1949 2638 2303 2705 earundem
2346 2638 2609 2706 nomine

351 2750 671 2812 terrarum
703 2742 920 2812 Castri
942 2742 1174 2812 Castro
1206 2742 1460 2811 restitui
1492 2744 1857 2830 repetebat.
1882 2743 2130 2812 Mem
2160 2750 2378 2812 autem
2410 2765 2605 2829 gene-

353 2851 653 2920 raciones
706 2869 789 2916 ex
840 2850 1115 2919 aduerso
1164 2850 1656 2939 responderunt,
1716 2852 1888 2937 quod
1936 2852 2050 2919 ille
2096 2864 2268 2920 terre
2315 2852 2607 2938 ipsorum

353 2959 530 3050 (igy)
561 2965 786 3029 essent
815 2959 1228 3046 hereditarie,
1261 2969 1329 3029 et
1359 2960 1532 3045 quod
1565 2961 1892 3044 quondam
1930 2979 2050 3047 per
2071 2962 2259 3046 Moys
2292 2960 2607 3029 Comitem

352 3067 444 3135 de
465 3065 650 3136 Gara
699 3068 768 3135 in
799 3073 1023 3136 nostra
1069 3070 1429 3154 presencia·
1459 3069 1725 3136 racione
1756 3066 1971 3134 Castri
2017 3066 2429 3135 in·iudicium
2462 3066 2606 3153 ipse

352 3180 527 3243 terre
576 3174 852 3243 fuissent
882 3174 1174 3262 deducte,
1227 3176 1408 3244 acin
1458 3175 1800 3263 presencia
1829 3172 2149 3261 Stephani
2179 3172 2348 3241 Bani
2394 3174 2607 3243 tocius

350 3281 721 3366 Sclauonie‚
755 3281 860 3349 eui
891 3283 959 3350 in
988 3283 1116 3351 hac
1146 3289 1336 3370 parte
1368 3282 1897 3353 commiseramus
1915 3284 2097 3350 vices
2117 3287 2398 3367 nostras,
2432 3281 2605 3367 quod

352 3391 465 3457 ille
495 3395 670 3457 terre
700 3389 790 3457 ad
821 3409 934 3459 eos
965 3392 1112 3458 iure
1157 3390 1556 3460 hereditario
1587 3392 1980 3478 pertineant,
2019 3388 2300 3458 testibus
2328 3389 2605 3477 ydoneis

351 3499 901 3586 conprobassent3
954 3519 1149 3587 super
1194 3518 1322 3584 quo
1371 3499 1584 3567 eciam
1630 3501 1824 3568 nobis
1871 3503 2267 3567 curauerunt
2312 3505 2603 3567 nostrum

347 3608 770 3694 priuilegium
801 3607 1131 3675 exhibere.
1182 3608 1424 3675 Verum
1456 3607 1614 3693 quia
1645 3627 1763 3692 per
1813 3606 1987 3676 idem
2019 3614 2310 3690 nostrum
2346 3607 2603 3694 priuile-

350 3716 531 3802 gium
563 3715 854 3784 constitit
880 3714 1089 3802 nobis,
1123 3715 1437 3785 relacioni
1467 3716 1765 3803 ipsarum
1797 3736 1915 3785 sex
1957 3715 2461 3802 generacionum
2492 3735 2601 3788 ue-

348 3823 606 3890 ritatem
658 3822 1040 3909 plenissime
1089 3822 1465 3909 suffragari‚
1515 3822 1611 3890 liti
1656 3826 1850 3892 finem
1886 3825 2218 3910 imponere
2266 3825 2603 3912 cupientes

347 3932 531 4018 ipsas
568 3950 686 3999 sex
718 3931 1184 4018 generaciones
1235 3934 1324 4000 ab
1353 3931 1770 4020 impeticione
1819 3932 1977 4001 dicti
2007 3931 2280 4003 Comitis
2313 3931 2501 4001 Chak
2531 3932 2602 4000 in

346 4041 473 4107 hac
502 4046 692 4126 parte
741 4038 1044 4109 duximus
1074 4041 1532 4114 absoluendas.
1578 4040 1711 4110 Sed
1741 4062 1888 4110 cum
1920 4042 1989 4110 in
2034 4039 2425 4129 priuilegijs,
2474 4062 2603 4128 quc

343 4151 493 4236 ipse
522 4167 640 4216 sex
689 4148 1160 4235 generaciones
1189 4156 1667 4237 presentarunt,
1719 4152 2126 4221 solummodo
2165 4152 2359 4221 trium
2406 4172 2600 4238 gene·

344 4254 682 4324 racionum
737 4257 1002 4326 uomina
1052 4257 1465 4345 haberentur,
1526 4259 1907 4346 specialiter
1956 4260 2128 4328 inter
2177 4259 2347 4329 alias
2395 4266 2602 4330 terras

341 4365 797 4452 generacionis
816 4366 1075 4436 Bracon
1105 4367 1318 4435 eidem
1348 4373 1661 4453 tauquam
1696 4386 1855 4437 suas
1879 4367 2311 4437 hereditarias
2340 4389 2601 4457 presen-

339 4475 518 4541 cium
548 4475 924 4544 testimonio
959 4475 1343 4562 reliquimus
1373 4476 1612 4564 quiete,
1644 4476 1919 4565 pacifice
1949 4481 2016 4543 et
2046 4480 2361 4563 perpetuo
2393 4478 2600 4565 possi·

340 4580 615 4668 flendae,
665 4582 836 4651 sicut
866 4583 1286 4653 dinoscuntur
1336 4585 1648 4654 hactenus
1673 4583 1966 4654 tenuisse
2015 4584 2162 4653 sine
2193 4584 2353 4654 iuris
2389 4586 2600 4674 preiu-
