3359 5250
1341 407 1348 414 ,
1438 325 1559 396 127

1447 905 1557 973 83.

364 1087 468 1153 Az
501 1087 868 1175 cszterqami
898 1086 1210 1173 kdptalan
1261 1109 1373 1173 eyy
1407 1088 1775 1173 Esztcryam
1808 1089 2117 1155 va'rosban
2169 1090 2305 1156 Ζέυὸ
2352 1091 2623 1157 kb'hcfzde

539 1168 753 1261 Adam
771 1191 1451 1280 fremit-ammarum
1481 1193 1634 1259 1222„
1666 1195 1807 1262 am
1839 1194 2014 1262 barbe
2047 1197 2226 1284 offa.
2262 1200 2458 1264 1242.

589 1390 928 1458 Vniuersis
962 1398 1300 1479 presentes
1338 1392 1591 1459 litteras
1611 1390 2004 1478 inspecturis
2023 1393 2161 1460 Nos
2180 1394 2627 1480 strigoniense

368 1498 750 1585 Capitulum
783 1500 1064 1567 salutem
1097 1500 1163 1566 in
1195 1501 1473 1570 Domino
1505 1501 1662 1568 Jesu
1698 1498 1979 1569 Christo.
2014 1504 2076 1568 N
2079 1503 2286 1570 cuerit
2316 1504 2629 1571 vniuersi-

366 1615 479 1673 tas
513 1614 754 1693 uestra,
807 1607 981 1692 quod
1013 1628 1135 1676 nos
1166 1608 1529 1677 locauimus
1564 1610 1877 1694 Magistro
1911 1610 2052 1677 Ade
2106 1611 2449 1699 speciario,
2497 1612 2628 1680 ciui

370 1715 831 1803 strigoniensi,
865 1738 985 1802 pro
1018 1737 1090 1783 se
1123 1724 1189 1784 et
1224 1717 1576 1786 heredibus
1609 1719 1745 1786 suis
1779 1718 2107 1805 legitimis,
2164 1726 2225 1786 et
2257 1741 2385 1790 non
2422 1726 2630 1788 extra·

371 1821 536 1910 neis,
573 1822 904 1907 quandam
936 1823 1198 1890 domum
1229 1832 1517 1892 nostram
1551 1824 1905 1912 lapideam,
1959 1826 2155 1892 sitam
2184 1826 2252 1893 in
2284 1827 2427 1895 vico
2460 1829 2628 1896 Lati·

369 1950 606 1998 norum
657 1929 1196 2015 Strigoniensium
1219 1984 1236 2017 ,
1288 1932 1639 2000 habentem
1690 1934 2022 2002 introitum
2074 1939 2137 1999 et
2187 1935 2430 2001 exitum
2484 1944 2631 2003 ante
2708 1983 2715 1990 -

373 2058 674 2108 cameras
727 2039 1268 2125 mercimonialeS,
1324 2048 1389 2108 et
1438 2040 1905 2108 conterminam
1952 2041 2115 2128 vico,
2167 2042 2278 2128 qui
2312 2043 2395 2109 de
2444 2043 2637 2111 dictis

376 2149 665 2216 cameris
711 2150 1306 2216 mercimonialibus
1360 2149 1541 2217 ducit
1571 2151 1656 2217 ad
1708 2151 2056 2218 ecclesiam
2108 2152 2333 2218 Sancti
2381 2153 2641 2222 Nicolai

370 2257 716 2342 Strigonii,
771 2259 855 2324 ab
889 2259 1012 2324 hac
1054 2259 1180 2343 die,
1232 2258 1536 2326 videlicet
1569 2261 1791 2326 Sancti
1840 2259 2180 2328 Michaelis
2222 2262 2642 2347 Archangeli,

375 2385 585 2450 usque
616 2365 706 2432 ad
723 2366 956 2450 viginti
990 2386 1196 2434 annos
1228 2367 1525 2453 proxime
1557 2366 1829 2452 futuros,
1866 2367 1988 2436 hoc
2019 2376 2212 2455 pacto
2247 2377 2313 2437 et
2335 2369 2459 2455 hys
2493 2390 2640 2436 con-

375 2473 749 2541 dicionibus
802 2474 1422 2561 interuenientibus;
1479 2475 1652 2561 quod
1700 2476 1872 2543 idem
1924 2478 2241 2560 Magister
2272 2475 2486 2543 Adam
2538 2480 2641 2545 uel

373 2581 661 2649 heredes
694 2582 795 2650 sui
843 2583 1053 2669 primo
1087 2603 1259 2653 anno
1311 2589 1611 2651 tenentur
1640 2582 1828 2653 nobis
1879 2582 2135 2653 soluere
2170 2584 2334 2652 duas
2386 2604 2642 2652 marcas

375 2691 538 2757 boni
573 2698 639 2758 et
671 2689 908 2776 legalis
940 2694 1198 2778 argenti
1228 2693 1297 2759 in
1329 2691 1619 2759 terminis
1651 2691 2126 2779 infrascriptis5
2161 2692 2446 2761 seeundo
2469 2713 2638 2760 anno

378 2800 550 2867 duas
601 2821 862 2869 marcas
895 2812 959 2869 et
993 2802 1369 2885 dimidiam;
1420 2801 1623 2869 tercio
1658 2819 1812 2868 uero
1850 2822 2019 2868 anno
2054 2800 2218 2868 duas
2272 2821 2529 2869 marcas
2578 2808 2642 2867 et

378 2915 520 2975 tres
554 2908 879 2995 fertones3
933 2918 1166 2995 quarto
1198 2931 1353 2980 uero
1405 2932 1575 2979 anno
1605 2917 1739 2977 tres
1773 2931 2048 2997 marcae,
2102 2917 2166 2976 et
2198 2911 2291 2978 sic
2334 2910 2643 2996 deinceps

378 3036 591 3100 usque
625 3018 714 3085 ad
747 3020 1121 3087 vicesimum
1175 3041 1413 3087 annum
1445 3020 1862 3103 integraliter
1915 3026 2168 3086 tenetur
2201 3021 2456 3088 soluere
2503 3040 2647 3106 pro-

376 3127 559 3192 xime
593 3125 806 3193 dietas
839 3135 970 3194 tres
1023 3146 1279 3194 marcas
1312 3126 1672 3195 annuatim.
1708 3129 1847 3195 Hoc
1880 3127 2085 3210 saluo,
2129 3125 2304 3210 quod
2336 3126 2418 3192 de
2450 3124 2645 3193 dictis

377 3234 621 3300 mareis
658 3233 932 3318 singulis
984 3235 1176 3302 annis
1206 3235 1394 3304 nobis
1444 3235 1898 3322 persoluendis
1944 3235 2224 3301 retinere
2273 3235 2513 3302 debent
2558 3234 2647 3301 di·

380 3340 659 3408 midiam
691 3350 940 3428 partem
961 3364 1080 3430 pro
1114 3341 1534 3412 edificacione
1555 3348 1836 3429 quatuor
1867 3343 2187 3429 parietum
2219 3341 2647 3429 lapideorum,

381 3451 450 3515 in
506 3447 855 3516 altitudine
907 3449 1200 3519 stacione
1249 3451 1440 3517 unius
1474 3449 1555 3517 de
1605 3450 1775 3517 bono
1826 3456 1889 3517 et
1943 3450 2148 3535 legali
2197 3470 2412 3537 opere,
2468 3470 2510 3516 a
2541 3451 2649 3517 die

381 3558 680 3646 predicte
714 3558 1068 3627 locacionis
1090 3579 1295 3643 usque
1329 3557 1416 3625 ad
1446 3560 1640 3625 finem
1677 3559 1887 3644 quinti
1920 3561 2077 3627 anni
2097 3560 2390 3646 proxime
2410 3558 2644 3643 futurj;

384 3666 596 3735 aliam
625 3688 780 3736 uero
834 3667 1171 3736 dimidiam
1207 3650 1463 3755 pas-tem
1495 3670 1736 3736 debent
1781 3668 2154 3756 persoluere
2184 3670 2252 3736 in
2281 3669 2408 3755 hys
2439 3667 2649 3735 tribus

382 3777 726 3861 terminis;
782 3778 991 3865 primo
1021 3776 1328 3845 uidelicet
1377 3778 1444 3843 in
1479 3776 1984 3845 Circumcisione
2017 3777 2298 3862 Domini,
2358 3775 2644 3844 secundo

382 3885 453 3950 in
505 3883 677 3952 festo
716 3884 1178 3971 Apostolorum
1226 3884 1519 3971 Philippi
1569 3893 1633 3953 et
1684 3886 1937 3970 Jacobi,
1994 3893 2058 3952 et
2105 3884 2307 3953 tercio
2360 3887 2428 3952 in
2477 3884 2648 3952 festo

385 3993 617 4060 Sancti
647 3992 891 4079 Egidij,
943 3994 1049 4061 uel
1081 3979 1557 4078 quintodecimo
1612 3995 1720 4061 die
1749 4002 1902 4081 post
1932 3993 2286 4077 quemlibet
2331 3990 2650 4079 predicto-

385 4122 532 4169 rum
560 4101 1004 4169 terminorum.
1039 4103 1115 4169 In
1135 4103 1262 4169 fine
1292 4120 1449 4171 uero
1477 4102 1685 4187 quinti
1719 4102 1874 4169 anni
1915 4102 2109 4168 debet
2142 4100 2279 4168 fieri
2300 4120 2417 4186 per
2446 4100 2650 4167 bonos

389 4210 573 4277 uiros
607 4209 945 4279 estimacio
979 4210 1193 4298 operis
1224 4207 1540 4295 iamdicti,
1582 4217 1649 4277 et
1680 4209 1886 4277 donec
1918 4209 2132 4295 ipsam
2165 4207 2651 4277 estimacionem

392 4319 652 4405 integre
684 4320 1117 4407 perceperint,
1173 4326 1240 4385 ut
1273 4338 1474 4405 supra
1505 4317 1746 4386 dictum
1781 4324 1896 4405 est,
1934 4317 2152 4385 debite
2180 4317 2368 4387 nobis
2398 4315 2651 4403 pensio-

387 4426 493 4493 nis
529 4424 869 4492 dimidiam
900 4433 1158 4514 partem
1190 4425 1578 4493 retinebunt.
1613 4424 1759 4504 Qua
1790 4432 2119 4513 precepta,
2169 4431 2405 4492 extunc
2437 4424 2652 4511 singu-

387 4536 473 4602 lis
505 4531 745 4601 futuris
794 4534 984 4601 annis
1019 4553 1226 4618 usque
1257 4533 1344 4600 ad
1373 4533 1756 4602 vicesimum
1806 4534 2113 4602 iamdicte
2154 4533 2506 4601 locaeionis
2540 4553 2651 4599 an-

385 4664 548 4712 num
567 4645 820 4729 integre
841 4641 1083 4712 debent
1102 4642 1356 4714 soluere
1379 4643 1780 4731 sepedictam
1800 4644 1992 4713 trium
2010 4662 2377 4714 marearum
2396 4641 2653 4727 argenti
