3359 5250
1471 353 1595 420 201

1376 445 1692 456 ————--—-—-—--n

1464 813 1615 882 132.

413 981 513 1045 Az
566 983 698 1066 09νί
746 979 1172 1064 Icciptalamzalc
1220 978 1751 1063 bizonysciqlevelc,
1806 976 1966 1060 Ieoygs
2019 976 2200 1038 Ponit
2233 973 2536 1037 Pouitnak
2568 973 2663 1054 fia

413 1089 794 1154 Miskolczon
844 1088 974 1152 [όυό
1020 1087 1285 1153 ὸύτοῆάύ
1316 1087 1453 1152 File
1488 1086 1753 1171 zdyrdbi
1785 1083 2160 1174 pre'postnalc
2190 1082 2412 1147 cladta.
2469 1080 2663 1148 1245.

631 1249 947 1317 Omnibus
979 1248 1217 1316 Christi
1269 1246 1566 1314 fidelibus
1599 1254 1734 1313 tam
1777 1247 2187 1332 presentibus
2229 1263 2424 1328 quam
2458 1248 2663 1327 poste·

411 1359 524 1443 ris,
578 1358 812 1444 quibus
844 1363 1180 1444 presentes
1230 1358 1578 1444 patuerint,
1627 1356 1967 1443 Agriensis
2018 1353 2309 1422 Ecclesie
2364 1352 2665 1421 deuotum

412 1465 790 1552 Capitulum
841 1466 1115 1532 salutem
1149 1465 1215 1531 in
1247 1463 1407 1533 Jesu
1437 1464 1693 1532 Christo
1735 1486 1776 1533 a
1808 1463 2037 1533 Judeis
2073 1485 2188 1550 pro
2240 1462 2428 1531 nobis
2470 1460 2665 1527 cruci·

415 1577 567 1643 fixo.
601 1572 1026 1641 Vniuersitati
1061 1579 1272 1639 uestre
1305 1579 1526 1640 tenore
1556 1574 1963 1661 presencium
1997 1573 2298 1641 duximus
2334 1571 2664 1640 declaran-

415 1684 590 1770 dum,
628 1682 803 1766 quod
834 1681 1149 1749 accedens
1183 1682 1269 1748 ad
1290 1683 1694 1768 presenciam
1727 1688 2017 1750 nostram
2049 1682 2241 1750 Ponit
2271 1680 2444 1748 filius
2479 1676 2666 1745 Ponit

416 1809 541 1856 sua
573 1789 760 1858 nobis
804 1790 1127 1858 relacione
1160 1793 1569 1876 monstrauit,
1603 1791 1776 1877 quod
1808 1798 2011 1860 totam
2044 1799 2282 1859 terram
2314 1789 2532 1857 fratris
2568 1784 2668 1854 sui

412 1898 698 1966 Worosd
732 1898 1022 1984 Comitis,
1075 1920 1271 1982 quam
1322 1901 1611 1967 habebat
1643 1900 1709 1967 in
1740 1901 2095 1986 Miscovcy,
2150 1921 2272 1985 que
2314 1899 2400 1965 ad
2450 1898 2666 1983 ipsum

413 2007 555 2073 iure
596 2007 989 2075 hereditario
1040 2015 1138 2075 est
1192 2008 1501 2076 deuoluta
1550 2016 1803 2078 mortuo
1834 2008 2118 2077 Worosd
2151 2006 2400 2075 Comite
2445 2024 2666 2090 supra·

415 2113 614 2199 dicto,
656 2112 1061 2181 uendidisset
1090 2117 1409 2202 Magistro
1443 2118 1584 2185 File
1611 2119 1952 2204 Preposito
1985 2114 2416 2202 Zagrabiensi
2450 2118 2514 2178 et
2543 2113 2666 2178 fra-

417 2223 629 2290 tribus
660 2222 814 2308 suis,
839 2225 1042 2289 Tome
1064 2223 1322 2313 Comiti,
1352 2237 1417 2294 et
1436 2228 1649 2312 Petro,
1683 2249 1801 2313 pro
1825 2226 2092 2312 triginta
2127 2225 2362 2291 marcis
2395 2221 2668 2306 argenti,

417 2351 585 2416 quas
617 2353 691 2399 se
721 2332 1015 2419 plenarie
1047 2336 1379 2420 accepisse
1411 2338 1495 2403 ab
1525 2337 1770 2404 eisdem
1805 2335 2102 2403 recitauit
2135 2332 2324 2399 Ponit
2356 2349 2666 2398 memora-

416 2447 562 2524 tus;
617 2440 1052 2526 presentibus,
1109 2444 1290 2508 etad
1325 2444 1393 2509 id
1425 2445 1674 2528 absque
1730 2444 1900 2511 omni
1954 2440 2475 2509 contradiccione
2527 2455 2666 2522 per-

422 2547 829 2615 mittentibus
852 2548 1127 2615 eundem
1156 2552 1452 2637 cognatis
1492 2554 1648 2637 suis,
1686 2552 1993 2619 uidelicet
2014 2548 2297 2635 Georgio
2333 2548 2463 2614 filio
2484 2547 2668 2630 Mice‚

415 2657 694 2724 Nicolao
730 2665 793 2723 et
824 2659 1032 2726 Jacov
1063 2659 1214 2745 filijs
1238 2662 1605 2747 l’angracij‚
1640 2661 1917 2728 Nicolao
1951 2660 2081 2726 filio
2121 2658 2328 2741 Pauli,
2365 2656 2668 2724 Johanne

415 2766 550 2832 filio
585 2764 774 2831 Pauli
810 2765 892 2832 de
912 2764 1158 2853 Caban‚
1194 2768 1512 2837 Michaele
1547 2771 1678 2837 filio
1702 2769 2087 2853 Munchucy‚
2133 2767 2244 2850 qui
2279 2766 2485 2832 eciam
2524 2783 2669 2831 con-

416 2894 684 2941 sensum
733 2873 800 2938 in
853 2874 978 2941 isto
1033 2876 1389 2963 empcionis
1442 2884 1505 2942 ct
1553 2877 1959 2945 uendicionis
2013 2882 2346 2942 contractu
2398 2873 2666 2939 aliorum

416 3002 686 3049 suorum
720 2988 1163 3069 cognatorum,
1212 2984 1322 3069 qui
1356 2986 1786 3071 personaliter
1820 3004 2038 3051 coram
2071 2982 2258 3050 nobis
2290 3003 2417 3047 non
2453 2981 2669 3047 astite-

414 3095 586 3170 runt,
638 3098 1119 3175 proposuerunt
1171 3093 1489 3161 ueraciter
1541 3093 1928 3162 constitisse.
1983 3092 2066 3157 Vt
2100 3098 2314 3157 autem
2354 3090 2540 3156 huius
2574 3087 2669 3154 rei

418 3200 737 3266 memoria
770 3208 1153 3286 perpetuam
1205 3202 1423 3289 capiat
1458 3203 1845 3284 firmitatem,
1900 3220 2019 3267 nec
2054 3200 2135 3266 ab
2180 3199 2312 3265 ullo
2366 3218 2669 3283 umquam

410 3307 769 3393 infringere
800 3307 1059 3377 uolente
1108 3312 1543 3395 malignanter
1578 3310 1985 3379 uendicionis
2034 3316 2097 3375 et
2129 3308 2483 3396 empcionis
2523 3328 2668 3374 con-

415 3421 667 3481 tractus
703 3416 1115 3502 supradictus
1151 3421 1399 3487 cassari
1442 3421 1683 3506 ualeat,
1737 3420 1821 3487 ad
1853 3417 2243 3486 instanciam
2279 3417 2481 3504 partis
2522 3418 2673 3483 utri·

410 3543 620 3607 usque
673 3531 933 3589 nostras
987 3526 1079 3591 eis
1140 3546 1335 3614 super
1385 3529 1507 3596 hoc
1555 3528 1806 3595 litteras
1859 3526 2298 3595 concessimus
2352 3527 2672 3592 communi

411 3632 688 3699 fratrum
710 3639 1079 3702 nostrorum
1104 3656 1444 3721 consensu,
1479 3637 1889 3723 presentibus
1913 3644 2134 3702 tamen
2155 3636 2347 3700 Petro
2369 3635 2664 3718 Cantor-e,

410 3739 608 3826 Cyka
641 3741 951 3825 Custode,
1004 3743 1318 3828 Magistro
1352 3744 1700 3812 Leustacio
1736 3744 1907 3812 Noui
1952 3743 2187 3828 Casiri,
2222 3743 2533 3810 Fal-casio
2588 3745 2665 3809 de

407 3851 686 3931 Bursua,
723 3849 1085 3916 Laurencio
1121 3852 1201 3918 de
1233 3853 1442 3919 Patha
1476 3861 1539 3919 et
1570 3853 1885 3921 Ladizlao
1931 3853 2011 3919 de
2049 3852 2302 3919 Borsod
2334 3850 2665 3917 Archidia-

407 3957 615 4023 conis,
648 3958 993 4041 Regnante
1027 3959 1313 4045 glorioso
1346 3960 1682 4046 Hungarie
1705 3962 1885 4045 Rege
1922 3960 2119 4045 Bela3
2162 3960 2491 4046 Stephano
2514 3961 2668 4026 Stri-

407 4066 738 4152 goniensi,
776 4065 1128 4137 Benedicto
1153 4067 1489 4136 Colocensi
1525 4068 2093 4156 Archiepiscopis3
2139 4069 2414 4138 Domino
2449 4078 2666 4135 nostro

410 4175 594 4241 Cleto
647 4175 1028 4241 Uenerabili
1063 4175 1368 4261 Agriensi
1420 4176 1715 4243 Ecclesie
1770 4177 2109 4247 existente.
2165 4178 2352 4243 Anno
2406 4176 2663 4241 Domini

408 4283 498 4348 Μο
521 4281 653 4350 CC⁰
675 4283 816 4350 XL.
854 4283 1098 4368 quinto.

878 4391 936 4456 A
1198 4391 1251 4456 B
1514 4391 1564 4457 C
1827 4395 1887 4459 D
2151 4396 2205 4459 E

417 4518 694 4583 (Eredetio
735 4516 1082 4587 bo'rhairtyaeln,
1127 4522 1349 4588 melyro!
1378 4538 1411 4571 a
1436 4516 1699 4586 Baptalan
1735 4519 1978 4588 pecsetje
2017 4528 2174 4574 vbi-‘os
2215 4521 2662 4586 selyemzsiuorou

884 4611 1101 4677 fliggutt.
1125 4630 1135 4673 ;
1165 4628 1196 4661 a
1224 4612 1387 4662 budai
1415 4611 1516 4661 kir.
1546 4612 1789 4662 kamarai
1816 4608 2192 4675 leveltzirban.)
