<?xml version="1.0" encoding="UTF-8"?>
<!DOCTYPE html PUBLIC "-//W3C//DTD XHTML 1.0 Transitional//EN"
    "http://www.w3.org/TR/xhtml1/DTD/xhtml1-transitional.dtd">
<html xmlns="http://www.w3.org/1999/xhtml" xml:lang="en" lang="en">
 <head>
  <title>
</title>
<meta http-equiv="Content-Type" content="text/html;charset=utf-8" />
  <meta name='ocr-system' content='tesseract 3.04.00' />
  <meta name='ocr-capabilities' content='ocr_page ocr_carea ocr_par ocr_line ocrx_word'/>
</head>
<body>
  <div class='ocr_page' id='page_1' title='image "./codexdiplomatic09unkngoog_0402.png"; bbox 0 0 3359 5250; ppageno 0'>
   <div class='ocr_carea' id='block_1_1' title="bbox 117 5109 324 5175">
    <p class='ocr_par' dir='ltr' id='par_1_1' title="bbox 117 5109 324 5175">
     <span class='ocr_line' id='line_1_1' title="bbox 117 5109 324 5175; baseline 0.01 -1"><span class='ocrx_word' id='word_1_1' title='bbox 117 5109 324 5175; x_wconf 9' lang='lat' dir='ltr'><strong>*A</strong></span> 
     </span>
    </p>
   </div>
   <div class='ocr_carea' id='block_1_2' title="bbox 1773 300 1905 368">
    <p class='ocr_par' dir='ltr' id='par_1_2' title="bbox 1773 300 1905 368">
     <span class='ocr_line' id='line_1_2' title="bbox 1773 300 1905 368; baseline -0.015 0"><span class='ocrx_word' id='word_1_2' title='bbox 1773 300 1905 368; x_wconf 75' lang='lat'><strong>362</strong></span> 
     </span>
    </p>
   </div>
   <div class='ocr_carea' id='block_1_3' title="bbox 1680 390 2000 407">
    <p class='ocr_par' dir='ltr' id='par_1_3' title="bbox 1680 390 2000 407">
     <span class='ocr_line' id='line_1_3' title="bbox 1680 390 2000 407; baseline 0 0"><span class='ocrx_word' id='word_1_3' title='bbox 1680 390 2000 407; x_wconf 95' lang='lat' dir='ltr'><strong> </strong></span> 
     </span>
    </p>
   </div>
   <div class='ocr_carea' id='block_1_4' title="bbox 705 497 2974 1454">
    <p class='ocr_par' dir='ltr' id='par_1_4' title="bbox 705 497 2974 1454">
     <span class='ocr_line' id='line_1_4' title="bbox 718 497 2974 587; baseline 0.003 -23"><span class='ocrx_word' id='word_1_4' title='bbox 718 504 959 567; x_wconf 88' lang='lat' dir='ltr'><strong>metam</strong></span> <span class='ocrx_word' id='word_1_5' title='bbox 992 517 1137 565; x_wconf 88' lang='lat' dir='ltr'><strong>cum</strong></span> <span class='ocrx_word' id='word_1_6' title='bbox 1186 497 1341 583; x_wconf 86' lang='lat' dir='ltr'><strong>filijs</strong></span> <span class='ocrx_word' id='word_1_7' title='bbox 1371 497 1655 585; x_wconf 80' lang='lat' dir='ltr'><strong>Hytlen3</strong></span> <span class='ocrx_word' id='word_1_8' title='bbox 1706 505 1773 565; x_wconf 88' lang='lat' dir='ltr'><strong>et</strong></span> <span class='ocrx_word' id='word_1_9' title='bbox 1801 499 1956 566; x_wconf 90' lang='lat' dir='ltr'><strong>inde</strong></span> <span class='ocrx_word' id='word_1_10' title='bbox 1987 498 2173 567; x_wconf 79' lang='lat' dir='ltr'><strong>vadit</strong></span> <span class='ocrx_word' id='word_1_11' title='bbox 2202 498 2289 567; x_wconf 90' lang='lat' dir='ltr'><strong>ad</strong></span> <span class='ocrx_word' id='word_1_12' title='bbox 2320 500 2851 587; x_wconf 75' lang='lat' dir='ltr'><strong>septemtrionem</strong></span> <span class='ocrx_word' id='word_1_13' title='bbox 2883 501 2974 570; x_wconf 87' lang='lat' dir='ltr'><strong>ad</strong></span> 
     </span>
     <span class='ocr_line' id='line_1_5' title="bbox 715 602 2974 693; baseline 0.001 -19"><span class='ocrx_word' id='word_1_14' title='bbox 715 606 956 674; x_wconf 87' lang='lat' dir='ltr'><strong>siluam</strong></span> <span class='ocrx_word' id='word_1_15' title='bbox 989 602 1419 691; x_wconf 84' lang='lat' dir='ltr'><strong>Gorboucha;</strong></span> <span class='ocrx_word' id='word_1_16' title='bbox 1474 612 1542 673; x_wconf 90' lang='lat' dir='ltr'><strong>et</strong></span> <span class='ocrx_word' id='word_1_17' title='bbox 1572 606 1729 674; x_wconf 91' lang='lat' dir='ltr'><strong>inde</strong></span> <span class='ocrx_word' id='word_1_18' title='bbox 1758 627 1877 693; x_wconf 91' lang='lat' dir='ltr'><strong>per</strong></span> <span class='ocrx_word' id='word_1_19' title='bbox 1927 608 2163 675; x_wconf 87' lang='lat' dir='ltr'><strong>siluam</strong></span> <span class='ocrx_word' id='word_1_20' title='bbox 2206 606 2599 677; x_wconf 80' lang='lat' dir='ltr'><strong>Gorboucha</strong></span> <span class='ocrx_word' id='word_1_21' title='bbox 2651 609 2836 678; x_wconf 85' lang='lat' dir='ltr'><strong>vadit</strong></span> <span class='ocrx_word' id='word_1_22' title='bbox 2884 610 2974 678; x_wconf 92' lang='lat' dir='ltr'><strong>ad</strong></span> 
     </span>
     <span class='ocr_line' id='line_1_6' title="bbox 711 714 2968 805; baseline 0.002 -23"><span class='ocrx_word' id='word_1_23' title='bbox 711 716 989 784; x_wconf 85' lang='lat' dir='ltr'><strong>riunlum</strong></span> <span class='ocrx_word' id='word_1_24' title='bbox 1019 714 1294 801; x_wconf 86' lang='lat' dir='ltr'><strong>Ludun;</strong></span> <span class='ocrx_word' id='word_1_25' title='bbox 1346 722 1413 782; x_wconf 90' lang='lat' dir='ltr'><strong>et</strong></span> <span class='ocrx_word' id='word_1_26' title='bbox 1440 714 1595 782; x_wconf 91' lang='lat' dir='ltr'><strong>inde</strong></span> <span class='ocrx_word' id='word_1_27' title='bbox 1625 716 1849 783; x_wconf 84' lang='lat' dir='ltr'><strong>veniet</strong></span> <span class='ocrx_word' id='word_1_28' title='bbox 1898 716 2172 784; x_wconf 85' lang='lat' dir='ltr'><strong>inferius</strong></span> <span class='ocrx_word' id='word_1_29' title='bbox 2203 736 2322 805; x_wconf 90' lang='lat' dir='ltr'><strong>per</strong></span> <span class='ocrx_word' id='word_1_30' title='bbox 2370 718 2654 786; x_wconf 89' lang='lat' dir='ltr'><strong>riuulum</strong></span> <span class='ocrx_word' id='word_1_31' title='bbox 2694 719 2968 804; x_wconf 88' lang='lat' dir='ltr'><strong>Ludun;</strong></span> 
     </span>
     <span class='ocr_line' id='line_1_7' title="bbox 709 822 2968 913; baseline 0.001 -22"><span class='ocrx_word' id='word_1_32' title='bbox 709 822 867 891; x_wconf 91' lang='lat' dir='ltr'><strong>inde</strong></span> <span class='ocrx_word' id='word_1_33' title='bbox 898 823 1132 890; x_wconf 80' lang='lat' dir='ltr'><strong>transit</strong></span> <span class='ocrx_word' id='word_1_34' title='bbox 1161 823 1250 890; x_wconf 89' lang='lat' dir='ltr'><strong>ad</strong></span> <span class='ocrx_word' id='word_1_35' title='bbox 1285 823 1849 912; x_wconf 83' lang='lat' dir='ltr'><strong>malnalueateue3</strong></span> <span class='ocrx_word' id='word_1_36' title='bbox 1899 824 2052 892; x_wconf 90' lang='lat' dir='ltr'><strong>inde</strong></span> <span class='ocrx_word' id='word_1_37' title='bbox 2082 824 2266 893; x_wconf 82' lang='lat' dir='ltr'><strong>vadit</strong></span> <span class='ocrx_word' id='word_1_38' title='bbox 2297 824 2384 892; x_wconf 87' lang='lat' dir='ltr'><strong>ad</strong></span> <span class='ocrx_word' id='word_1_39' title='bbox 2415 826 2694 913; x_wconf 80' lang='lat' dir='ltr'><strong>primam</strong></span> <span class='ocrx_word' id='word_1_40' title='bbox 2725 832 2968 894; x_wconf 90' lang='lat' dir='ltr'><strong>metam</strong></span> 
     </span>
     <span class='ocr_line' id='line_1_8' title="bbox 708 930 2968 1017; baseline 0.001 -16"><span class='ocrx_word' id='word_1_41' title='bbox 708 932 1027 1017; x_wconf 88' lang='lat' dir='ltr'><strong>Loborch‚</strong></span> <span class='ocrx_word' id='word_1_42' title='bbox 1062 937 1128 998; x_wconf 88' lang='lat' dir='ltr'><strong>et</strong></span> <span class='ocrx_word' id='word_1_43' title='bbox 1155 930 1251 999; x_wconf 91' lang='lat' dir='ltr'><strong>sic</strong></span> <span class='ocrx_word' id='word_1_44' title='bbox 1282 930 1708 999; x_wconf 89' lang='lat' dir='ltr'><strong>terminantur</strong></span> <span class='ocrx_word' id='word_1_45' title='bbox 1740 938 1909 1000; x_wconf 90' lang='lat' dir='ltr'><strong>mete</strong></span> <span class='ocrx_word' id='word_1_46' title='bbox 1941 932 2261 1001; x_wconf 88' lang='lat' dir='ltr'><strong>dictarum</strong></span> <span class='ocrx_word' id='word_1_47' title='bbox 2300 940 2638 1001; x_wconf 87' lang='lat' dir='ltr'><strong>terrarum.</strong></span> <span class='ocrx_word' id='word_1_48' title='bbox 2673 935 2746 1001; x_wconf 93' lang='lat' dir='ltr'><strong>In</strong></span> <span class='ocrx_word' id='word_1_49' title='bbox 2779 936 2968 1003; x_wconf 86' lang='lat' dir='ltr'><strong>cuius</strong></span> 
     </span>
     <span class='ocr_line' id='line_1_9' title="bbox 711 1040 2971 1132; baseline 0.002 -24"><span class='ocrx_word' id='word_1_50' title='bbox 711 1041 805 1110; x_wconf 90' lang='lat' dir='ltr'><strong>rei</strong></span> <span class='ocrx_word' id='word_1_51' title='bbox 836 1049 1221 1129; x_wconf 85' lang='lat' dir='ltr'><strong>perpetuam</strong></span> <span class='ocrx_word' id='word_1_52' title='bbox 1242 1040 1615 1108; x_wconf 87' lang='lat' dir='ltr'><strong>firmitatem</strong></span> <span class='ocrx_word' id='word_1_53' title='bbox 1646 1048 1987 1129; x_wconf 76' lang='lat' dir='ltr'>presentes</span> <span class='ocrx_word' id='word_1_54' title='bbox 2016 1043 2274 1111; x_wconf 90' lang='lat' dir='ltr'><strong>litteras</strong></span> <span class='ocrx_word' id='word_1_55' title='bbox 2294 1042 2735 1113; x_wconf 70' lang='lat' dir='ltr'><strong>concessimus</strong></span> <span class='ocrx_word' id='word_1_56' title='bbox 2754 1044 2971 1132; x_wconf 82' lang='lat' dir='ltr'><strong>dupli·</strong></span> 
     </span>
     <span class='ocr_line' id='line_1_10' title="bbox 711 1148 2964 1236; baseline 0.003 -19"><span class='ocrx_word' id='word_1_57' title='bbox 711 1152 806 1219; x_wconf 91' lang='lat' dir='ltr'><strong>cis</strong></span> <span class='ocrx_word' id='word_1_58' title='bbox 855 1149 1058 1236; x_wconf 80' lang='lat' dir='ltr'>sigilli</span> <span class='ocrx_word' id='word_1_59' title='bbox 1108 1148 1312 1218; x_wconf 84' lang='lat' dir='ltr'>nostri</span> <span class='ocrx_word' id='word_1_60' title='bbox 1364 1149 1717 1217; x_wconf 81' lang='lat' dir='ltr'><strong>munimine</strong></span> <span class='ocrx_word' id='word_1_61' title='bbox 1767 1152 2131 1221; x_wconf 89' lang='lat' dir='ltr'><strong>roboratas.</strong></span> <span class='ocrx_word' id='word_1_62' title='bbox 2184 1154 2429 1220; x_wconf 87' lang='lat' dir='ltr'><strong>Datum</strong></span> <span class='ocrx_word' id='word_1_63' title='bbox 2478 1172 2650 1222; x_wconf 91' lang='lat' dir='ltr'><strong>anno</strong></span> <span class='ocrx_word' id='word_1_64' title='bbox 2697 1154 2964 1222; x_wconf 87' lang='lat' dir='ltr'><strong>Domini</strong></span> 
     </span>
     <span class='ocr_line' id='line_1_11' title="bbox 705 1259 2968 1349; baseline 0.001 -22"><span class='ocrx_word' id='word_1_65' title='bbox 705 1261 795 1327; x_wconf 72' lang='grc' dir='ltr'><strong>Μ’</strong></span> <span class='ocrx_word' id='word_1_66' title='bbox 825 1259 1270 1328; x_wconf 89' lang='lat' dir='ltr'><strong>ducentesimo</strong></span> <span class='ocrx_word' id='word_1_67' title='bbox 1305 1259 1851 1346; x_wconf 82' lang='lat' dir='ltr'><strong>quinquagesimo</strong></span> <span class='ocrx_word' id='word_1_68' title='bbox 1875 1270 2126 1349; x_wconf 85' lang='lat' dir='ltr'><strong>quarto,</strong></span> <span class='ocrx_word' id='word_1_69' title='bbox 2157 1268 2345 1330; x_wconf 87' lang='lat' dir='ltr'><strong>sexto</strong></span> <span class='ocrx_word' id='word_1_70' title='bbox 2378 1260 2699 1332; x_wconf 79' lang='lat' dir='ltr'><strong>kalendas</strong></span> <span class='ocrx_word' id='word_1_71' title='bbox 2721 1264 2968 1333; x_wconf 84' lang='lat' dir='ltr'><strong>Janua-</strong></span> 
     </span>
     <span class='ocr_line' id='line_1_12' title="bbox 705 1368 1732 1454; baseline 0.001 -18"><span class='ocrx_word' id='word_1_72' title='bbox 705 1368 809 1454; x_wconf 75' lang='lat' dir='ltr'><strong>rii,</strong></span> <span class='ocrx_word' id='word_1_73' title='bbox 833 1368 1042 1453; x_wconf 86' lang='lat' dir='ltr'><strong>Regni</strong></span> <span class='ocrx_word' id='word_1_74' title='bbox 1074 1373 1296 1436; x_wconf 89' lang='lat' dir='ltr'><strong>autem</strong></span> <span class='ocrx_word' id='word_1_75' title='bbox 1319 1368 1523 1435; x_wconf 83' lang='lat' dir='ltr'><strong>nostri</strong></span> <span class='ocrx_word' id='word_1_76' title='bbox 1556 1389 1732 1437; x_wconf 91' lang='lat' dir='ltr'><strong>anno</strong></span> 
     </span>
    </p>
   </div>
   <div class='ocr_carea' id='block_1_5' title="bbox 705 1545 2963 1620">
    <p class='ocr_par' dir='ltr' id='par_1_5' title="bbox 705 1545 2963 1620">
     <span class='ocr_line' id='line_1_13' title="bbox 705 1545 2963 1620; baseline 0.001 -18"><span class='ocrx_word' id='word_1_77' title='bbox 705 1547 806 1619; x_wconf 73' lang='lat' dir='ltr'><strong>(Aa</strong></span> <span class='ocrx_word' id='word_1_78' title='bbox 831 1552 949 1618; x_wconf 78' lang='lat' dir='ltr'><strong>egri</strong></span> <span class='ocrx_word' id='word_1_79' title='bbox 974 1545 1353 1620; x_wconf 66' lang='lat' dir='ltr'><strong>kaptalannak</strong></span> <span class='ocrx_word' id='word_1_80' title='bbox 1377 1548 1602 1603; x_wconf 70' lang='lat' dir='ltr'><strong>laso-ki</strong></span> <span class='ocrx_word' id='word_1_81' title='bbox 1626 1546 1915 1606; x_wconf 63' lang='lat' dir='ltr'><strong>atiratabdl</strong></span> <span class='ocrx_word' id='word_1_82' title='bbox 1938 1567 1972 1604; x_wconf 85' lang='lat' dir='ltr'><strong>a</strong></span> <span class='ocrx_word' id='word_1_83' title='bbox 1994 1553 2158 1608; x_wconf 68' lang='lat' dir='ltr'><strong>budai</strong></span> <span class='ocrx_word' id='word_1_84' title='bbox 2185 1553 2288 1608; x_wconf 76' lang='lat' dir='ltr'><strong>kir-</strong></span> <span class='ocrx_word' id='word_1_85' title='bbox 2313 1554 2559 1608; x_wconf 72' lang='lat' dir='ltr'><strong>kamarai</strong></span> <span class='ocrx_word' id='word_1_86' title='bbox 2582 1549 2963 1619; x_wconf 64' lang='lat' dir='ltr'><strong>levsltarban.)</strong></span> 
     </span>
    </p>
   </div>
   <div class='ocr_carea' id='block_1_6' title="bbox 1561 1838 2092 1853">
    <p class='ocr_par' dir='ltr' id='par_1_6' title="bbox 1561 1838 2092 1853">
     <span class='ocr_line' id='line_1_14' title="bbox 1561 1838 2092 1853; baseline 0 -2"><span class='ocrx_word' id='word_1_87' title='bbox 1561 1838 2092 1853; x_wconf 54' lang='lat' dir='ltr'><strong>m</strong></span> 
     </span>
    </p>
   </div>
   <div class='ocr_carea' id='block_1_7' title="bbox 1739 2289 1898 2358">
    <p class='ocr_par' dir='ltr' id='par_1_7' title="bbox 1739 2289 1898 2358">
     <span class='ocr_line' id='line_1_15' title="bbox 1739 2289 1898 2358; baseline 0 0"><span class='ocrx_word' id='word_1_88' title='bbox 1739 2289 1898 2358; x_wconf 78' lang='lat'><strong>254.</strong></span> 
     </span>
    </p>
   </div>
   <div class='ocr_carea' id='block_1_8' title="bbox 698 2470 2955 2668">
    <p class='ocr_par' dir='ltr' id='par_1_8' title="bbox 698 2470 2955 2668">
     <span class='ocr_line' id='line_1_16' title="bbox 698 2470 2955 2561; baseline -0 -23"><span class='ocrx_word' id='word_1_89' title='bbox 698 2472 815 2539; x_wconf 82' lang='lat' dir='ltr'><strong>IV.</strong></span> <span class='ocrx_word' id='word_1_90' title='bbox 852 2471 1031 2538; x_wconf 78' lang='lat' dir='ltr'><strong>Incze</strong></span> <span class='ocrx_word' id='word_1_91' title='bbox 1049 2474 1231 2561; x_wconf 73' lang='lat' dir='ltr'><strong>pdpa</strong></span> <span class='ocrx_word' id='word_1_92' title='bbox 1263 2474 1513 2538; x_wconf 77' lang='lat' dir='ltr'><strong>azirdnt</strong></span> <span class='ocrx_word' id='word_1_93' title='bbox 1536 2471 1893 2553; x_wconf 71' lang='lat' dir='ltr'><strong>inte&#39;zkedik,</strong></span> <span class='ocrx_word' id='word_1_94' title='bbox 1924 2473 2089 2558; x_wconf 69' lang='lat' dir='ltr'><strong>hoqy</strong></span> <span class='ocrx_word' id='word_1_95' title='bbox 2119 2495 2194 2536; x_wconf 81' lang='lat' dir='ltr'><strong>az</strong></span> <span class='ocrx_word' id='word_1_96' title='bbox 2225 2473 2586 2557; x_wconf 72' lang='lat' dir='ltr'><strong>eszteryami</strong></span> <span class='ocrx_word' id='word_1_97' title='bbox 2613 2470 2780 2536; x_wconf 78' lang='lat' dir='ltr'><strong>e&#39;rsek</strong></span> <span class='ocrx_word' id='word_1_98' title='bbox 2817 2472 2955 2537; x_wconf 58' lang='lat' dir='ltr'><strong>&amp;bb</strong></span> 
     </span>
     <span class='ocr_line' id='line_1_17' title="bbox 927 2577 2717 2668; baseline -0.001 -21"><span class='ocrx_word' id='word_1_99' title='bbox 927 2582 1180 2668; x_wconf 73' lang='lat' dir='ltr'><strong>szeynai</strong></span> <span class='ocrx_word' id='word_1_100' title='bbox 1205 2578 1575 2645; x_wconf 67' lang='lat' dir='ltr'><strong>kalmcirnak</strong></span> <span class='ocrx_word' id='word_1_101' title='bbox 1604 2580 1896 2666; x_wconf 72' lang='lat' dir='ltr'><strong>bizonyos</strong></span> <span class='ocrx_word' id='word_1_102' title='bbox 1926 2583 2191 2666; x_wconf 71' lang='lat' dir='ltr'><strong>cisszeyet</strong></span> <span class='ocrx_word' id='word_1_103' title='bbox 2203 2579 2481 2664; x_wconf 75' lang='lat' dir='ltr'><strong>fizeasen.</strong></span> <span class='ocrx_word' id='word_1_104' title='bbox 2522 2577 2717 2647; x_wconf 72' lang='lat'><em>1254.</em></span> 
     </span>
    </p>
   </div>
   <div class='ocr_carea' id='block_1_9' title="bbox 679 2755 2952 4699">
    <p class='ocr_par' dir='ltr' id='par_1_9' title="bbox 679 2755 2952 4699">
     <span class='ocr_line' id='line_1_18' title="bbox 916 2755 2952 2846; baseline 0 -19"><span class='ocrx_word' id='word_1_105' title='bbox 916 2759 1334 2829; x_wconf 81' lang='lat' dir='ltr'><strong>Innocentius</strong></span> <span class='ocrx_word' id='word_1_106' title='bbox 1353 2759 1722 2846; x_wconf 77' lang='lat' dir='ltr'><strong>Episcopus</strong></span> <span class='ocrx_word' id='word_1_107' title='bbox 1754 2776 1986 2826; x_wconf 88' lang='lat' dir='ltr'><strong>seruus</strong></span> <span class='ocrx_word' id='word_1_108' title='bbox 2018 2775 2354 2825; x_wconf 88' lang='lat' dir='ltr'><strong>seruorum</strong></span> <span class='ocrx_word' id='word_1_109' title='bbox 2382 2757 2510 2826; x_wconf 92' lang='lat' dir='ltr'><strong>Dei</strong></span> <span class='ocrx_word' id='word_1_110' title='bbox 2540 2755 2782 2827; x_wconf 85' lang='lat' dir='ltr'><strong>dilecto</strong></span> <span class='ocrx_word' id='word_1_111' title='bbox 2814 2759 2952 2827; x_wconf 80' lang='lat' dir='ltr'><strong>filio</strong></span> 
     </span>
     <span class='ocr_line' id='line_1_19' title="bbox 698 2863 2950 2954; baseline 0 -19"><span class='ocrx_word' id='word_1_112' title='bbox 698 2918 713 2935; x_wconf 92' lang='lat'><strong>.</strong></span> <span class='ocrx_word' id='word_1_113' title='bbox 750 2917 766 2936; x_wconf 91' lang='lat'><strong>.</strong></span> <span class='ocrx_word' id='word_1_114' title='bbox 802 2917 819 2936; x_wconf 85' lang='lat'><strong>.</strong></span> <span class='ocrx_word' id='word_1_115' title='bbox 853 2868 1332 2937; x_wconf 85' lang='lat' dir='ltr'><strong>Archidiacono</strong></span> <span class='ocrx_word' id='word_1_116' title='bbox 1384 2866 1788 2936; x_wconf 84' lang='lat' dir='ltr'><strong>Bononiensi</strong></span> <span class='ocrx_word' id='word_1_117' title='bbox 1835 2867 2118 2935; x_wconf 88' lang='lat' dir='ltr'><strong>salutem</strong></span> <span class='ocrx_word' id='word_1_118' title='bbox 2167 2871 2234 2934; x_wconf 85' lang='lat' dir='ltr'><strong>et</strong></span> <span class='ocrx_word' id='word_1_119' title='bbox 2264 2863 2715 2954; x_wconf 83' lang='lat' dir='ltr'><strong>Apostolicam</strong></span> <span class='ocrx_word' id='word_1_120' title='bbox 2758 2867 2950 2935; x_wconf 87' lang='lat' dir='ltr'><strong>bene-</strong></span> 
     </span>
     <span class='ocr_line' id='line_1_20' title="bbox 694 2974 2945 3062; baseline -0.001 -18"><span class='ocrx_word' id='word_1_121' title='bbox 694 2977 1069 3047; x_wconf 82' lang='lat' dir='ltr'><strong>dictionem.</strong></span> <span class='ocrx_word' id='word_1_122' title='bbox 1104 2976 1290 3062; x_wconf 87' lang='lat' dir='ltr'><strong>Cum,</strong></span> <span class='ocrx_word' id='word_1_123' title='bbox 1324 2974 1493 3044; x_wconf 89' lang='lat' dir='ltr'><strong>sicut</strong></span> <span class='ocrx_word' id='word_1_124' title='bbox 1513 2975 1738 3045; x_wconf 85' lang='lat' dir='ltr'><strong>dilecti</strong></span> <span class='ocrx_word' id='word_1_125' title='bbox 1758 2974 1875 3044; x_wconf 87' lang='lat' dir='ltr'><strong>filii</strong></span> <span class='ocrx_word' id='word_1_126' title='bbox 1894 2974 2273 3044; x_wconf 86' lang='lat' dir='ltr'><strong>Bonifacius</strong></span> <span class='ocrx_word' id='word_1_127' title='bbox 2295 2974 2740 3060; x_wconf 81' lang='lat' dir='ltr'><strong>Bonsignoris,</strong></span> <span class='ocrx_word' id='word_1_128' title='bbox 2761 2975 2945 3042; x_wconf 81' lang='lat' dir='ltr'><strong>Albi-</strong></span> 
     </span>
     <span class='ocr_line' id='line_1_21' title="bbox 691 3082 2949 3172; baseline -0.001 -18"><span class='ocrx_word' id='word_1_129' title='bbox 691 3107 808 3154; x_wconf 84' lang='lat' dir='ltr'><strong>zus</strong></span> <span class='ocrx_word' id='word_1_130' title='bbox 839 3085 1255 3171; x_wconf 83' lang='lat' dir='ltr'><strong>Deuteaiute‚</strong></span> <span class='ocrx_word' id='word_1_131' title='bbox 1294 3082 1693 3152; x_wconf 84' lang='lat' dir='ltr'><strong>Bencivendi</strong></span> <span class='ocrx_word' id='word_1_132' title='bbox 1711 3084 2035 3152; x_wconf 86' lang='lat' dir='ltr'><strong>Johannis</strong></span> <span class='ocrx_word' id='word_1_133' title='bbox 2066 3090 2131 3151; x_wconf 92' lang='lat' dir='ltr'><strong>et</strong></span> <span class='ocrx_word' id='word_1_134' title='bbox 2147 3084 2610 3152; x_wconf 83' lang='lat' dir='ltr'><strong>Bonaventura</strong></span> <span class='ocrx_word' id='word_1_135' title='bbox 2627 3084 2949 3172; x_wconf 86' lang='lat' dir='ltr'><strong>Recuperi</strong></span> 
     </span>
     <span class='ocr_line' id='line_1_22' title="bbox 689 3191 2951 3283; baseline -0.001 -21"><span class='ocrx_word' id='word_1_136' title='bbox 689 3194 786 3283; x_wconf 90' lang='lat' dir='ltr'><strong>(et</strong></span> <span class='ocrx_word' id='word_1_137' title='bbox 815 3192 959 3282; x_wconf 90' lang='lat' dir='ltr'><strong>alii)</strong></span> <span class='ocrx_word' id='word_1_138' title='bbox 992 3213 1214 3263; x_wconf 88' lang='lat' dir='ltr'><strong>eorum</strong></span> <span class='ocrx_word' id='word_1_139' title='bbox 1248 3192 1432 3280; x_wconf 90' lang='lat' dir='ltr'><strong>socii,</strong></span> <span class='ocrx_word' id='word_1_140' title='bbox 1485 3192 1670 3259; x_wconf 89' lang='lat' dir='ltr'><strong>ciues</strong></span> <span class='ocrx_word' id='word_1_141' title='bbox 1701 3198 1767 3259; x_wconf 91' lang='lat' dir='ltr'><strong>et</strong></span> <span class='ocrx_word' id='word_1_142' title='bbox 1800 3198 2195 3260; x_wconf 73' lang='lat' dir='ltr'><strong>mercatores</strong></span> <span class='ocrx_word' id='word_1_143' title='bbox 2226 3193 2555 3260; x_wconf 88' lang='lat' dir='ltr'><strong>Senenses</strong></span> <span class='ocrx_word' id='word_1_144' title='bbox 2609 3191 2800 3261; x_wconf 88' lang='lat' dir='ltr'><strong>nobis</strong></span> <span class='ocrx_word' id='word_1_145' title='bbox 2840 3213 2951 3260; x_wconf 84' lang='lat' dir='ltr'><strong>ex·</strong></span> 
     </span>
     <span class='ocr_line' id='line_1_23' title="bbox 689 3299 2949 3390; baseline -0.001 -20"><span class='ocrx_word' id='word_1_146' title='bbox 689 3322 932 3390; x_wconf 86' lang='lat' dir='ltr'><strong>ponere</strong></span> <span class='ocrx_word' id='word_1_147' title='bbox 961 3306 1371 3387; x_wconf 84' lang='lat' dir='ltr'><strong>curaverunt,</strong></span> <span class='ocrx_word' id='word_1_148' title='bbox 1412 3300 1610 3368; x_wconf 87' lang='lat' dir='ltr'><strong>iidem</strong></span> <span class='ocrx_word' id='word_1_149' title='bbox 1643 3299 1901 3368; x_wconf 88' lang='lat' dir='ltr'><strong>dilectis</strong></span> <span class='ocrx_word' id='word_1_150' title='bbox 1931 3300 2087 3387; x_wconf 85' lang='lat' dir='ltr'><strong>filijs</strong></span> <span class='ocrx_word' id='word_1_151' title='bbox 2118 3299 2450 3385; x_wconf 79' lang='lat' dir='ltr'><strong>Magistris</strong></span> <span class='ocrx_word' id='word_1_152' title='bbox 2486 3302 2680 3369; x_wconf 89' lang='lat' dir='ltr'><strong>Petro</strong></span> <span class='ocrx_word' id='word_1_153' title='bbox 2711 3301 2949 3389; x_wconf 90' lang='lat' dir='ltr'><strong>Prepo·</strong></span> 
     </span>
     <span class='ocr_line' id='line_1_24' title="bbox 687 3407 2946 3496; baseline -0.001 -16"><span class='ocrx_word' id='word_1_154' title='bbox 687 3413 813 3481; x_wconf 91' lang='lat' dir='ltr'><strong>sito</strong></span> <span class='ocrx_word' id='word_1_155' title='bbox 865 3409 1162 3479; x_wconf 86' lang='lat' dir='ltr'><strong>Ecclesie</strong></span> <span class='ocrx_word' id='word_1_156' title='bbox 1214 3409 1637 3479; x_wconf 84' lang='lat' dir='ltr'><strong>Chasmensis</strong></span> <span class='ocrx_word' id='word_1_157' title='bbox 1691 3408 2157 3496; x_wconf 83' lang='lat' dir='ltr'><strong>Zagrabiensis</strong></span> <span class='ocrx_word' id='word_1_158' title='bbox 2208 3407 2539 3492; x_wconf 88' lang='lat' dir='ltr'><strong>Diocesis,</strong></span> <span class='ocrx_word' id='word_1_159' title='bbox 2590 3408 2946 3478; x_wconf 82' lang='lat' dir='ltr'><strong>Octomaro</strong></span> 
     </span>
     <span class='ocr_line' id='line_1_25' title="bbox 689 3517 2947 3606; baseline -0.002 -17"><span class='ocrx_word' id='word_1_160' title='bbox 689 3520 1165 3590; x_wconf 89' lang='lat' dir='ltr'><strong>Archidiacono</strong></span> <span class='ocrx_word' id='word_1_161' title='bbox 1190 3517 1694 3606; x_wconf 78' lang='lat' dir='ltr'><strong>Neogradiensi,</strong></span> <span class='ocrx_word' id='word_1_162' title='bbox 1727 3525 1795 3587; x_wconf 89' lang='lat' dir='ltr'><strong>et</strong></span> <span class='ocrx_word' id='word_1_163' title='bbox 1818 3517 2168 3605; x_wconf 84' lang='lat' dir='ltr'><strong>Raynaldo</strong></span> <span class='ocrx_word' id='word_1_164' title='bbox 2199 3518 2493 3585; x_wconf 91' lang='lat' dir='ltr'><strong>Plebano</strong></span> <span class='ocrx_word' id='word_1_165' title='bbox 2530 3518 2826 3586; x_wconf 76' lang='lat' dir='ltr'><strong>Ecclesia</strong></span> <span class='ocrx_word' id='word_1_166' title='bbox 2857 3517 2947 3585; x_wconf 83' lang='lat' dir='ltr'><strong>de</strong></span> 
     </span>
     <span class='ocr_line' id='line_1_26' title="bbox 687 3624 2943 3717; baseline -0.001 -19"><span class='ocrx_word' id='word_1_167' title='bbox 687 3631 872 3701; x_wconf 89' lang='lat' dir='ltr'><strong>Bana</strong></span> <span class='ocrx_word' id='word_1_168' title='bbox 888 3630 1354 3717; x_wconf 85' lang='lat' dir='ltr'><strong>Strigoniensis</strong></span> <span class='ocrx_word' id='word_1_169' title='bbox 1376 3628 1697 3710; x_wconf 87' lang='lat' dir='ltr'><strong>Diocesis‚</strong></span> <span class='ocrx_word' id='word_1_170' title='bbox 1729 3626 2258 3714; x_wconf 77' lang='lat' dir='ltr'><strong>procuratoribus</strong></span> <span class='ocrx_word' id='word_1_171' title='bbox 2283 3626 2682 3695; x_wconf 83' lang='lat' dir='ltr'><strong>venerabilis</strong></span> <span class='ocrx_word' id='word_1_172' title='bbox 2713 3624 2943 3695; x_wconf 82' lang='lat' dir='ltr'><strong>fratris</strong></span> 
     </span>
     <span class='ocr_line' id='line_1_27' title="bbox 683 3735 2942 3826; baseline -0.001 -20"><span class='ocrx_word' id='word_1_173' title='bbox 683 3741 890 3810; x_wconf 89' lang='lat' dir='ltr'><strong>nostri</strong></span> <span class='ocrx_word' id='word_1_174' title='bbox 924 3790 940 3807; x_wconf 92' lang='lat'><strong>.</strong></span> <span class='ocrx_word' id='word_1_175' title='bbox 977 3790 993 3806; x_wconf 92' lang='lat'><strong>.</strong></span> <span class='ocrx_word' id='word_1_176' title='bbox 1030 3790 1046 3807; x_wconf 92' lang='lat'>.</span> <span class='ocrx_word' id='word_1_177' title='bbox 1080 3737 1576 3826; x_wconf 86' lang='lat' dir='ltr'><strong>Archiepiscopi</strong></span> <span class='ocrx_word' id='word_1_178' title='bbox 1610 3737 2082 3824; x_wconf 72' lang='lat' dir='ltr'><strong>strigoniensis</strong></span> <span class='ocrx_word' id='word_1_179' title='bbox 2133 3735 2667 3805; x_wconf 70' lang='lat' dir='ltr'><strong>renunciantibus</strong></span> <span class='ocrx_word' id='word_1_180' title='bbox 2698 3735 2942 3804; x_wconf 83' lang='lat' dir='ltr'><strong>consti·</strong></span> 
     </span>
     <span class='ocr_line' id='line_1_28' title="bbox 682 3844 2942 3940; baseline -0.001 -26"><span class='ocrx_word' id='word_1_181' title='bbox 682 3845 923 3916; x_wconf 89' lang='lat' dir='ltr'><strong>tutioni</strong></span> <span class='ocrx_word' id='word_1_182' title='bbox 956 3845 1056 3940; x_wconf 48' lang='lat' dir='ltr'><strong>de·</strong></span> <span class='ocrx_word' id='word_1_183' title='bbox 1069 3845 1324 3915; x_wconf 89' lang='lat' dir='ltr'><strong>duabus</strong></span> <span class='ocrx_word' id='word_1_184' title='bbox 1377 3844 1571 3914; x_wconf 89' lang='lat' dir='ltr'><strong>dietis</strong></span> <span class='ocrx_word' id='word_1_185' title='bbox 1602 3845 1777 3913; x_wconf 87' lang='lat' dir='ltr'><strong>edite</strong></span> <span class='ocrx_word' id='word_1_186' title='bbox 1808 3844 1877 3912; x_wconf 89' lang='lat' dir='ltr'><strong>in</strong></span> <span class='ocrx_word' id='word_1_187' title='bbox 1915 3844 2205 3914; x_wconf 86' lang='lat' dir='ltr'><strong>Concilio</strong></span> <span class='ocrx_word' id='word_1_188' title='bbox 2239 3844 2571 3932; x_wconf 80' lang='lat' dir='ltr'><strong>Generali,</strong></span> <span class='ocrx_word' id='word_1_189' title='bbox 2623 3844 2942 3912; x_wconf 83' lang='lat' dir='ltr'><strong>beneficio</strong></span> 
     </span>
     <span class='ocr_line' id='line_1_29' title="bbox 682 3952 2942 4042; baseline -0.002 -16"><span class='ocrx_word' id='word_1_190' title='bbox 682 3956 1113 4026; x_wconf 86' lang='lat' dir='ltr'><strong>restitutionis</strong></span> <span class='ocrx_word' id='word_1_191' title='bbox 1162 3957 1230 4023; x_wconf 91' lang='lat' dir='ltr'><strong>in</strong></span> <span class='ocrx_word' id='word_1_192' title='bbox 1260 3956 1607 4042; x_wconf 83' lang='lat' dir='ltr'><strong>integrum,</strong></span> <span class='ocrx_word' id='word_1_193' title='bbox 1665 3952 2112 4022; x_wconf 81' lang='lat' dir='ltr'><strong>conventionis</strong></span> <span class='ocrx_word' id='word_1_194' title='bbox 2152 3953 2472 4039; x_wconf 86' lang='lat' dir='ltr'><strong>judicum,</strong></span> <span class='ocrx_word' id='word_1_195' title='bbox 2524 3960 2590 4021; x_wconf 88' lang='lat' dir='ltr'><strong>et</strong></span> <span class='ocrx_word' id='word_1_196' title='bbox 2637 3953 2942 4021; x_wconf 86' lang='lat' dir='ltr'><strong>omnibus</strong></span> 
     </span>
     <span class='ocr_line' id='line_1_30' title="bbox 682 4061 2937 4150; baseline -0.001 -19"><span class='ocrx_word' id='word_1_197' title='bbox 682 4064 914 4133; x_wconf 85' lang='lat' dir='ltr'><strong>litteris</strong></span> <span class='ocrx_word' id='word_1_198' title='bbox 949 4070 1016 4133; x_wconf 89' lang='lat' dir='ltr'><strong>et</strong></span> <span class='ocrx_word' id='word_1_199' title='bbox 1065 4063 1494 4149; x_wconf 84' lang='lat' dir='ltr'><strong>indulgentiis</strong></span> <span class='ocrx_word' id='word_1_200' title='bbox 1525 4061 1922 4149; x_wconf 87' lang='lat' dir='ltr'><strong>Apostolicis</strong></span> <span class='ocrx_word' id='word_1_201' title='bbox 1973 4061 2338 4150; x_wconf 78' lang='lat' dir='ltr'><strong>impetratis</strong></span> <span class='ocrx_word' id='word_1_202' title='bbox 2386 4067 2454 4128; x_wconf 89' lang='lat' dir='ltr'><strong>et</strong></span> <span class='ocrx_word' id='word_1_203' title='bbox 2482 4062 2937 4150; x_wconf 85' lang='lat' dir='ltr'><strong>impetrandis,</strong></span> 
     </span>
     <span class='ocr_line' id='line_1_31' title="bbox 679 4167 2941 4262; baseline -0.002 -22"><span class='ocrx_word' id='word_1_204' title='bbox 679 4180 876 4262; x_wconf 89' lang='lat' dir='ltr'><strong>prout</strong></span> <span class='ocrx_word' id='word_1_205' title='bbox 922 4173 1006 4240; x_wconf 89' lang='lat' dir='ltr'><strong>de</strong></span> <span class='ocrx_word' id='word_1_206' title='bbox 1033 4173 1158 4241; x_wconf 90' lang='lat' dir='ltr'><strong>hoc</strong></span> <span class='ocrx_word' id='word_1_207' title='bbox 1189 4180 1255 4240; x_wconf 90' lang='lat' dir='ltr'><strong>et</strong></span> <span class='ocrx_word' id='word_1_208' title='bbox 1287 4179 1511 4239; x_wconf 90' lang='lat' dir='ltr'><strong>mutuo</strong></span> <span class='ocrx_word' id='word_1_209' title='bbox 1562 4169 2004 4239; x_wconf 89' lang='lat' dir='ltr'><strong>contrahendo</strong></span> <span class='ocrx_word' id='word_1_210' title='bbox 2054 4189 2258 4255; x_wconf 88' lang='lat' dir='ltr'><strong>usque</strong></span> <span class='ocrx_word' id='word_1_211' title='bbox 2310 4167 2401 4235; x_wconf 88' lang='lat' dir='ltr'><strong>ad</strong></span> <span class='ocrx_word' id='word_1_212' title='bbox 2448 4168 2941 4256; x_wconf 82' lang='lat' dir='ltr'><strong>infrascriptam</strong></span> 
     </span>
     <span class='ocr_line' id='line_1_32' title="bbox 681 4277 2938 4370; baseline -0.003 -18"><span class='ocrx_word' id='word_1_213' title='bbox 681 4303 1002 4352; x_wconf 90' lang='lat' dir='ltr'><strong>summam</strong></span> <span class='ocrx_word' id='word_1_214' title='bbox 1051 4281 1316 4370; x_wconf 90' lang='lat' dir='ltr'><strong>plenam</strong></span> <span class='ocrx_word' id='word_1_215' title='bbox 1366 4280 1705 4350; x_wconf 85' lang='lat' dir='ltr'><strong>habebant</strong></span> <span class='ocrx_word' id='word_1_216' title='bbox 1752 4301 1870 4368; x_wconf 90' lang='lat' dir='ltr'><strong>per</strong></span> <span class='ocrx_word' id='word_1_217' title='bbox 1915 4287 2173 4350; x_wconf 90' lang='lat' dir='ltr'><strong>nostras</strong></span> <span class='ocrx_word' id='word_1_218' title='bbox 2228 4279 2486 4347; x_wconf 85' lang='lat' dir='ltr'><strong>litteras</strong></span> <span class='ocrx_word' id='word_1_219' title='bbox 2536 4277 2938 4366; x_wconf 85' lang='lat' dir='ltr'><strong>facultatem,</strong></span> 
     </span>
     <span class='ocr_line' id='line_1_33' title="bbox 683 4385 2937 4478; baseline -0.004 -16"><span class='ocrx_word' id='word_1_220' title='bbox 683 4395 812 4462; x_wconf 89' lang='lat' dir='ltr'><strong>tria</strong></span> <span class='ocrx_word' id='word_1_221' title='bbox 841 4393 1054 4461; x_wconf 88' lang='lat' dir='ltr'><strong>millia</strong></span> <span class='ocrx_word' id='word_1_222' title='bbox 1104 4398 1170 4459; x_wconf 91' lang='lat' dir='ltr'><strong>et</strong></span> <span class='ocrx_word' id='word_1_223' title='bbox 1201 4392 1597 4478; x_wconf 82' lang='lat' dir='ltr'><strong>quingentas</strong></span> <span class='ocrx_word' id='word_1_224' title='bbox 1650 4409 1907 4457; x_wconf 86' lang='lat' dir='ltr'><strong>marcas</strong></span> <span class='ocrx_word' id='word_1_225' title='bbox 1939 4389 2194 4475; x_wconf 85' lang='lat' dir='ltr'><strong>argenti</strong></span> <span class='ocrx_word' id='word_1_226' title='bbox 2225 4389 2374 4477; x_wconf 87' lang='lat' dir='ltr'><strong>puri</strong></span> <span class='ocrx_word' id='word_1_227' title='bbox 2406 4393 2472 4455; x_wconf 88' lang='lat' dir='ltr'><strong>et</strong></span> <span class='ocrx_word' id='word_1_228' title='bbox 2501 4385 2615 4455; x_wconf 87' lang='lat' dir='ltr'><strong>fini</strong></span> <span class='ocrx_word' id='word_1_229' title='bbox 2657 4386 2746 4453; x_wconf 88' lang='lat' dir='ltr'><strong>ad</strong></span> <span class='ocrx_word' id='word_1_230' title='bbox 2775 4406 2937 4474; x_wconf 90' lang='lat' dir='ltr'><strong>pon·</strong></span> 
     </span>
     <span class='ocr_line' id='line_1_34' title="bbox 683 4493 2937 4589; baseline -0.003 -18"><span class='ocrx_word' id='word_1_231' title='bbox 683 4503 806 4571; x_wconf 87' lang='lat' dir='ltr'><strong>dus</strong></span> <span class='ocrx_word' id='word_1_232' title='bbox 837 4499 1130 4587; x_wconf 78' lang='lat' dir='ltr'><strong>Ungarie</strong></span> <span class='ocrx_word' id='word_1_233' title='bbox 1162 4499 1340 4589; x_wconf 90' lang='lat' dir='ltr'><strong>apud</strong></span> <span class='ocrx_word' id='word_1_234' title='bbox 1371 4500 1611 4569; x_wconf 90' lang='lat' dir='ltr'><strong>Sedem</strong></span> <span class='ocrx_word' id='word_1_235' title='bbox 1629 4499 2079 4587; x_wconf 86' lang='lat' dir='ltr'><strong>Apostolicam</strong></span> <span class='ocrx_word' id='word_1_236' title='bbox 2110 4519 2229 4585; x_wconf 90' lang='lat' dir='ltr'><strong>pro</strong></span> <span class='ocrx_word' id='word_1_237' title='bbox 2263 4494 2689 4584; x_wconf 84' lang='lat' dir='ltr'><strong>expediendis</strong></span> <span class='ocrx_word' id='word_1_238' title='bbox 2721 4493 2937 4583; x_wconf 80' lang='lat' dir='ltr'><strong>ipsius</strong></span> 
     </span>
     <span class='ocr_line' id='line_1_35' title="bbox 686 4603 2934 4699; baseline -0.003 -21"><span class='ocrx_word' id='word_1_239' title='bbox 686 4610 1182 4699; x_wconf 84' lang='lat' dir='ltr'><strong>Archiepiscopi</strong></span> <span class='ocrx_word' id='word_1_240' title='bbox 1234 4617 1300 4678; x_wconf 94' lang='lat' dir='ltr'><strong>et</strong></span> <span class='ocrx_word' id='word_1_241' title='bbox 1329 4610 1626 4679; x_wconf 82' lang='lat' dir='ltr'><strong>Ecclesie</strong></span> <span class='ocrx_word' id='word_1_242' title='bbox 1673 4607 2052 4699; x_wconf 86' lang='lat' dir='ltr'><strong>mutuarint,</strong></span> <span class='ocrx_word' id='word_1_243' title='bbox 2102 4605 2297 4678; x_wconf 85' lang='lat' dir='ltr'><strong>certis</strong></span> <span class='ocrx_word' id='word_1_244' title='bbox 2345 4607 2493 4676; x_wconf 90' lang='lat' dir='ltr'><strong>loco</strong></span> <span class='ocrx_word' id='word_1_245' title='bbox 2542 4609 2609 4674; x_wconf 87' lang='lat' dir='ltr'><strong>et</strong></span> <span class='ocrx_word' id='word_1_246' title='bbox 2634 4603 2934 4673; x_wconf 79' lang='lat' dir='ltr'><strong>terminis</strong></span> 
     </span>
    </p>
   </div>
  </div>
 </body>
</html>
