3359 5250
1784 334 1924 402 320

722 540 786 599 et
819 532 1127 618 Boyzym,
1160 551 1239 598 ac
1264 531 1558 615 cognatis
1590 531 1961 615 eorundem,
1997 532 2108 619 qui
2127 553 2171 599 a
2199 532 2514 602 fidelitate
2536 534 2761 603 debita
2794 533 2977 601 aber-

721 648 978 725 rarant5
1029 648 1258 709 contra
1289 640 1526 708 multos
1561 642 1772 707 eciam
1802 641 1969 709 alios
2000 642 2318 711 aduersus
2348 643 2623 728 Regiam
2662 644 2971 710 Maiesta-

718 756 850 816 tem
901 749 1290 816 resultantes
1340 748 1406 813 in
1457 748 1665 834 prelio
1717 750 1937 816 nauali
1970 755 2035 815 et
2063 751 2355 818 terrestri
2406 770 2561 837 sepe
2615 771 2694 818 ac
2740 751 2972 838 sepius

719 857 995 926 uiriliter
1042 856 1428 925 dimicantes
1449 907 1466 939 ,
1530 855 1931 925 laudabilem
1988 858 2331 928 uictoriam
2392 861 2831 928 obtinuissent
2903 866 2972 926 et

719 965 1178 1052 triuumphum,
1211 985 1327 1052 per
1359 983 1548 1034 omne
1578 965 1878 1052 spacium
1908 968 2222 1054 temporis
2260 970 2325 1035 in
2345 969 2522 1037 omni
2557 967 2835 1037 seruicio
2857 988 2969 1035 no-

719 1082 853 1143 stro
890 1073 1254 1142 immobiles
1273 1073 1717 1159 perstiterunt.
1742 1073 1847 1141 Ad
1867 1075 1988 1143 hec
2005 1096 2153 1144 cum
2171 1083 2464 1165 tempore
2482 1077 2970 1163 persecucionis

718 1184 1184 1251 Tartharorum
1205 1181 1487 1267 qualitas
1511 1185 1821 1269 temporis
1853 1190 1917 1250 et
1947 1184 2203 1269 negocii
2238 1185 2324 1252 ad
2345 1192 2569 1274 partes
2593 1185 2957 1254 maritimas

721 1312 840 1360 nos
870 1291 1198 1377 exegisset
1229 1288 1575 1376 declinare,
1623 1289 1826 1376 ijdem
1872 1292 2001 1378 ipsi
2030 1312 2151 1362 nos
2199 1300 2264 1361 et
2293 1299 2571 1379 nostros,
2623 1302 2964 1378 tamquam

718 1402 945 1469 fideles
975 1402 1178 1470 nostri
1210 1407 1274 1467 et
1304 1397 1545 1485 deuoti,
1598 1398 1826 1467 sedulo
1859 1409 2288 1488 receptantes,
2338 1405 2646 1471 Vniuersa
2699 1384 2826 1490 que
2856 1404 2967 1470 ha·

721 1510 965 1577 bebant
995 1506 1083 1575 ad
1101 1514 1395 1576 nostrum
1424 1494 1867 1595 exposuerunt
1882 1517 2260 1596 preceptum
2293 1517 2356 1578 et
2375 1510 2772 1596 mandatum,
2807 1530 2964 1578 suas

719 1638 1037 1706 personas
1069 1624 1297 1685 contra
1322 1617 1597 1686 insultus
1626 1618 2051 1685 Tartharicos
2085 1623 2149 1686 et
2180 1619 2349 1686 alios
2368 1618 2670 1687 diuersos
2702 1618 2962 1686 fortune

722 1747 915 1794 casus
967 1725 1410 1813 multipliciter
1459 1723 1885 1812 exponend03
1938 1727 2255 1812 quosdam
2295 1726 2524 1811 eciam,
2576 1726 2786 1813 quiin
2820 1728 2966 1813 ipso

721 1842 956 1903 euentu
1004 1856 1077 1903 se
1126 1836 1376 1919 erigere
1408 1843 1472 1902 et
1521 1835 1837 1904 extollere
1885 1844 2112 1904 contra
2144 1858 2264 1905 nos
2311 1837 2741 1922 intentabant,
2793 1855 2963 1905 com·

721 1942 1173 2011 mendabiliter
1204 1950 1669 2029 represserunt.
1704 1943 1840 2010 Nos
1871 1944 2091 2029 igitur,
2125 1945 2358 2028 quibus
2392 1965 2474 2012 ex
2504 1944 2718 2013 officio
2760 1943 2965 2027 Regie

722 2052 1061 2138 dignitatis
1092 2050 1409 2117 incumbit
1457 2049 1668 2116 metiri
1703 2050 1935 2118 merita
1964 2051 2389 2135 singulorum,
2440 2059 2504 2117 et
2534 2050 2811 2135 singulis
2842 2070 2962 2135 pro

720 2161 967 2229 meritis
999 2156 1413 2246 respondere,
1462 2164 1597 2226 tam
1631 2158 1939 2226 eximiam
1973 2161 2284 2228 bonorum
2317 2167 2577 2228 actuum
2609 2159 2965 2247 prerogati-

718 2292 871 2338 uam
892 2267 1256 2336 memoriter
1281 2267 1653 2350 retinentes,
1683 2265 2072 2335 Comitatum
2091 2268 2577 2338 Breberiensem
2597 2288 2742 2335 cum
2764 2268 2965 2334 omni-

719 2380 841 2446 bus
891 2376 1278 2444 utilitatibus
1330 2383 1395 2442 et
1424 2374 1840 2461 pertinenciis
1890 2376 2026 2442 suis
2057 2397 2099 2442 a
2137 2375 2661 2463 progenitoribus
2714 2374 2957 2444 nostris

719 2486 812 2554 eis
832 2485 1190 2554 liberaliter
1223 2482 1443 2551 datum
1462 2491 1528 2551 et
1548 2484 1878 2570 collatum,
1913 2504 1991 2551 ac
2010 2484 2234 2554 inclite
2256 2485 2737 2554 recordacionis
2759 2485 2964 2571 patris

716 2597 917 2666 nostri
968 2596 1315 2683 priuilegio
1350 2594 1743 2680 roboratum,
1796 2594 1968 2682 quod
1998 2602 2218 2665 tamen
2272 2616 2425 2665 casu
2479 2596 2716 2664 dicitur
2769 2595 2961 2663 amis·

717 2728 878 2790 sum,
913 2708 1107 2792 plene
1138 2712 1204 2772 et
1233 2703 1506 2789 pacifice
1538 2703 1783 2772 eisdem
1815 2704 2118 2772 duximus
2150 2703 2687 2790 confirmandum,
2727 2711 2796 2772 ut
2828 2713 2963 2772 tam

717 2818 845 2903 ipsi
874 2834 1068 2899 quam
1101 2814 1388 2899 ipsorum
1420 2811 1693 2880 heredes
1724 2813 2162 2898 heredumque
2193 2833 2607 2883 successores
2636 2814 2704 2881 in
2736 2831 2964 2900 perpe·

715 2934 895 2993 tuum
925 2921 1309 3010 possideant
1339 2920 1530 3008 pleno
1561 2921 1718 2989 iure.
1772 2924 1848 2989 In
1879 2923 2065 2991 cuius
2095 2923 2615 2992 confirmacionis
2662 2927 2731 2989 et
2758 2921 2959 2990 colla-

715 3032 921 3103 cionis
949 3030 1328 3099 memoriam
1377 3037 1442 3096 et
1467 3035 1849 3114 perpetuam
1887 3030 2259 3099 firmitatem
2308 3038 2648 3116 presentes
2700 3048 2963 3097 conces-

715 3143 917 3211 simus
949 3141 1202 3208 litteras
1250 3136 1682 3223 impressione
1711 3156 1910 3204 auree
1940 3139 2118 3205 bulle
2167 3145 2386 3207 nostre
2418 3139 2784 3209 roboratas.
2828 3139 2963 3205 Da-

713 3258 848 3318 tum
903 3267 1019 3334 per
1070 3264 1299 3313 manus
1346 3243 1739 3312 venerabilis
1799 3245 2007 3331 patris
2062 3245 2402 3313 Benedicti
2452 3244 2958 3332 Archiepiscopi

715 3359 1090 3429 Colocensis
1138 3359 1289 3426 aule
1337 3363 1556 3424 nostre
1586 3354 2000 3442 Cancellarij.
2052 3355 2434 3426 Reuerendo
2472 3356 2804 3444 Stephano
2839 3358 2960 3423 Ar·

713 3466 1125 3555 chiepiscopo
1178 3464 1628 3550 Strigoniensi,
1677 3464 1929 3533 Basilio
1961 3464 2374 3551 cenadiensi,
2426 3463 2620 3532 Gallo
2654 3465 2958 3532 Vltrasil·

714 3597 904 3664 uano,
956 3575 1248 3644 Zalando
1299 3574 1807 3661 Wesprimiensi,
1862 3575 2195 3659 Heymone
2245 3575 2599 3660 Waciensi,
2648 3572 2958 3662 Philippo

711 3684 1160 3771 Zagrabiensi‚
1193 3684 1541 3771 Lamperto
1562 3682 1891 3770 Agriensi,
1921 3684 2178 3751 Achille
2207 3682 2956 3769 Quinque-Ecclesiensi,

711 3795 1030 3881 Artolpho
1076 3790 1424 3876 Jauriensi,
1458 3791 1832 3858 Wincencio
1862 3791 2278 3859 Waradiensi
2330 3789 2697 3877 Episcopis,
2737 3788 2959 3857 Eccle-

713 3902 847 3970 sias
896 3901 1021 3968 Dei
1067 3899 1414 3968 salubriter
1465 3899 2004 3984 gubernantibus,
2064 3899 2380 3984 Magistro
2431 3898 2557 3967 Job
2609 3901 2957 3985 Preposito

710 4010 997 4094 Albensi,
1044 4009 1194 4075 aule
1243 4015 1462 4075 nostre
1508 4006 2142 4091 Vice-Gancellario;
2190 4006 2485 4075 Rolando
2536 4006 2839 4073 Palatino
2893 4017 2963 4076 et

709 4119 960 4189 comite
1006 4118 1410 4204 Posouiensi,
1461 4115 1797 4204 Stephano
1846 4117 2030 4185 Bano
2081 4116 2292 4184 tocius
2343 4116 2709 4200 Sclauonie,
2764 4115 2961 4184 Chalt

708 4228 1024 4313 Magistro
1075 4228 1610 4295 Tawarnicorum
1657 4232 2024 4293 nostrorum
2076 4234 2141 4293 et
2190 4225 2441 4294 Comite
2502 4223 2955 4312 Supruniensi,

707 4335 1071 4403 Laurencio
1092 4334 1482 4420 Woyauoda
1498 4333 1945 4403 Vltrasiluano
1977 4341 2041 4402 et
2071 4333 2327 4402 Comite
2359 4332 2441 4400 de
2461 4332 2712 4417 chou,
2746 4333 2957 4403 Paulo

707 4443 941 4513 Judice
989 4442 1182 4511 Curio
1229 4449 1449 4510 nostre
1499 4449 1564 4508 et
1599 4440 1851 4510 Comite
1900 4441 2295 4525 Zaladiensi,
2348 4440 2648 4509 Dionisio
2707 4441 2960 4509 Zounu·

708 4551 983 4637 quiensi,
1033 4549 1305 4618 Herrico
1353 4547 1745 4634 Simigiensi,
1796 4548 2073 4617 Nicolao
2123 4547 2436 4634 Magistro
2494 4547 2958 4635 Dapiferorum

705 4667 1088 4744 nostrorum,
1121 4660 1348 4745 Bagou
1370 4658 1684 4743 Magistro
1719 4657 2180 4728 Pincernarum
2210 4666 2574 4727 nostrorum
2607 4665 2672 4724 et
2703 4658 2955 4726 Comite
