3359 5250
1774 340 1907 410 336
2036 358 2043 363 '

706 540 1011 609 fratribus
1062 540 1144 607 de
1191 540 1309 607 Bel
1359 541 1482 607 has
1534 542 1888 629 exequias;
1943 540 2252 609 uidelicet
2282 542 2336 608 L
2366 562 2574 629 panes
2606 542 2817 629 albos,
2870 543 2961 609 VI

706 648 932 734 ydrias
982 648 1328 733 cereuisie,
1381 648 1571 716 unius
1602 649 1761 717 anni
1806 650 2103 737 uitulum,
2154 669 2454 718 anserem
2487 657 2554 719 et
2583 648 2749 719 duas
2779 651 2965 736 galli·

706 776 847 826 nas.
877 760 960 826 Et
990 765 1061 824 ut
1091 758 1214 825 hoc
1245 756 1592 826 seruicium
1623 758 1954 846 predictus
1986 758 2213 826 Cheka
2244 760 2544 847 plenarie
2583 759 2793 846 possit
2820 780 2963 846 per-

707 868 981 957 soluere,
1035 869 1281 938 contuli
1334 868 1458 936 sibi
1510 870 1743 956 uiginti
1794 869 2029 956 iugera
2075 876 2396 939 terrarum
2445 876 2511 938 et
2560 870 2961 958 particulam

706 976 874 1045 silue
894 963 1024 1044 sibi
1044 975 1490 1045 sufficientem.
1523 977 1689 1044 Item
1707 974 1907 1043 alium
1932 995 2192 1044 seruum
2213 997 2428 1045 meum
2447 976 2693 1055 contuli
2716 977 2963 1045 Sancto

705 1083 999 1154 Gerardo
1031 1084 1302 1172 Capelle
1350 1083 1640 1152 eiusdem
1671 1084 2046 1152 Monasterii
2098 1085 2285 1153 cuius
2320 1123 2405 1134 —-
2439 1122 2527 1136 —·
2557 1122 2646 1135 -
2678 1085 2795 1152 tali
2849 1106 2962 1153 no·

703 1195 979 1279 nomine,
1014 1194 1178 1261 Abel
1230 1193 1404 1260 filius
1457 1192 1756 1280 Hecchu;
1807 1199 2028 1262 tamen
2059 1214 2206 1262 cum
2256 1196 2372 1264 tali
2403 1195 2682 1264 seruicio
2715 1192 2960 1263 consti-

704 1306 821 1390 tui,
876 1308 948 1370 ut
995 1323 1142 1371 cum
1193 1303 1333 1370 suis
1383 1300 1737 1370 heredibus
1786 1303 1990 1373 Beato
2041 1303 2333 1372 Gerardo
2383 1305 2810 1392 campanizet.
2866 1304 2957 1370 Vt

704 1416 920 1478 autem
951 1412 1071 1479 hec
1101 1409 1375 1479 donacio
1423 1409 1567 1479 sine
1597 1410 1823 1495 aliqua
1852 1412 2251 1481 retraccione
2282 1413 2390 1479 vel
2439 1411 2819 1500 calumpnia
2850 1412 2945 1478 in·

703 1519 1094 1589 uiolabiliter
1141 1539 1445 1608 processu
1496 1526 1855 1607 temporum
1904 1526 2218 1608 perpetuo
2268 1519 2482 1609 possit
2538 1540 2946 1609 permanere,

698 1628 948 1697 litteras
992 1636 1327 1716 presentes
1377 1628 1597 1714 sigillo
1648 1630 1952 1714 Gregorii
2002 1629 2226 1697 fratris
2276 1630 2402 1697 mei
2452 1629 2579 1697 feci
2627 1630 2944 1715 roborari,

700 1736 855 1821 quia
883 1757 1007 1824 ego
1055 1737 1341 1824 sigillum
1389 1737 1727 1823 proprium
1770 1758 1900 1807 non
1932 1738 2277 1806 habebam.
2331 1740 2518 1806 Anno
2559 1738 2822 1804 Domini
2854 1737 2946 1803 ΜΟ

700 1843 831 1910 00⁰
851 1846 981 1912 LI⁰.

1005 2008 1284 2077 (En-edetis
1308 2024 1341 2061 a
1363 2007 1755 2075 pannonhalmi
1780 2004 2181 2076 feapatsatgnak
2204 2004 2621 2075 leveltaraban.)

1739 2781 1894 2850 234.

693 2964 754 3027 A
773 2964 999 3049 jado-ai
1024 2962 1482 3028 kereskedblcnelc
1522 2962 1945 3027 kereskedelmi
1988 2965 2307 3048 ciazonyai
2354 2961 2413 3027 V
2403 2963 2745 3029 elencze‘ben
2795 2986 2931 3028 eza-

1473 3069 1923 3156 bdlyoztatnak.
1964 3069 2156 3135 1251.

902 3270 976 3335 In
1026 3267 1286 3335 nomine
1334 3265 1456 3333 Dei
1506 3265 1772 3334 Aeterni
1822 3265 2051 3333 Amen.
2101 3265 2292 3332 Anno
2342 3268 2430 3335 ab
2478 3267 2935 3334 Incarnatione

690 3374 956 3442 Domini
988 3375 1191 3443 nostri
1222 3375 1381 3442 Jesu
1401 3372 1642 3441 Christi
1673 3371 2022 3441 millesimo
2055 3370 2500 3443 ducentesimo
2538 3376 2946 3462 quinquage-

690 3484 858 3550 simo
891 3482 1097 3570 primo
1128 3483 1234 3550 die
1267 3486 1500 3550 octauo
1533 3486 1814 3549 exeunte
1845 3501 2065 3549 mense
2083 3483 2385 3567 Augusti,
2426 3480 2786 3551 Indictione
2817 3484 2926 3551 IV.

691 3592 974 3660 Rivoalti
1024 3592 1181 3659 urbe
1213 3589 1390 3657 selici
1437 3590 1504 3656 in
1540 3588 1798 3656 Palatio
1831 3590 2122 3656 Ducatus
2171 3589 2626 3678 Venetiarum3
2673 3609 2940 3677 presen-

686 3700 860 3767 tibus
909 3699 1184 3766 testibus
1236 3698 1483 3783 rogatis
1517 3695 1867 3764 Nobilibus
1915 3695 2077 3765 viris
2108 3696 2388 3782 Lampre
2423 3697 2556 3766 filio
2606 3698 2938 3784 quondam

687 3808 911 3874 Preste
961 3806 1044 3873 de
1075 3805 1299 3889 Baria,
1348 3803 1566 3872 Juano
1613 3805 1748 3871 filio
1781 3803 2021 3872 Petrici
2068 3801 2153 3870 de
2180 3806 2396 3890 Forte,
2447 3804 2750 3873 Dimitrio
2803 3805 2940 3874 filio

685 3916 916 3982 Preste
963 3912 1046 3980 de
1077 3911 1418 3997 Matafam,
1449 3912 1781 3981 Matthaeo
1832 3912 1967 3981 filio
2014 3912 2341 3996 quondam
2372 3910 2700 3981 Theodori
2729 3913 2935 3982 Tosa-

684 4023 885 4109 ningi,
914 4021 1181 4091 Andrea
1228 4021 1365 4090 filio
1398 4019 1665 4090 Bendae
1714 4021 2080 4091 Jadratinis
2129 4021 2390 4091 Joanne
2427 4022 2702 4091 Baroeio
2780 4021 2938 4090 Bar-

683 4131 1052 4199 tholomaeo
1102 4129 1186 4198 de
1216 4129 1462 4215 Mugla,
1499 4128 1781 4198 Henrico
1830 4130 1915 4198 de
1946 4133 2341 4216 Fuscareno,
2392 4131 2738 4200 Dominico
2790 4132 2939 4197 Ari·

684 4239 923 4308 mundo
974 4239 1059 4307 de
1105 4237 1420 4324 Venetiis‚
1470 4247 1537 4306 et
1589 4239 1743 4306 aliis
1793 4240 2032 4307 multis.
2086 4238 2321 4308 Coram
2367 4240 2633 4308 domino
2680 4240 2941 4307 Marino

683 4348 1071 4416 Mauroceno
1104 4347 1228 4414 Dei
1279 4347 1498 4429 gratia
1529 4347 1763 4414 Inclito
1795 4349 1977 4416 Duce
2012 4348 2448 4434 venetiarum,
2495 4348 2635 4417 Nos
2664 4349 2943 4435 Stepha-

681 4476 805 4523 nus
854 4457 937 4524 de
987 4456 1237 4543 Piciga,
1292 4462 1358 4523 et
1388 4457 1600 4523 Zerne
1646 4455 1732 4523 de
1773 4456 2046 4543 Hergia,
2096 4456 2332 4524 Nuncii
2364 4463 2431 4524 et
2462 4456 2941 4524 Ambaxatores

683 4562 976 4649 Comitis,
1027 4563 1561 4631 consiliariorum
1610 4569 1675 4631 et
1707 4563 2083 4634 Communis
2113 4565 2155 4633 J
2161 4564 2382 4650 adme,
2435 4566 2752 4634 habentes
2794 4564 2929 4652 ple·

684 4692 837 4738 nam
867 4671 1388 4739 commissionem
1409 4673 1493 4740 ab
1528 4671 1797 4760 eisdem,
1832 4680 2019 4742 tenor
2047 4673 2231 4758 cujus
2265 4673 2742 4742 commissionis
2772 4672 2937 4741 infe-
