3359 5250
1383 409 1511 474 517

1361 946 1517 1014 367.

303 1125 364 1191 A
404 1130 734 1212 reszpre'mi
762 1127 1189 1211 kdptalannak
1238 1129 1776 1215 bizonysdqlevele,
1824 1132 1987 1217 hoyy
2029 1129 2257 1216 Toufc'ii
2288 1132 2565 1197 scindor·

613 1235 736 1301 nale
768 1245 1017 1323 b'zveyye
1049 1238 1350 1302 hitbdrere
1379 1241 1561 1304 ndzve
1591 1238 2003 1325 kieleyz'ttetett.
2064 1241 2258 1304 1259.

521 1431 895 1519 Capitulum
916 1433 1427 1519 Vesprimiensis
1449 1433 1744 1501 Ecclesie
1777 1435 2078 1503 omnibus
2098 1442 2438 1522 presentes
2461 1436 2562 1502 lit-

297 1548 481 1607 teras
513 1541 904 1627 inspecturis
956 1541 1235 1608 salutem
1265 1542 1336 1607 in
1370 1542 1658 1609 omnium
1692 1544 2049 1612 saluatore.
2088 1543 2191 1610 Ad
2231 1545 2563 1611 uniuerso·

297 1669 442 1716 rum
490 1650 803 1717 noticiam
855 1656 1083 1717 tenore
1138 1653 1549 1735 presencium
1598 1653 1903 1720 uolumus
1952 1652 2334 1739 peruenire,
2386 1651 2561 1738 quod

296 1758 565 1825 domina
612 1757 750 1824 filia
781 1757 1091 1825 Johahini
1124 1757 1396 1825 Comitis
1432 1757 1513 1824 de
1545 1760 1891 1846 Leurenta,
1939 1760 2169 1827 relicta
2200 1758 2559 1826 Alexandri

295 1864 416 1949 filij
449 1865 594 1932 Elie
629 1866 707 1934 de
727 1866 976 1933 Toufeu
1012 1885 1231 1933 coram
1263 1866 1452 1932 nobis
1487 1867 1843 1934 constituta
1864 1867 2150 1935 asseruit
2181 1866 2338 1934 uiua
2374 1887 2555 1951 uoce,

294 1993 372 2040 se
405 1975 689 2043 mouisse
739 1993 1004 2041 causam
1057 1981 1281 2041 contra
1315 1975 1630 2041 Thomam
1664 1976 1934 2042 fratrem
1986 1975 2142 2042 dicti
2173 1973 2555 2056 Alexandri,

294 2081 687 2166 requirendo
737 2083 823 2148 ab
875 2080 1106 2150 eodem
1157 2080 1374 2151 dotem
1426 2102 1612 2151 suam
1664 2090 1730 2149 et
1780 2102 1884 2149 res
1935 2084 2426 2168 parafernales5
2477 2103 2557 2149 ac

295 2190 578 2255 eandem
611 2209 877 2257 causam
909 2189 1193 2276 sedasse,
1249 2198 1313 2257 et
1344 2188 1697 2258 secundum
1731 2191 2005 2259 formam
2054 2191 2235 2277 pacis
2285 2191 2555 2275 triginta

295 2318 416 2363 sex
466 2316 719 2363 marcas
768 2319 887 2384 pro
939 2298 1092 2366 dote
1144 2319 1267 2366 sua
1317 2307 1380 2366 et
1432 2299 1626 2365 rebus
1676 2299 2209 2385 parafernalibus
2262 2298 2347 2365 ab
2403 2298 2552 2383 ipso

294 2407 550 2474 Thoma
580 2407 872 2493 plenarie
901 2409 1264 2495 recepisse;
1322 2415 1387 2474 et
1419 2410 1514 2476 sic
1548 2409 1781 2475 eadem
1834 2409 2098 2474 domina
2130 2407 2212 2475 de
2251 2404 2402 2473 dote
2434 2425 2554 2473 sua

295 2520 363 2581 et
394 2516 593 2582 rebus
626 2516 1146 2602 parafernalibus
1181 2516 1348 2583 dixit
1379 2518 1507 2584 sibi
1537 2518 1742 2584 fuisse
1783 2519 2079 2604 plenarie
2117 2516 2550 2598 satisfactum,

293 2623 391 2689 ita
422 2626 595 2709 quod
627 2626 709 2693 de
739 2633 951 2694 cetero
971 2647 1091 2693 nec
1122 2630 1274 2713 ipsa
1307 2627 1588 2712 domina,
1623 2648 1745 2694 nec
1777 2628 2051 2694 heredes
2072 2627 2195 2711 sui,
2234 2645 2356 2693 nec
2385 2625 2553 2709 quis-

291 2751 493 2816 quam
527 2731 609 2799 de
640 2735 935 2818 cognatis
987 2734 1196 2820 ipsius
1230 2735 1491 2802 racione
1543 2734 1714 2801 dotis
1744 2754 1860 2801 sue
1900 2741 1967 2801 et
2014 2753 2227 2799 rerum
2266 2731 2549 2819 parafer·

289 2840 542 2907 nalium
574 2840 815 2908 dictum
846 2842 1165 2909 'rhomam
1199 2843 1304 2909 uel
1336 2844 1475 2909 eius
1507 2841 1787 2909 heredes
1826 2848 1938 2908 aut
1969 2848 2284 2931 cognatos
2316 2841 2553 2927 poterit

291 2951 591 3034 inpetere
642 2970 755 3016 seu
803 2950 1171 3017 molestare.
1227 2953 1298 3016 In
1335 2950 1514 3018 cuius
1563 2953 1662 3018 rei
1716 2951 2158 3020 testimonium
2210 2935 2551 3036 presentes

293 3057 552 3123 litteras
573 3058 1008 3126 concessimus
1029 3058 1250 3144 sigillo
1270 3066 1492 3127 nostro
1516 3059 1878 3127 roboratas.
1923 3060 2164 3124 Datum
2184 3077 2301 3142 per
2320 3074 2550 3120 manus

291 3166 598 3250 Magistri
619 3167 885 3233 Roberti
907 3165 1201 3235 Lectoris
1222 3169 1541 3254 Ecclesie,
1564 3187 1734 3233 anno
1756 3166 1978 3249 gracie
1998 3165 2088 3230 M⁰
2108 3163 2239 3230 (20⁰
2260 3167 2338 3231 L⁰
2358 3182 2547 3230 nono.

293 3273 673 3339 Venerabili
723 3275 792 3340 in
832 3272 1090 3342 Christo
1141 3283 1328 3361 patre
1373 3282 1589 3343 nostro
1642 3273 1917 3342 Zalaldo
1970 3273 2314 3360 Episcopo,
2368 3273 2550 3340 Fauo

293 3384 651 3469 preposite,
687 3382 1073 3451 Lodomerio
1110 3383 1413 3469 cantore,
1450 3386 1753 3453 Johanne
1774 3383 2057 3452 Custode
2098 3381 2548 3451 existentibus.

293 3584 361 3646 (A
390 3580 626 3633 zalavari
664 3583 1016 3634 konventnek
1065 3583 1288 3633 1314-ki
1325 3580 1640 3642 atiratabol,
1678 3584 1880 3648 melyet
1918 3581 2111 3634 kertek
2151 3582 2470 3646 „Lorandus
2496 3590 2552 3635 et

291 3676 635 3725 Laurenciue
663 3673 760 3740 filij
791 3674 1075 3726 Benedicti
1102 3674 1169 3725 de
1197 3673 1447 3725 Thouseu
1487 3673 1556 3723 ab
1585 3688 1696 3723 una
1719 3680 1875 3739 parte
1898 3692 1911 3735 ;
1952 3673 2191 3726 Comites
2216 3672 2457 3724 Absolon
2495 3677 2552 3723 et

293 3765 601 3817 Alexander
637 3765 735 3831 filij
767 3765 1073 3825 Absolonis‚
1112 3764 1345 3816 Micabel
1385 3770 1438 3815 et
1463 3763 1727 3817 Nicolaus
1765 3764 1861 3829 filij
1892 3764 2106 3817 Nicolai
2150 3767 2220 3817 ab
2248 3764 2458 3824 altera3
2497 3768 2553 3814 et

292 3856 543 3908 dominus
569 3854 753 3908 Abbas
778 3856 843 3907 de
871 3854 1113 3906 Chathar
1152 3857 1367 3906 nomine
1394 3854 1707 3906 mediatoris
1734 3857 1873 3906 inter
1914 3856 2153 3922 partes“;
2195 3870 2231 3906 a
2253 3854 2417 3906 budai
2444 3853 2547 3904 kir.

1092 3946 1339 3997 kamarai
1363 3940 1746 4009 leveltatban.)

1163 4236 1312 4245 ———
1333 4235 1440 4242 --—-
1479 4236 1488 4240 0
1539 4232 1678 4241 ————
