3359 5250
1674 331 1802 399 150

1570 420 1797 433 -——-———
1816 427 1887 434 —.-

602 544 745 592 mus
778 529 1069 592 statuere
1100 523 1269 592 inter
1298 525 1499 612 ipsos.
1545 526 1687 594 Nos
1719 545 1879 594 vero
1909 528 2336 614 perscrutatis
2354 528 2536 615 prius
2567 529 2880 599 volunta-

608 631 783 698 tibus
823 638 890 699 et
939 629 1415 700 intencionibus
1463 638 1901 719 utrorumque,
1955 633 2182 702 habito
2232 634 2402 703 inter
2454 655 2574 704 nos
2628 635 2879 705 fratres

609 738 912 823 diligenti
942 744 1247 825 tractatu,
1297 740 1422 807 hoc
1449 741 1749 810 volumus
1782 747 1847 808 et
1878 741 2272 829 precipimus
2314 743 2435 810 sub
2466 743 2689 813 debito
2722 762 2867 829 pre⁶

611 846 749 915 stiti
779 845 1146 932 iuramenti,
1180 853 1247 914 et
1274 846 1623 916 statuimus
1654 849 1780 916 sub
1806 847 2342 919 interminacione
2372 851 2665 919 subiecte
2692 869 2870 937 pene

607 954 911 1041 partibus
943 956 1193 1039 absque
1225 956 1401 1023 omni
1449 956 1980 1026 contradiccione
2010 965 2077 1025 et
2104 959 2583 1029 reclamacione
2622 958 2692 1025 in
2723 977 2863 1045 per-

608 1069 876 1148 petnum
908 1062 1410 1131 obseruandum.
1463 1063 1767 1150 Inprimis
1801 1084 1957 1150 ergo
1992 1066 2295 1135 volumus
2336 1073 2403 1135 et
2447 1066 2879 1154 precipimus,

611 1176 684 1238 ut
700 1170 863 1238 villa
894 1170 978 1237 de
997 1170 1238 1256 Ostrog
1268 1191 1414 1238 cum
1448 1171 1754 1239 omnibus
1775 1171 1912 1239 suis
1942 1174 2369 1261 pertinenciis
2399 1182 2631 1243 etcum
2664 1174 2865 1241 omni·

611 1279 736 1347 bus
768 1278 1223 1348 adiacentibus
1253 1279 1444 1350 terris
1475 1279 1658 1346 sitin
1686 1279 1797 1365 jus
1829 1277 2004 1367 (igy)
2039 1286 2106 1349 et
2133 1282 2537 1368 proprietate
2567 1281 2883 1350 Ecclesie·

606 1386 833 1454 Sancti
864 1386 1150 1471 Domnij,
1181 1387 1280 1454 ita
1309 1385 1484 1472 quod
1515 1393 1723 1454 totum
1753 1386 2005 1472 integre
2036 1387 2394 1474 possideat,
2439 1388 2613 1455 sicut
2641 1407 2867 1474 posse-

609 1492 709 1559 dit
739 1498 1031 1579 tempore
1063 1493 1143 1561 G.
1177 1491 1675 1581 Archiepiscopi
1709 1513 1917 1579 usque
1951 1493 2040 1562 ad
2075 1495 2429 1563 aduentum
2469 1493 2719 1562 domini
2752 1496 2879 1562 Re-

612 1599 716 1685 gis
765 1599 928 1668 Bele
977 1600 1171 1668 nullis
1220 1600 1593 1687 privilegijs
1641 1621 1760 1668 seu
1790 1603 2239 1671 instrumentis
2284 1601 2871 1690 preiudicantibus‚

617 1713 929 1792 quantum
959 1706 1030 1774 in
1060 1707 1187 1776 hoc
1234 1706 1446 1774 eidem
1476 1707 1770 1775 Ecclesie
1809 1708 1874 1775 in
1906 1715 2310 1795 perpetuum.
2365 1708 2498 1777 Sed
2530 1710 2686 1795 quia
2717 1709 2884 1777 olim

617 1814 872 1898 questio
902 1813 1028 1881 fuit
1076 1815 1243 1882 inter
1273 1815 1642 1881 Ecclesiam
1675 1815 2134 1901 Spalatensem
2165 1822 2232 1882 et
2267 1815 2596 1883 civitatem
2626 1816 2875 1901 Tragu-

614 1923 897 1988 riensem
947 1941 1143 2008 super
1191 1921 1582 1989 territorium
1632 1920 1719 1989 de
1749 1921 1937 1989 Biaci
1987 1931 2054 1990 et
2084 1922 2311 1990 Sancti
2348 1922 2607 2006 Vitalis,
2656 1922 2879 2009 ipsam

618 2028 1027 2112 questionem
1076 2028 1499 2115 relinquimus
1549 2028 2005 2097 indiscussam.
2041 2032 2205 2097 Item
2237 2029 2560 2114 volumus,
2612 2035 2683 2095 ut
2713 2032 2875 2097 Tra·

627 2135 965 2222 gurienses
998 2137 1247 2203 nullum
1278 2136 1609 2203 inimicum
1641 2135 2127 2222 Spalatensium
2158 2135 2493 2223 recipiant,
2528 2137 2877 2223 retineant,

626 2243 767 2310 sive
797 2242 1065 2310 foveant
1093 2263 1213 2329 per
1261 2262 1333 2310 se
1363 2244 1469 2310 vel
1500 2263 1619 2331 per
1651 2243 1852 2310 alium
1885 2241 2060 2330 apud
2089 2263 2161 2310 se
2191 2243 2564 2311 molientem
2592 2242 2885 2310 insidias

618 2351 726 2418 vel
780 2348 1163 2417 inferentem
1211 2350 1498 2437 dampna
1548 2350 2091 2438 Spalatensibus;
2153 2359 2220 2418 et
2268 2349 2389 2419 hec
2440 2351 2672 2419 eadem
2724 2351 2875 2436 pari

625 2464 850 2523 tenore
879 2454 1303 2542 Spalatenses
1337 2457 1690 2524 observare
1708 2456 2257 2542 Ttaguriensibus
2295 2463 2658 2525 teneantur.
2708 2457 2875 2524 Item

619 2563 944 2650 volumus,
976 2571 1047 2633 ut
1064 2584 1288 2633 omnes
1309 2572 1480 2633 terre
1511 2553 2023 2651 patrimoniales,
2058 2584 2184 2649 que
2203 2573 2357 2633 sunt
2387 2565 2555 2634 inter
2588 2565 2877 2635 confinia

620 2673 1041 2758 Spalatensia
1072 2679 1138 2741 et
1165 2672 1635 2758 Ttaguriensia
1687 2673 2110 2741 restituantur
2163 2672 2441 2740 dominis
2479 2672 2615 2739 suis
2668 2672 2889 2740 saluis

626 2778 1002 2846 racionibus
1053 2779 1411 2848 debitorum
1443 2781 1550 2847 vel
1583 2780 1970 2848 societatum
2020 2781 2089 2847 in
2120 2781 2612 2866 quibuscunque
2657 2780 2875 2862 rebus,

626 2905 756 2969 que
788 2885 1007 2953 omnia
1037 2904 1156 2954 suo
1204 2884 1433 2954 ordine
1464 2888 1569 2953 vel
1593 2889 1745 2972 jure
1776 2886 2148 2955 decurrant.
2198 2888 2427 2955 Adhuc
2460 2888 2772 2974 volumus,
2808 2893 2881 2953 ut

628 2990 852 3059 omnia
882 2990 1170 3078 dampna
1199 2994 1456 3076 utrique
1485 2994 1658 3080 parti
1690 3013 2101 3079 quocumque
2132 2993 2326 3063 modo
2359 2993 2571 3078 illata,
2613 2993 2754 3061 siue
2785 2994 2879 3060 in-

625 3097 790 3165 iurie
821 3100 1161 3168 commisse
1192 3099 1473 3168 invicem
1522 3099 1951 3190 dimittantur,
2001 3103 2144 3169 siue
2176 3104 2246 3169 in
2296 3099 2687 3186 hominibus,
2740 3100 2887 3168 siue

627 3205 693 3272 in
728 3209 943 3291 rebus,
994 3213 1060 3274 et
1087 3227 1440 3294 numquam
1490 3209 1703 3295 possit
1733 3209 1818 3276 de
1850 3216 2064 3278 cetero
2096 3229 2140 3276 a
2186 3207 2485 3296 partibus
2531 3228 2727 3294 super
2773 3206 2879 3274 his

629 3313 885 3399 questio
937 3315 1264 3381 concitari.
1319 3315 1522 3383 Salua
1550 3317 1619 3382 in
1674 3318 1977 3385 omnibus
2028 3315 2344 3385 fidelitate
2396 3322 2462 3383 et
2504 3314 2889 3384 reuerencia

633 3417 886 3485 Corone
917 3418 1130 3504 Regni
1161 3419 1510 3505 Hungarie.
1551 3422 1641 3489 Ut
1672 3430 1893 3491 autem
1924 3424 2049 3492 hec
2080 3430 2328 3492 statuta
2358 3423 2656 3490 salubria
2685 3422 2890 3491 robur

633 3532 948 3612 perpetue
978 3527 1319 3595 obtineant
1336 3528 1682 3615 firmitatis,
1717 3531 2040 3617 volumus,
2072 3538 2145 3598 ut
2177 3550 2563 3616 quecunque
2586 3528 2893 3617 parcium

631 3631 938 3701 rebbellis
990 3642 1056 3701 et
1089 3634 1477 3703 inobediens
1530 3637 1684 3703 huic
1714 3638 2181 3725 composicioni
2220 3636 2526 3721 extiterit,
2575 3635 2891 3704 faciendo

633 3745 864 3806 contra
911 3742 1207 3828 predicta
1255 3743 1362 3811 vel
1409 3742 1680 3830 aliquod
1728 3745 2163 3831 predictorum
2184 3797 2203 3832 ,
2264 3752 2565 3813 teneatur
2624 3743 2889 3812 nomine

632 3864 802 3932 pene
835 3846 1089 3915 soluere
1140 3850 1454 3918 ducentas
1500 3870 1760 3920 marcas
1792 3852 2071 3938 argenti,
2122 3851 2438 3920 medietas
2472 3871 2747 3938 quarum
2799 3850 2897 3917 ad

634 3951 1045 4022 obedientem
1064 3966 1317 4043 partem
1344 3955 1668 4044 deveniat,
1705 3960 1916 4027 altera
1934 3958 2254 4027 medietas
2271 3959 2431 4027 fisco
2451 3959 2652 4044 Regis
2674 3959 2890 4045 appli-

635 4065 852 4147 cetur;
886 4068 953 4129 et
982 4084 1157 4150 pena
1192 4066 1406 4135 soluta
1434 4066 1854 4136 nihilominus
1886 4067 2333 4155 suprascripta
2377 4065 2596 4134 omnia
2627 4082 2903 4151 semper

634 4164 824 4235 firma
856 4171 988 4238 sint
1019 4179 1084 4240 et
1113 4180 1280 4241 rata.
1330 4175 1421 4243 Ut
1449 4181 1668 4244 autem
1701 4171 1821 4240 hec
1853 4173 2073 4242 omnia
2109 4175 2377 4243 valeant
2424 4171 2894 4240 iuviolabiliter

641 4273 997 4365 observari,
1031 4276 1271 4363 sigillis
1291 4279 1627 4364 utriusque
1646 4279 1856 4366 partis
1887 4287 2256 4367 presentem
2277 4278 2591 4366 paginam
2616 4277 2905 4346 fecimus.

637 4385 1039 4453 communiri.
