3359 5250
1730 342 2029 445 -3-52-

750 540 832 608 de
864 540 1141 627 Teluky,
1177 539 1345 606 filius
1379 540 1699 623 Silnestri‚
1751 547 1818 608 et
1850 540 1966 627 filij
2003 539 2309 606 Martelli.
2341 542 2418 606 In
2451 539 2638 606 cuius
2687 538 2781 606 rei
2828 538 3009 606 testi-

750 649 1034 718 monium
1062 655 1403 735 presentes
1435 648 1680 715 eisdem
1711 646 2027 715 fratribus
2068 649 2512 717 concessimus
2542 647 2798 716 litteras
2828 646 3010 731 sigil-

747 758 956 824 lorum
1006 762 1371 824 nostrornm
1421 755 1774 822 munimine
1834 755 2199 823 roboratas.
2264 756 2508 822 Datum
2557 775 2728 822 anno
2779 756 3008 841 gracie

747 865 839 929 M⁰
861 863 992 931 00⁰
1013 864 1210 950 L1110,
1244 871 1430 932 sexto
1464 864 1788 931 kalendas
1821 863 2024 950 Junij‚
2076 883 2247 932 anno
2282 870 2501 931 autem
2534 864 2742 948 Regni
2793 863 3006 929 nostri

747 973 999 1040 decimo
1045 978 1299 1040 octauo.

745 1170 1019 1236 (Eredetie
1042 1167 1368 1236 b6rhzirtyan
1389 1208 1403 1233 ,
1441 1170 1665 1236 melyrssl
1691 1187 1727 1223 a
1764 1169 1943 1238 kiraly
1979 1169 2330 1238 pecsetjenek
2354 1169 2612 1223 wredeke
2649 1168 3006 1237 veros-singu

1032 1259 1483 1327 selyemzsinoron
1509 1263 1662 1328 fiigg‚
1690 1277 1725 1313 a
1748 1263 1911 1314 budai
1938 1262 2042 1312 kir.
2071 1262 2312 1313 kamarai
2332 1258 2710 1327 leveltarban.)

1798 1997 1952 2066 245.

740 2177 860 2243 IV.
913 2178 1068 2244 Be'la
1113 2177 1324 2266 luirdly
1371 2182 1720 2265 meyerdsz'ti
1766 2179 1938 2244 Bars
1984 2177 2444 2245 kiilvdrosctnak
2501 2177 2997 2263 privileqiumdt.

1768 2285 1963 2350 1253.

973 2482 1135 2548 Bela
1183 2481 1308 2549 Dei
1359 2483 1588 2567 gracia
1617 2480 1971 2567 Hungarie,
2004 2481 2365 2568 Dalmacie‚
2416 2480 2710 2566 Croacie,
2758 2479 2991 2560 Rame,

738 2590 985 2675 Serme,
1018 2589 1302 2658 Gallicie
1334 2589 1718 2658 Lodomerie
1750 2587 2193 2673 Cvmanieque
2224 2591 2365 2658 Rex
2404 2590 2701 2657 omnibus
2733 2606 2991 2675 presen-

737 2706 868 2765 tem
901 2699 1212 2785 paginam
1261 2697 1648 2785 inspecturis
1680 2698 1959 2765 salutem
1991 2698 2059 2765 in
2090 2696 2374 2766 omnium
2413 2699 2762 2766 saluatore.
2826 2694 2990 2763 Cvm

739 2806 805 2872 in
825 2806 1240 2873 multitudine
1258 2805 1472 2890 plebis
1506 2805 1711 2872 honor
1728 2804 1928 2889 Regis
1948 2810 2015 2871 et
2045 2804 2258 2890 gloria
2275 2806 2684 2891 attendatur-3
2716 2803 2992 2889 dignum

739 2919 858 2999 est,
894 2918 959 2979 et
990 2912 1165 2980 omni
1195 2913 1502 2981 conuenit
1520 2913 1788 2999 meieni,
1823 2912 1918 2980 sic
1948 2912 2037 2979 ad
2067 2912 2221 2980 illos
2252 2933 2518 2980 manum
2542 2911 2990 2981 misericordie

736 3021 1108 3106 extendere,
1143 3026 1212 3087 ut
1240 3022 1526 3107 populus
1558 3020 1690 3088 sibi
1719 3021 2010 3089 seruiens
2049 3040 2315 3088 numero
2349 3040 2607 3108 semper
2643 3025 2708 3087 et
2737 3020 2990 3088 viribus

736 3136 1075 3215 augeatur.
1128 3128 1235 3196 Ad
1286 3129 1734 3197 minei-sorum
1783 3129 1983 3213 igitur
2033 3127 2345 3196 noticiam
2397 3139 2531 3197 tam
2581 3130 2989 3216 presencium

731 3255 929 3321 quam
958 3236 1314 3303 futurorum
1362 3235 1592 3304 harum
1642 3236 1811 3303 serie
1840 3236 2139 3303 volumus
2169 3236 2535 3323 peruenire,
2585 3236 2759 3320 quod
2806 3255 2989 3304 acce-

731 3346 959 3413 dentes
981 3348 1046 3411 in
1068 3352 1354 3413 nostram
1386 3346 1796 3431 presenciam
1829 3344 2121 3431 hospites
2159 3345 2363 3413 nostri
2393 3346 2459 3412 in
2490 3345 2798 3413 subvrbio
2818 3347 2985 3414 Bors

734 3453 1108 3538 existentes,
1142 3454 1474 3537 conquesti
1505 3461 1658 3520 sunt
1689 3451 1900 3536 nobis,
1955 3458 2022 3519 vt
2052 3471 2199 3520 cum
2229 3453 2644 3540 priuilegium
2692 3454 2985 3539 ipsorum

730 3579 926 3646 super
953 3558 1163 3626 forma
1186 3560 1506 3628 libertatis
1541 3562 1851 3647 ipsorum,
1889 3581 1932 3628 a
1963 3560 2152 3628 nobis
2183 3566 2335 3628 ante
2368 3561 2721 3630 aduentum
2753 3563 2989 3629 Tarta·

729 3686 946 3733 rorum
977 3686 1378 3753 concessum,
1411 3675 1703 3754 tempore
1733 3666 2214 3754 persecucionis
2245 3669 2666 3738 Tartarorum
2713 3668 2784 3736 in
2821 3668 2985 3755 fuga

730 3776 865 3842 iam
882 3780 1207 3842 vetustate
1238 3783 1689 3862 consumptum
1710 3775 1957 3843 eisdem
1992 3795 2306 3844 renouare
2336 3775 2778 3861 dignaremur.
2813 3777 2983 3856 Quo-

728 3903 869 3951 rum
890 3904 1009 3952 nos
1027 3884 1461 3969 peticionibus
1492 3885 1685 3952 iustis
1704 3882 2090 3952 satisfacere
2109 3885 2424 3971 volentes,
2457 3884 2699 3952 dictum
2718 3885 2990 3973 priuile-

730 3992 909 4075 gium
940 3992 1098 4058 moti
1119 3992 1567 4060 misericordia
1597 3991 1899 4061 duximus
1917 3991 2378 4062 renouandum.
2415 3993 2617 4063 Cuius
2646 3995 2980 4080 priuilegij

725 4107 910 4167 tenor
940 4098 1097 4166 talis
1144 4105 1282 4167 est:

939 4205 1103 4274 Bela
1121 4207 1249 4276 stb.
1284 4203 1713 4294 (kevetkezik
1746 4227 1790 4274 a
1809 4208 2167 4295 kiralynak
2192 4208 2463 4279 1240-ki
2492 4207 2976 4295 privilegiuma,

725 4313 888 4381 mint
916 4314 1181 4382 fentebb
1214 4318 1321 4384 65.
1353 4335 1443 4382 ss.
1477 4313 1573 4400 a.)

940 4422 1030 4490 Ut
1058 4422 1259 4507 igitur
1308 4422 1430 4491 hec
1463 4424 1917 4494 renouacionis
1966 4426 2169 4495 series
2221 4432 2533 4512 perpetue
2568 4426 2765 4494 robur
2811 4426 2979 4495 obti-

723 4536 880 4597 neat
908 4529 1253 4612 firmitatis,
1285 4539 1621 4619 presentes
1652 4533 1906 4602 litteras
1935 4536 2377 4603 concessimus
2416 4534 2738 4622 dupplicis
2766 4535 2977 4620 sigilli

723 4639 927 4706 nostri
975 4641 1332 4709 munimine
1383 4642 1744 4713 roboratas.
1794 4645 2038 4713 Datum
2089 4665 2262 4713 anno
2300 4645 2567 4714 Domini
2616 4645 2966 4712 millesimo
