3359 5250
1489 330 1622 398 535

1459 857 1620 928 380.

409 1060 474 1129 Α
494 1084 798 1149 pomnyt
827 1059 1270 1147 kdptalannak
1289 1060 1827 1145 bizonyedqlevele,
1859 1060 2017 1146 hoyy
2050 1058 2488 1145 Huntpaznan
2504 1080 2670 1124 nem-

405 1170 723 1257 zetsdqbeli
739 1167 959 1234 Beckcn
984 1188 1178 1233 comes
1198 1166 1541 1252 angjdnak,
1574 1167 1805 1231 habere
1834 1171 1896 1230 e‘s
1927 1166 2176 1252 &zoeqyi
2194 1165 2668 1252 joqositva'nyat'

942 1273 1186 1357 feje'ben
1216 1274 1376 1358 πόρῃ
1392 1270 1574 1356 salut
1600 1272 1859 1338 dtadoa.
1908 1274 2101 1338 1260.

616 1469 990 1558 Capitulum
1022 1467 1320 1535 Ecclesie
1350 1466 1773 1535 Posoniensis
1806 1467 2127 1536 vniuersis
2166 1466 2409 1536 Christi
2454 1465 2657 1535 fideli·

407 1581 526 1648 bus
544 1585 680 1647 tam
711 1576 1123 1667 presentibus
1156 1595 1351 1661 quam
1373 1573 1606 1642 futuris
1639 1583 1977 1662 presentes
1996 1575 2250 1644 litteras
2272 1574 2663 1662 inspecturis

402 1686 682 1755 salutem
733 1687 801 1754 in
833 1684 1114 1752 Domino
1165 1684 1651 1771 sempiternam.
1705 1681 1813 1751 Ad
1851 1683 2301 1752 vniuersorum
2350 1684 2661 1752 noticiam

405 1793 634 1862 harum
665 1793 835 1862 serie
870 1792 1185 1861 wolumus
1217 1791 1582 1878 peruenire,
1618 1791 1792 1876 quod
1814 1790 2182 1861 constitutis
2215 1810 2434 1861 eoram
2468 1790 2658 1861 uobis

403 1901 838 1990 personaliter
857 1900 1106 1971 Comite
1125 1900 1356 1969 Buken
1372 1901 1544 1969 filius
1564 1898 1741 1988 (igy)
1765 1900 2036 1971 Comitis
2056 1901 2286 1969 Buken
2313 1900 2399 1968 de
2417 1919 2661 1987 genere

398 2010 833 2099 Huntpaznan
876 2010 961 2077 ab
997 2028 1131 2077 vna
1180 2016 1385 2097 parte,
1439 2007 1708 2078 domina
1756 2007 2098 2076 Elizabeth
2147 2013 2352 2076 matre
2401 2026 2524 2077 sua
2574 2026 2658 2075 ex

399 2118 631 2204 altera,
685 2117 858 2185 idem
908 2116 1143 2186 Comes
1194 2116 1425 2184 Buken
1478 2124 1579 2184 est
1626 2115 1966 2184 confessus
2015 2115 2191 2183 wiua
2238 2135 2427 2202 uoce,
2480 2113 2656 2202 quod

399 2231 667 2312 propter
717 2223 1105 2293 discordiam
1137 2223 1350 2309 Regni
1402 2231 1467 2292 et
1516 2222 2047 2292 deuastacionem
2079 2221 2657 2310 Theutuuicorum,

397 2351 477 2399 ac
508 2352 695 2401 suum
729 2331 1147 2402 infortunium
1181 2351 1296 2400 seu
1326 2337 1804 2419 paupertatem,
1837 2328 1922 2399 de
1952 2329 2481 2419 possessionibus
2513 2332 2651 2401 suis

396 2439 565 2508 dixit
594 2461 667 2509 se
698 2439 1064 2529 dissipasse
1096 2439 1282 2507 iuxta
1312 2439 1526 2524 Regni
1559 2439 2109 2525 consuetudinem,
2151 2440 2324 2508 sicut
2353 2460 2495 2510 mos
2527 2439 2651 2510 ruit

394 2548 480 2614 ab
531 2548 821 2636 antiquo,
873 2569 989 2637 pro
1021 2547 1175 2617 dote
1207 2567 1288 2614 ac
1339 2546 1670 2634 dotalicijs
1724 2554 1786 2615 et
1836 2548 2028 2615 rebus
2079 2566 2299 2616 secum
2349 2546 2652 2619 adductis

392 2656 652 2724 domine
688 2659 916 2725 matris
949 2676 1086 2742 sue,
1122 2656 1360 2742 quibus
1392 2655 1536 2744 ipse
1567 2654 1729 2723 dare
1760 2657 2120 2741 tenebatur,
2154 2657 2416 2744 penitus
2447 2657 2647 2725 nichil

390 2783 464 2831 se
517 2762 779 2832 dedisse
812 2762 1202 2849 affirmauit,
1256 2762 1375 2829 sed
1406 2772 1759 2849 antequam
1807 2764 1874 2831 iu
1912 2764 2150 2831 faciem
2192 2764 2440 2850 judicis
2490 2765 2649 2854 legi·

390 2873 547 2941 time
580 2872 930 2942 conuenire
983 2871 1362 2940 debuissent
1395 2893 1476 2939 ex
1509 2873 1921 2960 beneplacito
1975 2873 2233 2942 domine
2268 2875 2497 2943 matris
2528 2894 2647 2946 sue

387 2981 574 3048 iuxta
625 2978 1112 3047 ordinacionem
1166 2984 1229 3045 et
1280 2978 1828 3065 composicionem
1881 2978 2241 3067 Baronum,
2306 2980 2463 3066 quia
2508 2982 2646 3050 filia

384 3090 629 3159 sororis
660 3090 859 3174 Regis
890 3089 1148 3156 Andree
1181 3109 1326 3157 esse
1359 3088 1873 3174 dinosscebatur,
1910 3089 1991 3155 ob
2027 3090 2148 3156 hoe
2179 3088 2492 3159 dotalicia
2522 3110 2644 3159 sua

382 3207 449 3265 et
479 3219 587 3266 res
621 3217 842 3266 secum
875 3193 1195 3266 adductas
1227 3202 1294 3265 in
1326 3218 1505 3282 auro,
1559 3205 1853 3283 argento,
1889 3199 2163 3283 gemmis
2199 3205 2262 3266 et
2303 3199 2642 3288 preciosis·

379 3304 562 3373 simis
593 3304 950 3393 lapidibus,
1004 3327 1082 3373 ac
1117 3305 1345 3390 viginti
1381 3306 1602 3393 capita
1655 3305 1984 3374 hominum
2033 3304 2307 3394 predicti
2347 3305 2639 3380 Barones

377 3434 505 3480 vna
538 3435 681 3481 cum
712 3414 1043 3482 nobilibus
1077 3414 1289 3500 Regni
1323 3414 1410 3481 ad
1446 3415 1736 3483 ualorem
1769 3416 1950 3482 mille
1973 3435 2338 3484 marcarum
2371 3418 2638 3487 extima·

377 3527 544 3588 runt.
598 3521 724 3603 Qui
757 3521 930 3589 idem
964 3524 1197 3590 Comes
1231 3522 1462 3591 Buken
1515 3543 1991 3608 recognoscens
2024 3545 2117 3610 se,
2171 3524 2347 3612 quod
2378 3525 2463 3595 de
2496 3548 2636 3615 pro·

378 3629 541 3716 prijs
575 3629 713 3696 suis
744 3634 996 3695 tantam
1029 3647 1348 3696 summam
1379 3632 1674 3716 pecunie,
1711 3631 1885 3699 unde
1904 3634 2178 3718 soluere,
2212 3654 2341 3700 nou
2376 3632 2634 3702 babuis-

373 3746 513 3824 set;
567 3746 843 3823 quatuor
881 3739 1074 3806 villas
1122 3758 1277 3807 suus
1308 3740 1540 3829 Kurth‚
1572 3741 1779 3827 Paka,
1814 3741 1994 3809 Beke
2027 3750 2094 3810 et
2134 3742 2636 3812 Gbuturtukhel·

376 3847 554 3934 wigy
588 3854 900 3932 wocatas,
952 3866 1096 3913 cum
1130 3847 1430 3915 omuibus
1464 3846 1856 3915 Vtilitatibus
1910 3849 2043 3919 suis
2082 3850 2168 3942 ad
2219 3852 2402 3939 ipsas
2441 3851 2631 3939 perti·

370 3957 622 4043 neueijs
672 3956 741 4022 in
796 3955 1157 4024 Chollokuz
1210 3955 1613 4041 adiacentes,
1667 3964 1980 4044 exceptas
2031 3967 2095 4025 et
2147 3967 2488 4047 exemptas
2545 3962 2631 4028 ab

369 4063 543 4131 omni
593 4062 1019 4130 iuridiccione
1071 4072 1496 4148 cognatorum
1532 4084 1795 4132 suorum
1827 4071 1893 4131 et
1941 4066 2446 4152 generacionum
2480 4088 2626 4137 sua-

372 4192 534 4258 rum,
569 4171 833 4239 domine
864 4170 1095 4239 matris
1129 4192 1247 4240 sue
1288 4173 1591 4258 superius
1624 4178 1938 4241 annotate
1973 4173 2139 4241 dixit
2179 4195 2251 4243 se
2296 4175 2626 4263 statuisse,

367 4287 434 4349 et
463 4278 692 4348 statuit
740 4300 958 4348 coram
990 4280 1182 4348 nobis
1214 4279 1283 4347 iu
1333 4286 1719 4368 perpetuum
1754 4287 1818 4347 et
1852 4283 2371 4351 irreuocabiliter
2418 4284 2626 4371 possi-

365 4386 647 4457 dendam
686 4385 880 4475 (igy).
929 4388 1032 4454 Ita
1065 4395 1302 4475 tamen,
1357 4387 1533 4473 quod
1568 4408 1647 4455 ne
1682 4408 1995 4476 processu
2043 4396 2402 4479 temporum
2451 4388 2624 4459 idem

365 4495 598 4567 Comes
631 4494 863 4564 Buken
896 4496 1118 4580 aliquo
1158 4498 1449 4583 maligno
1481 4496 1816 4582 instinctu,
1871 4516 1991 4564 nec
2023 4499 2138 4587 filij
2174 4499 2299 4584 sui,
2350 4518 2471 4567 nec
2502 4500 2621 4589 filij

364 4605 665 4692 filiorum,
719 4626 874 4694 ymo
907 4625 1027 4673 nec
1058 4605 1263 4691 aliqui
1313 4605 1398 4675 de
1428 4606 1972 4692 generaciouibus
2022 4606 2157 4675 suis
2192 4607 2453 4676 racione
2482 4628 2623 4697 pre·
