3359 5250
1437 335 1570 400 389

376 529 587 597 tulum
621 532 707 599 ad
740 534 972 600 Sedem
1006 533 1216 620 ipsam
1248 533 1566 609 habentes
1589 550 1940 615 recursum,
1989 531 2200 598 felicis
2239 532 2624 602 recordatio-

376 635 483 702 nis
515 639 567 703 I.
601 640 785 726 Pape
815 640 1296 727 predecessoris
1329 639 1534 707 nostri
1567 639 1654 706 ad
1683 646 1749 705 te
1780 638 2031 706 litteras
2062 639 2510 726 impetrarunt,
2561 646 2631 708 ut

379 745 699 831 inquisita
732 747 815 814 de
846 746 1034 815 modo
1069 746 1428 832 electionis,
1469 746 1848 831 eligentium
1888 746 2142 833 studiis,
2176 754 2243 815 et
2273 749 2464 816 electi
2497 769 2626 816 me-

373 853 522 923 ritis
552 854 932 940 diligentius
969 855 1267 940 veritate,
1321 854 1705 924 electionem
1736 857 1972 942 ipsam,
2028 858 2084 923 si
2116 877 2262 925 eam
2300 858 2625 925 inveneris

374 961 457 1029 de
487 982 770 1049 persona
820 963 1060 1033 idonea
1092 965 1403 1031 canonice
1450 965 1869 1049 celebratam,
1922 985 2052 1034 non
2103 966 2405 1035 obstante
2438 984 2626 1032 vaca-

374 1071 558 1140 tione
586 1071 840 1141 diutina
872 1073 1168 1159 predicte
1197 1073 1515 1157 Ecclesie,
1554 1094 1680 1160 que
1709 1093 1986 1141 vacasse
2015 1095 2131 1161 per
2162 1076 2292 1143 XX
2324 1095 2533 1143 annos
2562 1081 2627 1142 et

375 1179 662 1266 amplius
714 1179 1120 1267 credebatur,
1173 1182 1553 1251 confirmare
1602 1201 1890 1251 curares.
1943 1182 2075 1249 Sed
2123 1189 2195 1251 tu
2243 1203 2324 1251 ex
2373 1203 2450 1252 eo
2482 1182 2625 1252 solo

371 1287 758 1357 electionem
811 1289 1195 1359 confirmare
1229 1289 1538 1359 differens
1588 1288 2052 1378 supradictam,
2085 1289 2261 1377 quod
2290 1292 2360 1358 in
2396 1288 2590 1359 huius

371 1396 549 1465 modi
598 1396 832 1466 litteris
881 1398 1366 1487 predecessoris
1415 1398 1624 1487 ipsius
1673 1399 1805 1466 XX
1855 1419 2173 1467 annorum
2225 1406 2290 1466 et
2340 1398 2621 1487 amplius
2676 1435 2731 1495 -Χ

374 1505 672 1592 spacium
704 1508 1088 1593 ponebatur,
1140 1526 1287 1574 cum
1317 1506 1436 1574 tibi
1482 1507 1675 1593 plene
1707 1506 2088 1591 constiterit,
2139 1507 2315 1594 quod
2342 1527 2460 1595 per
2492 1527 2623 1574 am-

373 1614 602 1701 plioris
631 1615 944 1703 temporis
975 1616 1257 1703 spatium
1289 1616 1591 1684 Ecclesia
1620 1616 1957 1683 vacaverit
1985 1622 2364 1701 memorata,
2399 1634 2624 1703 super-

375 1724 607 1793 sedisti
637 1725 953 1793 hactenus
974 1724 1238 1812 negotio
1265 1723 1660 1812 supradicto.
1700 1724 1923 1804 Quare
1954 1724 2229 1813 predicti
2249 1723 2621 1811 Capitulum

368 1832 561 1915 nobis
610 1832 937 1900 humiliter
986 1832 1472 1920 supplicarunt,
1525 1839 1594 1900 ut
1642 1832 1985 1918 providere
2034 1830 2201 1919 ipsis
2254 1851 2450 1918 super
2495 1832 2623 1901 hoc

372 1946 654 2028 paterna
702 1940 1142 2010 sollicitudine
1192 1960 1585 2009 curaremus.
1636 1940 1952 2008 Nolentes
1986 1939 2202 2026 igitur,
2253 1939 2424 2026 quod
2471 1939 2620 2025 ipsa

368 2048 670 2117 Ecclesia
726 2043 994 2137 propter
1043 2049 1453 2118 vacationem
1504 2048 1876 2117 diuturnam
1938 2048 2006 2115 in
2056 2046 2504 2135 spiritualibus
2553 2054 2621 2115 et
2741 2121 2747 2125 ,

370 2156 845 2244 temporalibus
875 2177 1082 2245 graue
1128 2156 1541 2245 dispendium
1580 2156 1887 2243 patiatur,
1937 2153 2341 2240 mandamus,
2393 2163 2615 2240 quate-

371 2286 516 2351 nus,
550 2268 607 2336 si
639 2274 740 2336 est
768 2267 883 2354 ita,
935 2266 1058 2335 boc
1093 2288 1225 2336 non
1256 2267 1559 2336 obstante
1607 2266 1963 2352 predictum
1995 2267 2062 2333 S.
2105 2263 2617 2352 Archipresbite·

365 2396 531 2459 rum,
581 2376 638 2444 si
672 2384 853 2447 tanto
904 2384 1222 2462 congruat
1268 2374 1449 2444 oneri
1484 2383 1550 2443 et
1594 2375 1845 2459 honori,
1897 2380 1966 2441 et
1996 2373 2178 2443 aliud
2225 2373 2609 2442 canonicum

368 2505 501 2551 non
519 2485 819 2572 obsistat,
842 2486 1231 2554 auctoritate
1260 2491 1487 2553 nostra
1504 2485 1808 2571 preficias
1828 2484 2044 2552 eidem
2060 2483 2356 2553 Ecclesie
2371 2483 2439 2551 in
2460 2482 2607 2570 Epi·

367 2613 639 2682 scopum
669 2600 737 2663 et
764 2599 1109 2682 pastorem.
1142 2598 1383 2664 Datum
1403 2594 1685 2681 Neapoli
1719 2594 1864 2662 XII.
1897 2591 2224 2662 kalendas
2242 2591 2611 2679 Februarij,

361 2704 787 2773 Pontificatus
815 2703 1022 2774 nostri
1054 2726 1226 2774 anno
1263 2705 1494 2793 primo.

361 2921 628 2988 (Theiner
651 2906 915 2990 Agostom
939 2924 1143 2976 Vetera
1157 2924 1512 2977 Monumenta
1535 2922 1820 2975 Slavorum
1839 2919 2270 2973 Meridionalinm
2292 2922 2335 2971 Ι.
2363 2920 2415 2971 k.
2436 2921 2524 2973 82.
2547 2916 2609 2985 l.)

1233 3231 1546 3239 mmm..---
1617 3232 1643 3236 -.
1663 3231 1743 3238 *ι-

1411 3711 1566 3781 277.

347 3913 392 3978 I
407 3913 479 3977 V.
513 3913 775 3979 Sdndor
821 3919 1001 4001 pdpa
1030 3913 1295 3979 Lb'rincz
1329 3919 1585 3980 czere'mi
1622 3920 1878 4002 pre'post
1923 3915 2216 3978 szdmcira
2264 3907 2606 3993 meyerositi

353 4021 570 4086 Oliver
597 4024 856 4087 ueremi
889 4020 1250 4109 piiapb'knek
1279 4021 1529 4088 Draech
1559 4023 1823 4088 birtokdt
1867 4020 2175 4106 tcirqyazo'
2204 4014 2601 4100 adomdnydt.

1383 4130 1578 4199 1255.

564 4323 945 4392 Alexander
973 4323 1341 4412 Episcopus
1391 4343 1618 4393 servus
1649 4343 1979 4391 servorum
2012 4320 2136 4388 Dei
2189 4318 2426 4388 dilecto
2466 4316 2602 4386 filio

347 4429 708 4500 Laurentio
751 4431 1089 4518 Prepesito
1134 4431 1431 4500 Ecclesie
1466 4431 1691 4501 Sancti
1722 4428 1959 4498 Yrenei
2000 4425 2400 4514 syrmiensis
2429 4425 2600 4494 salu·

343 4548 479 4607 tem
514 4545 582 4606 et
614 4536 1064 4626 Apostolicam
1113 4538 1645 4607 benedictionem.
1698 4537 1859 4606 Cum
1889 4536 2106 4620 igitur,
2158 4533 2325 4601 sieut
2368 4529 2601 4621 petitio

338 4656 458 4715 tua
491 4647 681 4715 nobis
701 4648 1005 4733 exposita
1027 4650 1423 4737 continebat,
1456 4648 1846 4717 venerabilis
1876 4645 2075 4713 frater
2094 4648 2312 4714 noster
2332 4640 2602 4733 Episco-
