3359 5250
1299 439 1512 538 ,μ’

323 631 434 696 bio
487 633 857 702 medietatis
911 636 1081 702 dicte
1134 642 1306 702 terre
1357 655 1486 721 sue,
1541 636 1955 703 medietatem
2009 636 2346 704 cuiusdam
2404 645 2575 708 terre

321 740 540 810 Castri
573 746 779 812 nostri
811 744 1212 812 Hunthensis
1243 748 1424 830 Saag
1454 752 1706 829 uocate,
1757 744 1933 810 circa
1971 743 2239 811 fluuium
2273 744 2575 833 Corpona

326 848 714 938 adiacentis,
768 872 964 938 quam
994 852 1187 921 homo
1219 858 1438 920 noster
1469 852 1633 920 dixit
1663 851 1752 918 ad
1783 857 1929 920 octo
1968 859 2191 919 aratra
2221 854 2576 945 essqsuffi-

319 959 614 1045 cientem,
655 965 720 1024 et
749 959 837 1027 ad
868 967 1159 1028 nostram
1208 959 1636 1027 collacionem
1669 960 1924 1035 dejure
1954 965 2380 1048 spectantem,
2428 981 2575 1029 cum

321 1062 574 1132 eisdem
598 1067 810 1153 metis,
845 1067 1160 1152 terminis,
1192 1066 1588 1134 utilitatibus
1609 1076 1675 1134 et
1704 1066 2127 1154 pertinencijs
2146 1070 2304 1153 suis,
2337 1069 2573 1151 quibus

322 1172 412 1239 ad
445 1192 565 1241 nos
596 1175 989 1260 pertinebat,
1024 1174 1273 1258 absque
1305 1174 1610 1262 porcione
1640 1181 2071 1260 cognatorum
2101 1195 2385 1261 suorum,
2438 1184 2572 1245 tam

320 1279 467 1366 sibi,
499 1300 696 1365 quam
728 1283 866 1350 eius
898 1281 1268 1369 heredibus,
1299 1282 1742 1367 heredumque
1775 1303 2038 1352 suorum
2069 1286 2576 1372 suecessoribus,

323 1387 647 1475 dedimus,
702 1389 1088 1457 donauimus
1135 1396 1202 1456 et
1231 1390 1645 1475 contulimus,
1693 1390 1833 1458 iure
1868 1397 2187 1479 perpetuo
2236 1399 2304 1460 et
2338 1394 2575 1461 irreuo·

322 1494 623 1564 cabiliter
654 1498 743 1565 ad
772 1498 1142 1566 habendum
1174 1504 1242 1564 et
1270 1497 1489 1582 quiete
1533 1498 2015 1586 possidendum,
2068 1521 2113 1566 a
2139 1501 2399 1568 nemine
2430 1521 2570 1569 suc-

321 1621 584 1672 cessore
635 1611 854 1674 nostre
884 1606 1310 1692 posteritatiS,
1363 1626 1481 1674 scu
1514 1607 1813 1691 aliorum,
1864 1613 2015 1694 post
2043 1608 2341 1695 elapsum
2390 1608 2571 1693 longi

322 1713 636 1798 temporis
658 1713 897 1798 aliquis
920 1712 1094 1802 (igy)
1117 1713 1539 1800 repetendam
1558 1722 1673 1781 aut
1693 1713 2165 1799 requirendam.
2196 1717 2335 1784 Nos
2355 1722 2572 1783 autem

319 1817 590 1905 insuper
607 1820 821 1905 Regia
850 1820 1098 1888 inducti
1119 1820 1549 1908 benignitate,
1582 1822 1734 1888 visa
1753 1828 1822 1888 et
1850 1822 2115 1907 cognita
2130 1823 2342 1908 ipsius
2359 1830 2571 1909 grata,

322 1933 390 1993 et
422 1947 665 2013 magna
691 1927 1026 2013 fidelitate,
1060 1948 1256 2013 quam
1288 1928 1480 1997 nobis
1511 1929 1771 2016 prebuit
1801 1929 1868 1995 in
1901 1929 2027 1997 hac
2053 1936 2276 2017 parte;
2321 1938 2387 1998 et
2415 1931 2574 2015 quia

321 2040 505 2101 tante
557 2035 895 2103 fidelitatis
946 2037 1372 2105 exhibitorem
1404 2038 1683 2122 Regiam
1734 2036 1920 2103 decet
1964 2037 2374 2105 Maiestatem
2426 2039 2571 2105 dili·

325 2159 487 2223 gere
518 2148 585 2207 et
613 2160 1063 2226 remunerare3
1113 2140 1563 2226 supradictum
1593 2141 1857 2208 Petrum
1886 2148 1953 2208 et
1989 2163 2214 2212 omnes
2245 2164 2572 2215 successo·

322 2266 431 2314 res
464 2268 584 2315 sue
615 2249 1018 2335 posteritatis
1050 2250 1426 2337 excepimus
1458 2257 1523 2318 et
1552 2251 1913 2318 exemimus
1944 2272 1988 2318 a
2016 2253 2294 2321 seruicio
2325 2261 2392 2321 et
2423 2275 2570 2323 con-

324 2356 584 2425 dicione
622 2358 1092 2444 jobagionatus
1144 2358 1357 2426 Castri
1409 2358 1615 2425 nostri
1669 2359 2072 2427 Hunthensis
2092 2410 2111 2445 ,
2172 2360 2571 2449 collocando,

323 2465 778 2534 constituendo
811 2472 876 2533 et
906 2465 1266 2535 ordinando
1296 2466 1512 2553 ipsum
1545 2473 1612 2533 et
1640 2466 1785 2534 eius
1808 2465 2102 2553 heredes,
2135 2467 2573 2555 heredumque

323 2591 738 2643 successores
788 2572 857 2640 in
906 2572 1255 2659 collegium
1304 2577 1372 2641 et
1401 2592 1736 2644 numerum
1780 2574 2125 2663 Regalium
2175 2575 2571 2646 seruientum

321 2681 498 2768 (igy)
531 2688 914 2765 nostrorum,
945 2681 1032 2749 ad
1062 2691 1354 2750 nostram
1385 2680 1759 2768 recipiendo
1792 2682 2083 2765 graciam
2114 2692 2182 2751 et
2216 2686 2570 2769 proteccio-

321 2812 477 2859 nem
519 2791 894 2877 specialem.
947 2791 1023 2856 In
1055 2790 1241 2857 cuius
1271 2795 1439 2856 terre
1488 2790 1970 2876 possessionem
2010 2790 2283 2859 eundem
2313 2791 2574 2860 Petrum

319 2918 442 2986 per
490 2897 800 2967 dilectum
849 2908 915 2966 et
944 2898 1203 2965 fidelem
1233 2896 1559 2967 hominem
1611 2903 1901 2966 nostrum
1939 2898 2325 2982 Magistrum
2372 2900 2570 2987 Bach,

322 3007 721 3075 auctoritate
752 3007 967 3093 Regia
995 3006 1266 3073 fecimus
1298 3004 1642 3075 introduci.
1692 3003 1892 3072 Cuius
1922 3005 2134 3092 prima
2162 3012 2229 3073 et
2269 3006 2573 3094 capitalis

323 3121 504 3183 meta
532 3115 877 3184 inchoatur
923 3115 1044 3183 sub
1077 3115 1367 3182 scissura
1398 3113 1737 3182 cuiusdam
1772 3113 2009 3212 montis
2044 3111 2434 3199 Hradyscha
2461 3134 2571 3182 uo·

324 3225 483 3310 cati,
515 3223 628 3291 ubi
661 3230 763 3290 est
795 3223 1005 3292 eciam
1036 3223 1172 3290 alia
1203 3215 1381 3290 meta
1411 3223 1706 3291 Ecclesie
1738 3222 1821 3291 de
1852 3221 2053 3307 Saag,
2102 3222 2308 3289 tercia
2336 3220 2572 3292 vduor·

321 3334 661 3417 nieorum3
695 3329 933 3398 deinde
965 3330 1262 3417 procedit
1290 3349 1491 3418 supra
1520 3348 1750 3397 uersus
1780 3329 2148 3415 aquilonem
2184 3330 2310 3398 sub
2346 3330 2576 3399 eodem

323 3447 566 3526 monte,
613 3459 731 3527 per
760 3440 1053 3526 spacium
1086 3439 1359 3506 duarum
1385 3438 1794 3524 sagittarum,
1842 3444 1908 3505 et
1937 3437 2029 3505 ibi
2069 3444 2171 3505 est
2200 3456 2331 3505 una
2360 3444 2573 3525 meta3

322 3555 563 3636 postea
609 3546 841 3615 circuit
886 3544 1161 3613 eundem
1214 3551 1495 3614 montem
1528 3565 1647 3632 per
1685 3544 2015 3631 quoddam
2062 3542 2400 3628 fossatum,
2453 3564 2576 3630 que

324 3657 565 3725 dicitur
612 3654 795 3725 fossa
843 3655 1241 3740 gigancium,
1297 3661 1362 3721 et
1391 3653 1460 3719 in
1493 3652 1709 3740 capite
1759 3652 1934 3719 illius
1966 3651 2201 3720 fossati
2252 3658 2401 3718 sunt
2450 3651 2578 3720 due

322 3772 535 3851 mete;
589 3762 829 3831 abhinc
878 3760 1219 3830 descendit
1269 3762 1353 3828 de
1400 3759 1658 3828 eodem-
1676 3766 1896 3829 moute
1952 3759 2194 3828 directe
2243 3759 2330 3828 ad
2378 3779 2579 3828 unum

322 3876 563 3957 locum,
596 3872 663 3937 in
698 3891 825 3955 quo
857 3868 1043 3937 uadit
1076 3890 1294 3957 supra,
1330 3876 1396 3937 et
1427 3869 1661 3936 circuit
1696 3889 1894 3937 unum
1925 3873 2209 3956 pratum,
2257 3873 2322 3935 et
2352 3865 2421 3934 in
2452 3869 2581 3935 fine

320 3980 503 4048 illius
551 3977 726 4065 prati
756 3984 860 4045 est
890 3983 1096 4063 meta3
1145 3977 1416 4063 posthec
1447 3975 1633 4045 uadit
1684 3976 1772 4043 ad
1810 3975 2139 4059 quendam
2186 3971 2582 4041 uelociorem

322 4094 587 4175 portum
618 4085 801 4172 fluuij
835 4086 1156 4173 Coi-pona,
1204 4092 1272 4153 et
1301 4085 1395 4151 ibi
1425 4085 1682 4169 transit,
1732 4090 1799 4152 et
1828 4082 2017 4150 iuxta
2045 4102 2245 4149 unam
2277 4080 2453 4147 viam
2484 4090 2583 4150 est

323 4201 539 4281 meta;
593 4200 659 4260 et
688 4214 805 4280 per
856 4193 1132 4260 eandem
1164 4193 1340 4260 viam
1390 4193 1576 4260 uadit
1605 4213 1809 4279 supra
1856 4211 2087 4259 uersus
2137 4189 2450 4256 orientem
2494 4188 2583 4255 ad

323 4320 642 4386 magnam
671 4302 868 4388 viam,
920 4320 1046 4386 que
1077 4300 1256 4367 venit
1285 4300 1369 4369 de
1402 4300 1600 4388 Saag,
1651 4301 1839 4367 iuxta
1869 4318 2066 4382 quam
2098 4303 2199 4364 est
2228 4316 2363 4363 una
2408 4301 2582 4362 meta

324 4413 499 4478 inter
532 4428 778 4496 paruas
810 4408 1077 4496 spinas;
1112 4408 1346 4474 deinde
1380 4405 1677 4475 ascendit
1708 4427 1824 4494 per
1855 4406 2152 4492 spacium
2185 4404 2377 4471 unius
2398 4404 2582 4488 juge-

327 4519 441 4604 ris,
475 4526 542 4586 et
571 4517 870 4587 similiter
899 4517 1068 4586 inter
1098 4519 1322 4604 spinas
1353 4524 1455 4586 est
1484 4523 1697 4602 mcta3
1748 4515 2018 4604 posthec
2047 4514 2233 4581 uadit
2268 4513 2357 4579 ad
2385 4529 2585 4596 quan-

327 4627 482 4693 dam
515 4627 817 4693 arborem
847 4624 989 4709 piri,
1023 4624 1147 4692 sub
1179 4643 1311 4709 qua
1339 4630 1439 4692 est
1470 4643 1602 4691 una
1633 4630 1807 4690 meta
1835 4621 2010 4688 circa
2040 4639 2346 4704 magnam
2367 4617 2586 4702 viam3

330 4732 570 4800 deinde
601 4731 802 4799 intrat
831 4732 1068 4800 siluam
1102 4753 1218 4819 per
1249 4731 1571 4801 modicum
1604 4731 1896 4817 spacium
1927 4728 2015 4795 ad
2043 4726 2375 4813 quandam
2407 4725 2585 4792 arbo·

2121 4845 2200 4903 27
2227 4844 2257 4878 *
