3359 5250
1811 350 1942 422 366

749 554 993 618 sterum
1019 549 1463 619 sollicitudine
1496 548 1842 639 providere
1862 551 2178 635 volentes,
2208 550 2601 619 auctoritate
2621 549 3009 638 Apostolica

747 657 1188 744 prohibemus,
1235 667 1306 728 ut
1335 659 1508 727 infra
1538 659 1883 729 clausuras
1935 660 2242 746 locorum,
2295 679 2412 729 seu
2446 658 2870 747 grangiarum
2903 681 3009 729 ve-

744 773 1027 834 strarum
1063 768 1278 837 nullus
1309 767 1610 856 rapinam
1643 769 1786 836 sive
1816 768 2056 836 furtum
2088 768 2329 853 facere,
2380 770 2602 854 iguem
2649 788 3004 856 apponere,

746 875 1133 962 sanguinem
1164 876 1452 964 fundere,
1507 876 1836 946 hominem
1868 884 2111 945 temere
2160 868 2418 963 capere,
2475 877 2579 975 vel
2616 876 3005 959 interficere,

745 1003 865 1052 seu
896 985 1271 1053 violentiam
1306 986 1548 1054 audeat
1578 1005 1906 1055 exercere.
1957 986 2266 1053 Preterea
2298 983 2766 1071 exemptiones,
2814 985 3002 1051 liber-

745 1099 913 1160 tates
947 1102 1012 1161 et
1044 1092 1505 1182 immunitates,
1550 1115 1593 1161 a
1623 1094 2196 1182 predecessoribus
2229 1096 2469 1162 nostris
2489 1093 2803 1161 Romanis
2833 1096 3005 1162 Pon·

744 1201 1025 1270 tificibus
1059 1203 1458 1271 Monasterio
1509 1208 1727 1271 vestro
1777 1222 2143 1288 concessas,
2206 1222 2329 1269 nec
2366 1222 2497 1270 non
2549 1201 2886 1270 libertates
2936 1208 3005 1270 et

743 1313 1191 1396 exemptiones
1224 1311 1612 1378 secularium
1646 1312 2062 1380 exactionum
2095 1332 2138 1378 a
2157 1310 2445 1397 Regibus
2478 1318 2546 1377 et
2564 1309 2999 1397 Principibus,

747 1419 857 1484 vel
889 1418 1039 1486 aliis
1070 1420 1371 1488 fidelibus
1403 1419 1764 1489 liberaliter
1792 1418 1982 1489 vobis
2017 1418 2327 1507 indultas,
2365 1419 2752 1506 Apostolica
2781 1426 3006 1487 aucto·

746 1527 940 1595 ritate
988 1528 1468 1616 confirmamus,
1521 1534 1586 1597 et
1618 1529 1940 1616 presentis
1974 1528 2204 1616 scripti
2254 1527 2604 1614 privilegio
2654 1529 3007 1596 commuui-

746 1655 910 1703 mus.
943 1637 1367 1706 Decernimus
1399 1659 1554 1724 ergo
1586 1646 1659 1706 ut
1691 1638 1854 1705 nulli
1885 1637 2147 1707 omnino
2180 1637 2514 1705 hominum
2562 1637 2758 1704 liceat
2790 1636 3005 1723 prefa-

742 1750 877 1812 tum
927 1745 1393 1813 Monasterium
1440 1751 1684 1814 temere
1736 1746 2139 1832 perturbare,
2194 1752 2309 1811 aut
2355 1746 2495 1832 ejus
2549 1745 3004 1831 possessiones

747 1852 1025 1938 auferre,
1078 1852 1181 1920 vel
1213 1853 1473 1921 ablatas
1506 1852 1808 1939 retinere,
1861 1853 2148 1921 minuere
2186 1873 2301 1921 seu
2354 1852 2757 1936 quibuslibet
2804 1872 2993 1919 vexa-

748 1961 1035 2029 tionibus
1087 1961 1463 2048 possidere3
1516 1961 1634 2029 sed
1667 1962 1889 2030 omnia
1937 1961 2195 2048 integra
2241 1968 2706 2032 conserventur
2753 1980 3002 2045 eorum,

745 2088 862 2156 pro
896 2091 1171 2154 quorum
1202 2071 1678 2156 gubernatione
1711 2091 1790 2138 ac
1811 2073 2287 2140 sustentatione
2320 2090 2636 2140 concessa
2665 2078 2837 2156 suut,
2871 2070 3003 2137 usi·

748 2179 873 2246 bus
923 2178 1314 2247 omnimodis
1362 2179 1740 2267 profutura,
1806 2180 1997 2247 salva
2044 2178 2235 2247 Sedis
2285 2179 2665 2265 Apostolice
2727 2180 2977 2248 auctori

742 2294 903 2373 tate,
930 2294 995 2354 et
1025 2287 1379 2356 Diocesani
1409 2288 1721 2375 Episcopi
1755 2288 2075 2355 canonica
2097 2288 2379 2374 justitia.
2434 2287 2506 2354 Si
2539 2309 2670 2372 qua
2701 2289 2900 2374 igitur
2933 2288 2997 2356 iu

746 2399 1033 2464 futurum
1082 2394 1534 2464 ecclesiastica
1583 2396 2031 2482 secularisque
2062 2417 2345 2482 persona
2394 2398 2562 2465 hanc
2595 2408 2819 2466 nostre
2851 2419 2999 2467 con·

742 2504 1098 2573 stitutionis
1130 2505 1443 2590 paginam
1489 2505 1725 2590 sciens,
1760 2513 1986 2573 contra
2018 2525 2160 2573 eam
2194 2513 2438 2573 temere
2472 2507 2693 2575 venire
2726 2512 2997 2594 tempta·

747 2611 934 2699 verit,
970 2619 1035 2682 et
1067 2611 1376 2701 secundo,
1411 2613 1699 2682 terciove
1733 2614 2146 2700 commonita,
2186 2613 2316 2682 nisi
2347 2622 2598 2683 reatum
2630 2636 2819 2685 suum
2851 2636 2999 2683 con·

744 2741 909 2807 grua
941 2719 1393 2787 satisfactione
1425 2705 1801 2804 correxerit,
1837 2721 2182 2809 potestatis
2213 2721 2607 2807 honorisque
2638 2722 2741 2789 sui
2774 2731 2999 2791 careat

744 2829 1089 2914 dignitate,
1124 2847 1431 2913 reamque
1453 2847 1525 2895 se
1547 2827 1788 2897 Divino
1801 2828 2050 2914 judicio
2083 2829 2366 2897 existere
2386 2829 2468 2895 de
2489 2839 2864 2917 perpetrata
2885 2832 2999 2899 ini-

744 2938 994 3022 quitate
1025 2943 1398 3021 cognoscat,
1429 2942 1492 3005 et
1524 2957 1567 3004 a
1595 2936 2053 3005 Sacratissimo
2076 2936 2361 3025 Corpore
2394 2945 2460 3004 et
2495 2940 2848 3023 Somguine
2869 2941 2997 3006 Dei

744 3052 811 3114 et
839 3046 1104 3114 Domini
1125 3044 1581 3131 Redemptoris
1604 3043 1811 3113 nostri
1834 3046 1994 3113 Jesu
2018 3045 2258 3113 Christi
2292 3046 2514 3114 aliena
2535 3046 2664 3134 fiat,
2701 3055 2898 3133 atque
2932 3050 2999 3115 in

749 3160 1036 3224 extremo
1070 3154 1371 3222 examine
1391 3152 1686 3221 districte
1716 3153 2055 3221 subiaceat
2086 3152 2333 3220 ultioni.
2367 3153 2632 3222 Cunctis
2653 3163 2873 3223 autem
2908 3157 2999 3225 ei·

743 3263 892 3330 dem
913 3262 1055 3330 loco
1067 3282 1189 3330 sua
1199 3263 1353 3348 jura
1372 3261 1787 3329 servantibus
1808 3263 1895 3330 sit
1913 3282 2045 3349 pax
2059 3261 2318 3331 Domini
2340 3262 2541 3329 nostri
2560 3263 2601 3330 J
2604 3283 2719 3331 esu
2734 3262 2996 3352 Christi,

746 3378 1067 3457 quatenus
1100 3377 1166 3437 et
1195 3369 1303 3435 hic
1334 3368 1606 3436 fructum
1641 3369 1810 3439 bone
1848 3368 2126 3437 actionis
2159 3368 2558 3456 percipiant,
2593 3377 2661 3437 et
2692 3371 2872 3459 apud
2907 3373 3001 3440 di-

748 3481 1041 3549 strictum
1063 3478 1355 3565 judicem
1376 3479 1627 3565 premia
1660 3486 1879 3547 eterne
1914 3479 2098 3564 pacis
2130 3478 2480 3546 inveniant.
2514 3479 2743 3548 Amen.
2764 3485 2998 3550 Amen.

962 3591 1104 3675 Ego
1137 3588 1550 3656 Innocentius
1599 3587 1935 3656 Catholice
1967 3587 2259 3655 Ecclesie
2290 3587 2673 3676 Episcopus.

963 3699 1104 3784 Ego
1133 3696 1493 3764 Rainaldus
1527 3696 1869 3783 Ostiensis,
1904 3704 1971 3764 et
2002 3696 2422 3765 Velletrensis
2455 3696 2839 3785 Episcopus.

960 3807 1102 3893 Ego
1132 3808 1505 3893 Stephanus
1536 3806 1960 3875 Prenestiuus
1994 3805 2382 3893 Episcopus.
2640 3897 2647 3906 ‘

957 3917 1097 4002 Ego
1128 3915 1502 4002 Stephanus
1548 3917 1788 3984 Sancte
1826 3915 2031 3982 Marie
2062 3953 2149 3964 —-
2184 3951 2270 3964 —-
2301 3952 2390 3965 -
2421 3951 2509 3966 ——
2542 3924 2612 3986 tt.
2665 3917 3002 3988 Presbiter

742 4025 1131 4096 Cardinalis.

957 4139 1102 4225 Ego
1149 4138 1350 4206 frater
1396 4136 1690 4207 Joanues
1742 4139 1908 4205 tituli
1958 4137 2179 4207 Sancti
2226 4138 2561 4206 Laurentii
2624 4138 2690 4204 in
2744 4136 3001 4207 Lucina

743 4248 1075 4316 Presbiter
1107 4246 1496 4316 Cardinalis.

961 4357 1104 4443 Ego
1126 4357 1328 4425 frater
1347 4360 1540 4444 Hugo
1562 4359 1732 4427 tituli
1746 4360 1984 4426 Sancte
2006 4341 2248 4426 Sabine
2261 4357 2585 4425 Presbiter
2605 4354 2999 4427 Cardinalis.

958 4463 1099 4550 Ego
1134 4464 1452 4533 Ricardus
1486 4467 1711 4532 Sancti
1746 4465 1984 4550 Angeli
2017 4466 2350 4534 Diaconus
2382 4464 2779 4532 Cardinalis.

958 4571 1103 4657 Ego
1154 4572 1553 4643 Octavianus
1601 4576 1842 4642 Sancte
1889 4575 2097 4642 Marie
2145 4573 2212 4640 in
2262 4573 2388 4640 Via
2438 4574 2607 4641 Lata
2656 4572 2999 4642 Diaconus

743 4677 1136 4748 Cardinalis.
