3359 5250
1375 378 1455 444 81

275 567 652 654 patrocinio
700 569 1105 643 roborantes.
1157 574 1402 642 Datum
1432 574 1688 646 Janrini
1739 598 1912 649 anno
1961 583 2049 649 ab
2078 584 2548 658 Inearnacione

279 676 555 745 Domini
584 679 678 745 Μ’
696 677 831 747 00⁰
847 681 1171 749 XXXIX?

375 853 658 925 (Eredetie
682 859 1033 929 borhartyam
1073 865 1300 931 melyrffl
1316 881 1388 930 ‚az
1413 869 1621 936 egykor
1645 866 1819 938 ftiggo'
1842 870 2028 939 pecset
2052 870 2170 925 mar
2194 873 2452 928 elveszett

815 966 850 1002 a
873 953 1264 1018 pannonhalmi
1287 953 1577 1024 foapatsag
1602 956 2020 1026 leveltaraban.)

1147 1238 1678 1251 Ἢ

1358 1722 1469 1791 53.

277 1895 496 1962 Eudo-e
526 1895 1051 1985 orszdybiro'nak‚
1104 1923 1144 1964 α
1176 1903 1386 1968 πάᾱον
1416 1927 1791 1991 uqyanazon
1838 1911 2247 1980 intc'zkcddsdt
2284 1916 2537 2004 helybcn

1073 2005 1284 2096 hayyo'
1309 2013 1533 2077 itc'lsta
1568 2014 1765 2079 1239.

493 2200 794 2268 Andreas
845 2201 1018 2270 filius
1071 2205 1416 2291 Seraphini
1453 2205 1646 2276 Curie
1693 2210 1902 2297 Regie
1931 2213 2149 2284 Judex
2200 2225 2267 2286 et
2303 2219 2538 2308 Comes

280 2309 361 2376 de
389 2310 616 2377 Poson
663 2309 964 2378 omnibus
992 2321 1334 2397 presentes
1361 2312 1616 2384 litteras
1646 2317 2042 2406 inspecturis
2078 2327 2378 2395 salutem.
2431 2329 2537 2397 Ad

278 2419 728 2486 vniuersorum
783 2425 917 2486 tam
966 2422 1375 2508 presencium
1426 2443 1622 2508 quam
1666 2426 2023 2499 futurorum
2052 2435 2350 2505 volumus
2397 2459 2539 2527 per·

279 2528 501 2594 uenire
533 2525 864 2611 noticiam,
913 2529 1088 2612 quod
1119 2549 1263 2596 cum
1297 2531 1563 2615 quidam
1594 2536 1868 2605 clericus
1897 2540 2132 2610 Pouka
2159 2546 2421 2613 nomine
2453 2547 2536 2613 de

277 2634 439 2701 villa
467 2635 745 2719 Kayaar
775 2635 1102 2705 Abbatem
1134 2638 1358 2705 Sancti
1389 2640 1653 2709 Martini
1695 2645 1775 2713 de
1802 2649 2005 2718 Sacro
2036 2652 2255 2721 Monte
2284 2654 2537 2725 Panno·

279 2741 384 2809 nie
415 2741 739 2810 citatum
719 2765 790 2810 m
837 2743 1085 2813 domini
1114 2746 1315 2833 Regis
1348 2749 1622 2817 traxerit
1647 2755 2083 2843 presenciam,
2136 2770 2534 2847 conquestus

283 2859 380 2918 est
408 2850 731 2920 obiiciens
763 2851 995 2936 eidem,
1028 2853 1204 2936 quod
1235 2860 1476 2922 terram
1496 2877 1684 2925 suam
1716 2867 1781 2929 et
1800 2882 2061 2933 suorum
2085 2877 2533 2957 cognatorum,

279 2961 342 3025 in
371 2959 603 3027 eadem
638 2958 800 3026 villa
827 2960 1104 3044 Kayaar
1148 2959 1558 3050 existentem,
1588 2965 1907 3038 violenter
1959 2982 2024 3040 et
2053 2976 2219 3044 citra
2256 2979 2369 3063 jus
2401 2981 2532 3048 sibi

282 3076 659 3154 vsurpatam
687 3065 1024 3150 detineret,
1060 3074 1126 3133 et
1156 3087 1247 3151 se,
1280 3067 1530 3136 scilicet
1558 3072 1774 3158 ipsum
1813 3077 2119 3165 Poucam‚
2172 3091 2237 3151 et
2265 3084 2530 3155 fratrem

279 3195 462 3242 suum
492 3175 667 3242 Pons
697 3176 977 3262 nomine,
1029 3194 1151 3242 nec
1181 3196 1312 3243 non
1343 3176 1553 3264 ipsius
1584 3192 1920 3270 cognatos,
1962 3206 2234 3271 quorum
2268 3196 2534 3264 nomina

277 3291 423 3352 sunt
453 3285 578 3351 hec
601 3307 617 3349 ε
649 3282 1025 3367 Geruasius,
1045 3283 1328 3352 Michael
1361 3292 1425 3354 et
1441 3288 1868 3380 Laurencius‚
1889 3314 2033 3362 cum
2053 3299 2210 3388 filijs
2243 3302 2532 3387 ipsorum

278 3401 502 3460 contra
521 3392 636 3477 jus
667 3393 738 3459 in
786 3390 1237 3459 libertinorum
1275 3393 1475 3461 vellet
1520 3398 1821 3485 redigere
1868 3406 2375 3497 seruitudinem,
2359 3437 2374 3451 ·
2425 3435 2534 3482 vo·

277 3498 492 3566 luntas
544 3504 764 3566 autem
815 3497 1061 3567 domini
1090 3499 1295 3583 Regis
1344 3509 1412 3568 et
1440 3503 1945 3595 circumspeccio
1997 3535 2262 3584 causam
2304 3540 2530 3590 eorun—

278 3604 423 3673 dem
452 3614 681 3674 nostro
713 3605 1038 3674 commisit
1086 3606 1374 3675 examini
1404 3607 1911 3684 discuciendam.
1963 3621 2258 3691 Instante
2304 3626 2528 3713 itaque

278 3714 549 3780 termino
582 3718 649 3778 et
682 3712 796 3779 die
828 3711 1285 3798 respondendi,
1335 3717 1633 3799 partibus
1663 3741 1884 3791 coram
1915 3728 2104 3796 nobis
2137 3733 2524 3821 constitutis,

276 3822 548 3891 Abbas
528 3842 664 3890 lam
697 3818 907 3887 dictus
939 3820 1199 3887 litteras
1230 3821 1677 3908 priuilegiales
1709 3831 2015 3920 Dionysii
2039 3836 2311 3907 Comitis
2341 3842 2526 3910 Pala-

274 3933 388 3999 tini
439 3928 678 4010 attulit,
731 3934 798 3996 et
844 3926 1032 3994 nobis
1082 3927 1432 3997 manifeste
1481 3940 1925 4027 presentauit;
1977 3962 2252 4026 quarum
2303 3955 2526 4018 tenore

273 4041 562 4127 inspecto
608 4035 1103 4121 intelleximus„
1129 4036 1414 4104 Poueam
1464 4041 1774 4112 clericum
1804 4067 1936 4116 vna
1974 4071 2119 4119 cum
2150 4054 2351 4123 fratre
2402 4078 2522 4125 suo

277 4154 341 4212 et
387 4144 686 4231 cognatis
747 4140 1217 4229 prenominatis
1273 4162 1355 4208 ex
1420 4149 1704 4219 euidenti
1773 4162 1836 4221 et
1896 4158 2193 4245 legitima
2250 4164 2528 4249 predicti

275 4254 550 4321 Abbatis
600 4249 1162 4337 comprobacione,
1216 4252 1384 4318 sicut
1415 4275 1497 4321 ex
1547 4260 1794 4327 eisdem
1843 4264 2076 4336 litteris
2122 4272 2354 4358 patuit,
2406 4294 2525 4360 per

274 4363 490 4431 omnia
536 4361 678 4430 fore
731 4358 1135 4441 conuictum,
1190 4369 1253 4425 et
1302 4369 1700 4436 monasterio
1748 4374 1967 4441 Sancti
2022 4379 2282 4447 Martini
2333 4382 2525 4450 simul

272 4491 414 4536 cum
445 4472 648 4537 fratre
700 4474 766 4533 et
797 4466 934 4532 suis
985 4466 1289 4550 cognatis
1337 4466 1471 4537 iam
1505 4472 1698 4544 dictis
1745 4480 2192 4553 libertinorum
2245 4491 2523 4561 seruicio

271 4579 499 4646 merito
550 4577 913 4645 subiacere.
966 4575 1107 4640 Nos
1158 4572 1359 4657 igitur
1406 4580 1643 4650 litteris
1680 4587 1964 4659 Palatini
2016 4593 2306 4679 Comitis,
2359 4600 2527 4667 sicut

273 4686 474 4770 decet,
507 4710 637 4755 non
669 4685 1030 4768 obuiantes,
1084 4682 1203 4749 sed
1234 4683 1441 4770 ipsius
1474 4712 1812 4764 censuram
1844 4701 2064 4771 debito
2096 4707 2324 4775 fauore
2355 4730 2524 4777 com-

358 4825 562 4862 nom.
593 4825 759 4861 nuno.
791 4825 932 4860 ms'r.
972 4828 1042 4838 “⁶
1083 4819 1227 4853 DIPL.
1265 4813 1328 4851 12.
2165 4827 2199 4879 6
