3359 5250
1406 352 1536 451 249

1396 925 1546 995 173.

336 1126 399 1184 A
438 1117 703 1203 za'qrdbi
731 1111 1158 1199 kdptalannak
1196 1109 1738 1197 bizonysdylevelc,
1784 1108 1941 1195 hoyy
1973 1109 2224 1198 Mihdly
2256 1136 2447 1180 comes
2484 1116 2595 1181 Ob·

515 1225 609 1289 ris
638 1228 795 1289 nevit
824 1220 1093 1287 birtokdt
1121 1220 1379 1286 Mdrton
1411 1217 1697 1283 Nezdesa
1711 1218 1935 1302 ficinak
1965 1219 2189 1285 eladta.
2223 1219 2417 1287 1247.

555 1420 929 1507 Capitulum
961 1414 1432 1502 Zagrabiensis
1464 1415 1758 1483 Ecclesie
1788 1414 2084 1483 omnibus
2119 1416 2360 1488 Christi
2396 1421 2597 1490 fideli-

336 1533 458 1598 bus
498 1529 777 1597 salutem
809 1527 878 1594 in
908 1526 1193 1595 omnium
1246 1524 1596 1593 saluatore.
1651 1523 1758 1590 Ad
1787 1525 2237 1594 uniuersorum
2287 1529 2594 1598 noticiam

332 1647 561 1708 tenore
609 1635 1015 1725 presencium
1066 1634 1362 1704 uolumus
1412 1632 1758 1721 peruenire
1778 1685 1796 1718 ,
1849 1634 2020 1718 quod
2069 1636 2455 1706 accedentes
2506 1639 2594 1706 ad

336 1756 628 1817 nostram
660 1744 1065 1833 presenciam
1116 1743 1402 1811 Michael
1434 1740 1672 1809 Comes
1711 1741 1917 1811 frater
1955 1743 2180 1813 Buzad
2211 1747 2478 1816 Comitis
2510 1769 2593 1816 ex

334 1879 466 1925 una
499 1862 707 1946 parte,
763 1860 829 1922 et
876 1854 1194 1922 Martinus
1226 1854 1401 1926 filius
1451 1849 1751 1920 Nezdese
1783 1872 1866 1920 ex
1898 1853 2143 1940 altera3
2194 1862 2592 1942 protestatus

334 1974 433 2035 est
461 1966 639 2034 idem
688 1965 973 2033 Michael
1005 1983 1227 2032 coram
1275 1963 1487 2051 nobis,
1538 1962 1711 2047 quod
1750 1962 2079 2047 quandam
2129 1972 2368 2033 terram
2406 1987 2591 2035 suam

333 2076 602 2146 nomine
636 2072 831 2141 Obris
861 2073 930 2138 in
960 2071 1305 2160 priuilegio
1337 2071 1571 2157 Regali
1602 2072 1723 2139 snb
1742 2071 1926 2139 bulla
1957 2093 2158 2141 aurea
2190 2075 2591 2159 existentem,

332 2188 528 2256 sitam
560 2184 748 2251 iuxta
778 2188 1020 2249 terram
1054 2180 1209 2248 dicti
1259 2180 1547 2265 Martini,
1599 2186 1670 2246 nt
1699 2179 1868 2248 inter
1900 2201 2014 2249 eos
2063 2190 2314 2251 remota
2345 2192 2592 2253 contro-

331 2295 557 2363 uersia
606 2313 739 2381 pax
789 2290 1238 2360 irreuocabilis
1267 2290 1657 2375 firmaretur,
1712 2287 2119 2359 uendidisset
2167 2291 2378 2361 eidem
2428 2294 2591 2360 Mar-

328 2406 468 2471 tino
521 2408 586 2469 et
619 2400 756 2469 suis
788 2398 1140 2467 heredibus
1170 2396 1619 2482 heredumque
1672 2399 2154 2468 successoribus
2207 2422 2325 2486 pro
2357 2401 2589 2486 uiginti

330 2510 569 2580 marcis
634 2507 894 2595 argenti
948 2512 1263 2594 perpetuo
1326 2503 1813 2592 possidendam,
1869 2508 2172 2592 quoniam
2220 2508 2373 2597 ipsa
2420 2518 2592 2578 terra

331 2620 526 2690 Obris
581 2616 958 2707 supradicto
1008 2614 1285 2684 Martino
1326 2614 1493 2683 adeo
1544 2612 1757 2684 fuerat
1788 2618 2183 2707 necessaria,
2238 2626 2308 2687 ut
2339 2621 2480 2688 sine
2510 2640 2592 2689 ea

333 2749 480 2798 esse
514 2727 892 2797 nullatenus
922 2724 1288 2814 potuisset;
1336 2730 1603 2811 totaque
1637 2745 1892 2794 summa
1922 2729 2197 2814 pecunie
2236 2729 2448 2797 eidem
2477 2730 2590 2797 Mi-

329 2839 542 2907 chaeli
568 2856 789 2906 coram
819 2835 1011 2902 nobis
1043 2841 1144 2902 est
1195 2833 1494 2921 plenarie
1548 2835 1923 2922 persoluta3
1974 2836 2069 2905 ita
2118 2845 2359 2924 tamen,
2411 2837 2586 2924 qnod

330 2949 388 3015 si
421 2946 651 3033 aliqua
684 2964 888 3013 causa
918 2951 1145 3013 contra
1174 2944 1388 3031 ipsum
1421 2944 1767 3013 Martinam
1802 2967 1920 3034 pro
1951 2946 2099 3035 ipsa
2131 2953 2586 3034 emergeretnr,

330 3057 504 3124 idem
551 3052 832 3121 Michael
884 3052 1117 3121 Comes
1169 3051 1444 3119 eundem
1492 3053 1843 3121 Martinum
1875 3060 1940 3121 et
1989 3055 2128 3123 eius
2180 3074 2590 3123 successores

334 3167 480 3234 sine
513 3163 797 3250 dampno
832 3159 1182 3228 defendere
1210 3164 1555 3227 teneretur.
1590 3162 1899 3228 Pmterea
1921 3162 1980 3228 si
2010 3181 2323 3248 processu
2347 3169 2590 3249 tempo-

330 3274 423 3341 ris
476 3270 889 3360 supradictus
921 3267 1240 3337 Martinus
1271 3267 1378 3335 vel
1428 3268 1664 3355 aliquis
1696 3289 1959 3338 suorum
2007 3271 2319 3340 heredum
2347 3277 2588 3341 terram

327 3380 763 3470 prescriptam
793 3377 999 3445 uellet
1030 3395 1359 3463 exponere
1389 3376 1780 3465 uendicioni,
1816 3384 1880 3445 et
1913 3379 2173 3466 cognati
2203 3380 2409 3466 ipsius
2458 3403 2589 3451 non

333 3493 646 3573 emerent,
693 3486 857 3554 nulli
887 3491 1199 3553 extraneo
1231 3492 1459 3572 posset
1490 3483 1796 3574 vendere,
1829 3486 1955 3555 nisi
1986 3486 2292 3556 Michaeli
2329 3487 2586 3575 Comiti,

326 3600 381 3669 si
412 3598 602 3666 iuxta
646 3601 890 3664 rectam
945 3593 1437 3663 estimacionem
1486 3596 1689 3664 uellet
1737 3615 2136 3683 comparare.
2187 3596 2384 3666 Cuius
2414 3603 2589 3665 terre

328 3707 543 3795 prima
589 3712 767 3775 meta
797 3706 1029 3794 incipit
1057 3706 1142 3773 ab
1197 3708 1447 3774 oriente
1491 3706 1558 3772 in
1608 3711 1842 3792 monte,
1892 3704 2004 3774 ubi
2054 3713 2208 3775 sunt
2237 3715 2368 3775 tres
2418 3714 2589 3776 mete

325 3823 558 3903 terree,
590 3836 722 3884 una
772 3814 1116 3883 Michaelis
1169 3813 1460 3901 Comitis,
1514 3814 1724 3883 altera
1754 3814 2145 3903 Lodomerij,
2196 3815 2402 3884 tercia
2431 3836 2588 3886 uero

327 3924 633 4012 Martini3
668 3930 734 3991 et
763 3944 879 4011 per
910 3923 1089 3991 uiam
1119 3923 1304 3992 uadit
1335 3923 1421 3991 ad
1465 3922 1935 3992 occidentalem
1965 3930 2237 4011 partem,
2287 3924 2383 3992 ita
2413 3925 2588 4010 quod

325 4054 484 4124 pars
515 4032 964 4102 meridionalis
994 4038 1334 4100 remaneat
1362 4031 1668 4101 Michaeli
1710 4030 1967 4117 Comiti,
2002 4041 2069 4102 et
2101 4033 2588 4119 septemtriona-

324 4142 406 4211 lis
437 4142 762 4226 Martin03
798 4146 862 4208 et
893 4138 1049 4207 inde
1082 4139 1164 4207 de
1196 4140 1309 4208 uia
1339 4139 1522 4208 uadit
1552 4138 1641 4205 ad
1685 4139 2154 4209 occidentalem
2203 4146 2455 4228 partem
2487 4161 2586 4209 us-

322 4268 449 4336 que
482 4249 743 4317 uincam
763 4248 1024 4335 Ztrelk3
1058 4246 1215 4316 inde
1236 4267 1390 4317 uero
1424 4246 1760 4316 descendit
1791 4246 1873 4317 de
1899 4256 2114 4317 monte
2147 4249 2235 4316 ad
2263 4250 2585 4335 arborem,

324 4378 452 4444 que
484 4355 724 4423 dicitur
754 4353 968 4442 fagus,
1004 4363 1068 4424 et
1098 4352 1187 4423 ad
1220 4362 1459 4423 metam
1489 4361 1808 4444 terream3
1845 4365 1911 4426 et
1938 4355 2092 4425 inde
2126 4356 2312 4425 uadit
2340 4356 2586 4425 directe

323 4470 390 4534 in
420 4467 659 4535 siluam
693 4485 811 4552 per
849 4472 1056 4534 metas
1104 4471 1354 4533 terreas
1406 4465 1493 4534 ad
1541 4485 1736 4533 vnam
1788 4467 2110 4551 arborem,
2142 4485 2269 4550 que
2318 4473 2587 4534 uocatur

325 4575 644 4658 fraxinus,
678 4594 806 4660 que
836 4580 939 4641 est
967 4593 1157 4643 cruce
1189 4573 1472 4660 signata,
1505 4579 1572 4642 et
1602 4573 1949 4642 admetam
1980 4579 2298 4659 terream;
2335 4579 2400 4641 et
2428 4574 2585 4641 inde

322 4683 504 4753 uadit
535 4683 622 4751 ad
654 4702 853 4751 unam
881 4684 1209 4771 paludem,
1246 4704 1371 4770 que
1402 4690 1674 4753 uocatur
1707 4682 2022 4771 Chemyz,
2074 4689 2138 4751 et
2172 4682 2263 4752 ibi
2295 4703 2377 4752 ex
2408 4687 2582 4752 utra-
