3359 5250
1515 395 1603 461 35

414 596 662 674 genter,
727 596 792 655 vt
822 589 891 654 in
924 608 1051 654 sua
1082 586 1231 673 fide,
1285 609 1419 672 qua
1448 591 1591 657 Deo
1632 597 1698 657 et
1746 590 1937 660 nobis
1986 597 2302 676 tenentur,
2357 594 2693 662 studerent

406 696 731 780 intimare,
786 703 1110 780 quantum
1160 702 1332 762 terre
1383 696 1680 783 predicto
1713 698 1779 764 S.
1829 705 2006 766 esset
2053 699 2287 767 relicta
2341 700 2423 768 de
2454 722 2575 768 sua
2622 722 2693 781 et

409 824 675 871 suorum
708 803 1121 871 coniudicum
1151 805 1584 871 consciencia.
1646 805 1775 885 Qui
1807 807 2017 893 nobis,
2073 807 2228 873 licet
2259 808 2680 893 singulariter

412 911 478 976 in
512 911 795 979 diuersis
828 910 1087 994 litteris,
1142 916 1207 978 et
1238 912 1360 978 sub
1392 932 1512 979 suo
1545 913 1817 998 quilibet
1864 913 2086 997 sigillo
2118 914 2320 981 nobis
2350 936 2483 981 non
2514 916 2687 985 inco-

408 1020 588 1107 gnito
643 1021 766 1087 sub
800 1020 1031 1087 eodem
1082 1021 1345 1087 omnino
1377 1028 1606 1089 tenore
1640 1028 1705 1088 et
1737 1022 1904 1089 serie
1934 1023 2278 1089 verborum
2333 1024 2682 1111 rescripse-

408 1137 578 1197 runt.
612 1128 861 1194 Littere
895 1135 1115 1194 autem
1146 1127 1305 1194 dicti
1336 1127 1607 1196 Comitis
1641 1136 1829 1196 erant
1866 1130 1988 1196 sub
2020 1131 2147 1197 hac
2181 1130 2434 1198 forma:

624 1235 1014 1303 Reuerendo
1066 1235 1328 1302 domino
1379 1255 1497 1305 suo
1530 1239 1603 1305 B.
1637 1237 1765 1303 Dei
1814 1238 2040 1321 gracia
2089 1240 2256 1323 Regi
2306 1239 2432 1305 stb.
2484 1235 2677 1325 (mint

409 1346 612 1411 alabb
640 1347 748 1412 30.
782 1363 869 1410 sz.
902 1340 996 1429 a.)

627 1452 872 1517 Littere
923 1468 1182 1535 quoque
1213 1450 1544 1537 Prepositi
1578 1452 1918 1518 memorati
1963 1451 2199 1518 litteris
2242 1451 2515 1518 Comitis
2548 1472 2674 1519 me·

411 1561 647 1628 morati
681 1559 940 1627 omnino
988 1559 1491 1627 concordabant.

626 1668 767 1735 Nos
799 1674 1015 1733 autem
1039 1675 1330 1735 tenorem
1359 1668 1729 1734 litterarum
1747 1668 2043 1754 ipsarum
2084 1665 2433 1750 diligenter
2453 1686 2680 1754 aecep-

405 1783 645 1861 tantes,
697 1783 938 1843 terram
970 1776 1036 1843 S.
1071 1776 1314 1863 prefati
1366 1784 1432 1843 et
1462 1778 1736 1842 fratrum
1787 1777 1931 1843 eius
1977 1775 2215 1842 litteris
2264 1776 2678 1862 presentibus

410 1884 660 1972 duplici
692 1884 913 1969 sigillo
963 1889 1187 1952 nostro
1218 1883 1559 1965 roboratis,
1590 1890 1728 1950 tam
1761 1882 1912 1967 sibi,
1965 1902 2162 1968 quam
2193 1900 2458 1949 suorum
2498 1883 2678 1950 here·

410 1991 624 2077 dibus,
662 1998 729 2057 et
761 1991 1070 2058 heredum
1105 1991 1585 2058 suecessoribus
1610 1988 1915 2057 duximus
1948 1997 2262 2076 perpetuo
2298 1989 2672 2056 confirman-

409 2099 604 2185 dum;
638 2100 981 2166 silencium
1013 2098 1410 2183 quibuslibet
1434 2097 1929 2184 impeditoribus
1961 2093 2137 2182 (lgy)
2168 2117 2363 2183 super
2379 2098 2505 2164 hoc
2536 2116 2677 2183 per·

407 2216 678 2294 petuum
734 2206 1149 2294 imponendo.
1198 2207 1438 2273 Datum
1490 2207 1559 2273 in
1610 2206 1879 2274 Zotmar
1936 2225 2112 2271 anno
2161 2206 2382 2288 gracie
2432 2206 2523 2272 Μο
2544 2203 2675 2271 00⁰

406 2315 742 2382 tricesimo
776 2321 1026 2399 octauo,
1076 2315 1279 2381 tercio
1327 2313 1655 2381 kalendas
1687 2313 2012 2396 Octobris,
2064 2332 2260 2396 anuo,
2313 2332 2487 2380 anno
2517 2332 2673 2379 vero
2713 2328 2720 2336 ·

407 2424 625 2508 Regni
655 2423 861 2491 nostri
900 2425 1122 2489 tercio.

412 2638 485 2704 (A
512 2642 665 2705 gyo'ri
702 2637 1081 2706 khptalannak
1110 2641 1335 2692 noo-ki
1377 2642 1467 2706 „in
1498 2641 1636 2692 festo
1661 2640 1772 2691 BB.
1799 2640 2040 2706 Philippi
2077 2645 2135 2691 et
2159 2636 2361 2690 Jacobi
2398 2635 2678 2702 Apostolo-

408 2730 561 2780 rum“
592 2729 710 2780 kelt
732 2727 1040 2792 atiratabol,
1066 2730 1269 2796 melyet
1297 2730 1527 2793 „nobilis
1553 2729 1774 2780 domina
1794 2729 2039 2780 Barbara
2065 2733 2266 2779 vocata
2287 2725 2499 2786 relicta,
2523 2731 2577 2776 et
2594 2726 2676 2777 Si-

413 2820 733 2885 gismundus
758 2820 901 2871 filius
928 2821 1218 2872 Alexandri
1244 2819 1311 2870 de
1332 2818 1682 2886 Gwrgetegh,
1708 2818 1952 2871 Mathius
1977 2818 2122 2870 filius
2141 2816 2405 2873 Mathia&
2430 2816 2470 2866 J
2473 2815 2677 2866 aeobus

412 2909 562 2959 filius
586 2910 802 2972 Jacobi,
827 2909 1117 2962 Ladizlaus
1143 2909 1288 2960 filius
1314 2908 1578 2975 Stephani
1603 2908 1670 2958 de
1699 2908 1886 2958 eadem
1913 2906 2263 2974 Gwrgetegh,
2307 2909 2362 2956 et
2385 2903 2680 2955 Ladizlaus

414 2998 559 3050 filius
585 3000 887 3052 Joehannis
931 3000 998 3051 de
1021 3000 1296 3066 Kelechy“
1327 2997 1520 3050 kertek
1542 3036 1557 3065 ,
1604 3014 1638 3049 a
1662 2998 1831 3049 budai
1874 2999 1977 3049 kir.
2004 2998 2251 3048 kamarai
2293 2990 2683 3060 leveltarban.)

2287 4800 2359 4855 3*
