<?xml version="1.0" encoding="UTF-8"?>
<!DOCTYPE html PUBLIC "-//W3C//DTD XHTML 1.0 Transitional//EN"
    "http://www.w3.org/TR/xhtml1/DTD/xhtml1-transitional.dtd">
<html xmlns="http://www.w3.org/1999/xhtml" xml:lang="en" lang="en">
 <head>
  <title>
</title>
<meta http-equiv="Content-Type" content="text/html;charset=utf-8" />
  <meta name='ocr-system' content='tesseract 3.04.00' />
  <meta name='ocr-capabilities' content='ocr_page ocr_carea ocr_par ocr_line ocrx_word'/>
</head>
<body>
  <div class='ocr_page' id='page_1' title='image "./codexdiplomatic09unkngoog_0205.png"; bbox 0 0 3359 5250; ppageno 0'>
   <div class='ocr_carea' id='block_1_1' title="bbox 1451 362 1574 427">
    <p class='ocr_par' dir='ltr' id='par_1_1' title="bbox 1451 362 1574 427">
     <span class='ocr_line' id='line_1_1' title="bbox 1451 362 1574 427; baseline 0.008 -1"><span class='ocrx_word' id='word_1_1' title='bbox 1451 362 1574 427; x_wconf 68' lang='lat'>10³5</span> 
     </span>
    </p>
   </div>
   <div class='ocr_carea' id='block_1_2' title="bbox 1357 453 1660 461">
    <p class='ocr_par' dir='ltr' id='par_1_2' title="bbox 1357 453 1660 461">
     <span class='ocr_line' id='line_1_2' title="bbox 1357 453 1660 461; baseline 0 4789"><span class='ocrx_word' id='word_1_2' title='bbox 1357 453 1660 461; x_wconf 95' lang='lat' dir='ltr'> </span> 
     </span>
    </p>
   </div>
   <div class='ocr_carea' id='block_1_3' title="bbox 365 558 2708 2268">
    <p class='ocr_par' dir='ltr' id='par_1_3' title="bbox 365 558 2708 2268">
     <span class='ocr_line' id='line_1_3' title="bbox 371 558 2708 646; baseline 0.001 -20"><span class='ocrx_word' id='word_1_3' title='bbox 371 579 571 626; x_wconf 86' lang='lat' dir='ltr'>vnam</span> <span class='ocrx_word' id='word_1_4' title='bbox 624 578 932 643; x_wconf 83' lang='lat' dir='ltr'>magnam</span> <span class='ocrx_word' id='word_1_5' title='bbox 982 558 1181 644; x_wconf 85' lang='lat' dir='ltr'>viam,</span> <span class='ocrx_word' id='word_1_6' title='bbox 1233 564 1301 626; x_wconf 91' lang='lat' dir='ltr'>et</span> <span class='ocrx_word' id='word_1_7' title='bbox 1329 559 1482 626; x_wconf 90' lang='lat' dir='ltr'>inde</span> <span class='ocrx_word' id='word_1_8' title='bbox 1530 560 1740 628; x_wconf 90' lang='lat' dir='ltr'>tendit</span> <span class='ocrx_word' id='word_1_9' title='bbox 1789 581 1907 646; x_wconf 87' lang='lat' dir='ltr'>per</span> <span class='ocrx_word' id='word_1_10' title='bbox 1953 567 2160 629; x_wconf 83' lang='lat' dir='ltr'>terras</span> <span class='ocrx_word' id='word_1_11' title='bbox 2211 562 2498 629; x_wconf 88' lang='lat' dir='ltr'>arabiles</span> <span class='ocrx_word' id='word_1_12' title='bbox 2552 562 2640 629; x_wconf 86' lang='lat' dir='ltr'>ad</span> <span class='ocrx_word' id='word_1_13' title='bbox 2703 613 2708 618; x_wconf 73' lang='grc'><strong>.</strong></span> 
     </span>
     <span class='ocr_line' id='line_1_4' title="bbox 374 666 2640 755; baseline 0.002 -23"><span class='ocrx_word' id='word_1_14' title='bbox 374 687 575 732; x_wconf 85' lang='lat' dir='ltr'>vnam</span> <span class='ocrx_word' id='word_1_15' title='bbox 624 687 900 754; x_wconf 87' lang='lat' dir='ltr'>paruam</span> <span class='ocrx_word' id='word_1_16' title='bbox 949 667 1208 755; x_wconf 83' lang='lat' dir='ltr'>siluam,</span> <span class='ocrx_word' id='word_1_17' title='bbox 1262 666 1437 752; x_wconf 90' lang='lat' dir='ltr'>quod</span> <span class='ocrx_word' id='word_1_18' title='bbox 1482 670 1682 755; x_wconf 84' lang='lat' dir='ltr'>vulgo</span> <span class='ocrx_word' id='word_1_19' title='bbox 1721 669 2044 738; x_wconf 84' lang='lat' dir='ltr'>vocabulo</span> <span class='ocrx_word' id='word_1_20' title='bbox 2091 678 2432 739; x_wconf 85' lang='lat' dir='ltr'>erezteuen</span> <span class='ocrx_word' id='word_1_21' title='bbox 2485 671 2640 739; x_wconf 91' lang='lat' dir='ltr'>dici·</span> 
     </span>
     <span class='ocr_line' id='line_1_5' title="bbox 371 774 2638 862; baseline 0.002 -20"><span class='ocrx_word' id='word_1_22' title='bbox 371 784 499 860; x_wconf 88' lang='lat' dir='ltr'>tur,</span> <span class='ocrx_word' id='word_1_23' title='bbox 550 777 672 843; x_wconf 88' lang='lat' dir='ltr'>sub</span> <span class='ocrx_word' id='word_1_24' title='bbox 705 777 888 845; x_wconf 86' lang='lat' dir='ltr'>euius</span> <span class='ocrx_word' id='word_1_25' title='bbox 938 774 1065 844; x_wconf 89' lang='lat' dir='ltr'>fine</span> <span class='ocrx_word' id='word_1_26' title='bbox 1115 782 1264 843; x_wconf 86' lang='lat' dir='ltr'>sunt</span> <span class='ocrx_word' id='word_1_27' title='bbox 1296 776 1426 844; x_wconf 89' lang='lat' dir='ltr'>due</span> <span class='ocrx_word' id='word_1_28' title='bbox 1468 784 1640 845; x_wconf 89' lang='lat' dir='ltr'>mete</span> <span class='ocrx_word' id='word_1_29' title='bbox 1690 784 1921 862; x_wconf 80' lang='lat' dir='ltr'>terroe,</span> <span class='ocrx_word' id='word_1_30' title='bbox 1969 778 2162 846; x_wconf 86' lang='lat' dir='ltr'>etsie</span> <span class='ocrx_word' id='word_1_31' title='bbox 2214 779 2401 847; x_wconf 83' lang='lat' dir='ltr'>iuxta</span> <span class='ocrx_word' id='word_1_32' title='bbox 2453 779 2638 846; x_wconf 89' lang='lat' dir='ltr'>illam</span> 
     </span>
     <span class='ocr_line' id='line_1_6' title="bbox 368 884 2636 971; baseline 0 -19"><span class='ocrx_word' id='word_1_33' title='bbox 368 885 613 952; x_wconf 88' lang='lat' dir='ltr'>siluam</span> <span class='ocrx_word' id='word_1_34' title='bbox 644 884 845 952; x_wconf 85' lang='lat' dir='ltr'>currit</span> <span class='ocrx_word' id='word_1_35' title='bbox 875 904 1103 952; x_wconf 88' lang='lat' dir='ltr'>uersus</span> <span class='ocrx_word' id='word_1_36' title='bbox 1154 890 1361 953; x_wconf 88' lang='lat' dir='ltr'>metas</span> <span class='ocrx_word' id='word_1_37' title='bbox 1406 884 1682 971; x_wconf 80' lang='lat' dir='ltr'>priores,</span> <span class='ocrx_word' id='word_1_38' title='bbox 1731 885 1841 952; x_wconf 86' lang='lat' dir='ltr'>vbi</span> <span class='ocrx_word' id='word_1_39' title='bbox 1873 891 2026 953; x_wconf 89' lang='lat' dir='ltr'>sunt</span> <span class='ocrx_word' id='word_1_40' title='bbox 2056 887 2486 953; x_wconf 87' lang='lat' dir='ltr'>commetanei</span> <span class='ocrx_word' id='word_1_41' title='bbox 2524 905 2636 953; x_wconf 86' lang='lat' dir='ltr'>no-</span> 
     </span>
     <span class='ocr_line' id='line_1_7' title="bbox 373 990 2636 1076; baseline 0.002 -18"><span class='ocrx_word' id='word_1_42' title='bbox 373 992 541 1060; x_wconf 81' lang='lat' dir='ltr'>biles</span> <span class='ocrx_word' id='word_1_43' title='bbox 580 992 666 1059; x_wconf 87' lang='lat' dir='ltr'>de</span> <span class='ocrx_word' id='word_1_44' title='bbox 702 992 1063 1060; x_wconf 85' lang='lat' dir='ltr'>Chalamia.</span> <span class='ocrx_word' id='word_1_45' title='bbox 1125 992 1268 1071; x_wconf 86' lang='lat' dir='ltr'>Que</span> <span class='ocrx_word' id='word_1_46' title='bbox 1305 990 1567 1076; x_wconf 89' lang='lat' dir='ltr'>quidem</span> <span class='ocrx_word' id='word_1_47' title='bbox 1603 992 1776 1059; x_wconf 88' lang='lat' dir='ltr'>silua</span> <span class='ocrx_word' id='word_1_48' title='bbox 1832 1012 1947 1060; x_wconf 87' lang='lat' dir='ltr'>seu</span> <span class='ocrx_word' id='word_1_49' title='bbox 1980 999 2320 1062; x_wconf 87' lang='lat' dir='ltr'>erezteuen</span> <span class='ocrx_word' id='word_1_50' title='bbox 2375 994 2636 1063; x_wconf 92' lang='lat' dir='ltr'>omnino</span> 
     </span>
     <span class='ocr_line' id='line_1_8' title="bbox 366 1099 2635 1187; baseline 0 -20"><span class='ocrx_word' id='word_1_51' title='bbox 366 1104 668 1167; x_wconf 78' lang='lat' dir='ltr'><strong>remanet</strong></span> <span class='ocrx_word' id='word_1_52' title='bbox 696 1099 867 1165; x_wconf 89' lang='lat' dir='ltr'>inter</span> <span class='ocrx_word' id='word_1_53' title='bbox 917 1106 1130 1167; x_wconf 90' lang='lat' dir='ltr'>metas</span> <span class='ocrx_word' id='word_1_54' title='bbox 1163 1099 1253 1166; x_wconf 90' lang='lat' dir='ltr'>ad</span> <span class='ocrx_word' id='word_1_55' title='bbox 1284 1106 1528 1166; x_wconf 88' lang='lat' dir='ltr'>terram</span> <span class='ocrx_word' id='word_1_56' title='bbox 1557 1099 1861 1184; x_wconf 83' lang='lat' dir='ltr'>Koarzeg</span> <span class='ocrx_word' id='word_1_57' title='bbox 1908 1106 2211 1167; x_wconf 86' lang='lat' dir='ltr'>uocatam</span> <span class='ocrx_word' id='word_1_58' title='bbox 2243 1108 2310 1168; x_wconf 89' lang='lat' dir='ltr'>et</span> <span class='ocrx_word' id='word_1_59' title='bbox 2339 1107 2635 1187; x_wconf 88' lang='lat' dir='ltr'>prenota-</span> 
     </span>
     <span class='ocr_line' id='line_1_9' title="bbox 366 1206 2636 1293; baseline -0 -19"><span class='ocrx_word' id='word_1_60' title='bbox 366 1216 545 1291; x_wconf 81' lang='lat' dir='ltr'>tam3</span> <span class='ocrx_word' id='word_1_61' title='bbox 580 1213 648 1274; x_wconf 91' lang='lat' dir='ltr'>et</span> <span class='ocrx_word' id='word_1_62' title='bbox 677 1208 774 1275; x_wconf 86' lang='lat' dir='ltr'>sie</span> <span class='ocrx_word' id='word_1_63' title='bbox 805 1207 1252 1276; x_wconf 77' lang='lat' dir='ltr'><strong>terminantur.</strong></span> <span class='ocrx_word' id='word_1_64' title='bbox 1286 1207 1388 1273; x_wconf 89' lang='lat' dir='ltr'>Ne</span> <span class='ocrx_word' id='word_1_65' title='bbox 1419 1207 1618 1292; x_wconf 84' lang='lat' dir='ltr'>igitur</span> <span class='ocrx_word' id='word_1_66' title='bbox 1647 1206 1714 1275; x_wconf 93' lang='lat' dir='ltr'>in</span> <span class='ocrx_word' id='word_1_67' title='bbox 1746 1214 2075 1293; x_wconf 86' lang='lat' dir='ltr'>posterum</span> <span class='ocrx_word' id='word_1_68' title='bbox 2119 1206 2293 1274; x_wconf 84' lang='lat' dir='ltr'>idem</span> <span class='ocrx_word' id='word_1_69' title='bbox 2325 1207 2636 1275; x_wconf 85' lang='lat' dir='ltr'>Nicolaus</span> 
     </span>
     <span class='ocr_line' id='line_1_10' title="bbox 366 1313 2635 1403; baseline -0.001 -19"><span class='ocrx_word' id='word_1_70' title='bbox 366 1315 587 1384; x_wconf 85' lang='lat' dir='ltr'>fidelis</span> <span class='ocrx_word' id='word_1_71' title='bbox 616 1323 854 1402; x_wconf 87' lang='lat' dir='ltr'>noster,</span> <span class='ocrx_word' id='word_1_72' title='bbox 890 1321 955 1381; x_wconf 89' lang='lat' dir='ltr'>et</span> <span class='ocrx_word' id='word_1_73' title='bbox 973 1316 1075 1383; x_wconf 91' lang='lat' dir='ltr'>sui</span> <span class='ocrx_word' id='word_1_74' title='bbox 1106 1313 1400 1401; x_wconf 86' lang='lat' dir='ltr'>heredes,</span> <span class='ocrx_word' id='word_1_75' title='bbox 1436 1333 1634 1401; x_wconf 89' lang='lat' dir='ltr'>super</span> <span class='ocrx_word' id='word_1_76' title='bbox 1665 1315 1897 1383; x_wconf 89' lang='lat' dir='ltr'>eadem</span> <span class='ocrx_word' id='word_1_77' title='bbox 1917 1322 2095 1381; x_wconf 88' lang='lat' dir='ltr'>terra</span> <span class='ocrx_word' id='word_1_78' title='bbox 2127 1335 2245 1401; x_wconf 87' lang='lat' dir='ltr'>per</span> <span class='ocrx_word' id='word_1_79' title='bbox 2264 1316 2635 1403; x_wconf 88' lang='lat' dir='ltr'>quempiam</span> 
     </span>
     <span class='ocr_line' id='line_1_11' title="bbox 366 1420 2633 1505; baseline 0 -16"><span class='ocrx_word' id='word_1_80' title='bbox 366 1425 642 1491; x_wconf 84' lang='lat' dir='ltr'>valeant</span> <span class='ocrx_word' id='word_1_81' title='bbox 672 1424 1027 1505; x_wconf 88' lang='lat' dir='ltr'>molestari,</span> <span class='ocrx_word' id='word_1_82' title='bbox 1079 1430 1146 1491; x_wconf 90' lang='lat' dir='ltr'>et</span> <span class='ocrx_word' id='word_1_83' title='bbox 1175 1443 1257 1491; x_wconf 93' lang='lat' dir='ltr'>ne</span> <span class='ocrx_word' id='word_1_84' title='bbox 1289 1424 1626 1490; x_wconf 88' lang='lat' dir='ltr'>autentica</span> <span class='ocrx_word' id='word_1_85' title='bbox 1657 1428 1888 1491; x_wconf 89' lang='lat' dir='ltr'>nostra</span> <span class='ocrx_word' id='word_1_86' title='bbox 1925 1420 2205 1489; x_wconf 75' lang='lat' dir='ltr'>donacio</span> <span class='ocrx_word' id='word_1_87' title='bbox 2236 1420 2633 1490; x_wconf 86' lang='lat' dir='ltr'>irritacionis</span> 
     </span>
     <span class='ocr_line' id='line_1_12' title="bbox 368 1528 2632 1617; baseline -0.001 -19"><span class='ocrx_word' id='word_1_88' title='bbox 368 1533 604 1600; x_wconf 81' lang='lat' dir='ltr'>illicite</span> <span class='ocrx_word' id='word_1_89' title='bbox 655 1531 1025 1600; x_wconf 79' lang='lat' dir='ltr'>molestiam</span> <span class='ocrx_word' id='word_1_90' title='bbox 1057 1531 1374 1617; x_wconf 78' lang='lat' dir='ltr'>paciatur,</span> <span class='ocrx_word' id='word_1_91' title='bbox 1428 1531 1547 1598; x_wconf 92' lang='lat' dir='ltr'>sed</span> <span class='ocrx_word' id='word_1_92' title='bbox 1595 1530 1693 1598; x_wconf 92' lang='lat' dir='ltr'>eis</span> <span class='ocrx_word' id='word_1_93' title='bbox 1729 1530 2002 1617; x_wconf 85' lang='lat' dir='ltr'>pacifice</span> <span class='ocrx_word' id='word_1_94' title='bbox 2049 1535 2116 1595; x_wconf 90' lang='lat' dir='ltr'>et</span> <span class='ocrx_word' id='word_1_95' title='bbox 2150 1528 2368 1614; x_wconf 90' lang='lat' dir='ltr'>quiete</span> <span class='ocrx_word' id='word_1_96' title='bbox 2406 1549 2632 1617; x_wconf 89' lang='lat' dir='ltr'>perpe-</span> 
     </span>
     <span class='ocr_line' id='line_1_13' title="bbox 365 1637 2633 1726; baseline -0.001 -20"><span class='ocrx_word' id='word_1_97' title='bbox 365 1647 477 1706; x_wconf 84' lang='lat' dir='ltr'>tuo</span> <span class='ocrx_word' id='word_1_98' title='bbox 516 1640 781 1706; x_wconf 86' lang='lat' dir='ltr'>valeant</span> <span class='ocrx_word' id='word_1_99' title='bbox 811 1658 1220 1726; x_wconf 87' lang='lat' dir='ltr'>permanere,</span> <span class='ocrx_word' id='word_1_100' title='bbox 1272 1645 1614 1725; x_wconf 75' lang='lat' dir='ltr'><strong>presentes</strong></span> <span class='ocrx_word' id='word_1_101' title='bbox 1644 1638 2034 1705; x_wconf 78' lang='lat' dir='ltr'>tradidimus</span> <span class='ocrx_word' id='word_1_102' title='bbox 2073 1637 2346 1720; x_wconf 87' lang='lat' dir='ltr'>litteras,</span> <span class='ocrx_word' id='word_1_103' title='bbox 2380 1637 2633 1723; x_wconf 87' lang='lat' dir='ltr'>duppli-</span> 
     </span>
     <span class='ocr_line' id='line_1_14' title="bbox 368 1743 2629 1832; baseline -0.001 -18"><span class='ocrx_word' id='word_1_104' title='bbox 368 1747 463 1815; x_wconf 91' lang='lat' dir='ltr'>cis</span> <span class='ocrx_word' id='word_1_105' title='bbox 515 1746 719 1832; x_wconf 82' lang='lat' dir='ltr'>sigilli</span> <span class='ocrx_word' id='word_1_106' title='bbox 772 1746 978 1815; x_wconf 88' lang='lat' dir='ltr'>nostri</span> <span class='ocrx_word' id='word_1_107' title='bbox 1024 1746 1376 1814; x_wconf 87' lang='lat' dir='ltr'>munimine</span> <span class='ocrx_word' id='word_1_108' title='bbox 1422 1747 1488 1814; x_wconf 91' lang='lat' dir='ltr'>in</span> <span class='ocrx_word' id='word_1_109' title='bbox 1521 1757 1814 1815; x_wconf 89' lang='lat' dir='ltr'>eternum</span> <span class='ocrx_word' id='word_1_110' title='bbox 1865 1743 2227 1814; x_wconf 84' lang='lat' dir='ltr'>roboratas.</span> <span class='ocrx_word' id='word_1_111' title='bbox 2281 1747 2523 1812; x_wconf 85' lang='lat' dir='ltr'>Datum</span> <span class='ocrx_word' id='word_1_112' title='bbox 2561 1745 2629 1812; x_wconf 92' lang='lat' dir='ltr'>in</span> 
     </span>
     <span class='ocr_line' id='line_1_15' title="bbox 366 1853 2625 1942; baseline -0 -19"><span class='ocrx_word' id='word_1_113' title='bbox 366 1855 734 1942; x_wconf 77' lang='lat' dir='ltr'>Gyormoth</span> <span class='ocrx_word' id='word_1_114' title='bbox 783 1875 899 1942; x_wconf 89' lang='lat' dir='ltr'>per</span> <span class='ocrx_word' id='word_1_115' title='bbox 951 1875 1184 1924; x_wconf 86' lang='lat' dir='ltr'>manus</span> <span class='ocrx_word' id='word_1_116' title='bbox 1232 1856 1535 1941; x_wconf 84' lang='lat' dir='ltr'>Magistri</span> <span class='ocrx_word' id='word_1_117' title='bbox 1583 1856 1867 1924; x_wconf 89' lang='lat' dir='ltr'>Achillis</span> <span class='ocrx_word' id='word_1_118' title='bbox 1918 1853 2241 1940; x_wconf 91' lang='lat' dir='ltr'>Prepositi</span> <span class='ocrx_word' id='word_1_119' title='bbox 2292 1853 2625 1938; x_wconf 83' lang='lat' dir='ltr'>Albensis,</span> 
     </span>
     <span class='ocr_line' id='line_1_16' title="bbox 370 1960 2625 2050; baseline -0.002 -18"><span class='ocrx_word' id='word_1_120' title='bbox 370 1965 527 2032; x_wconf 88' lang='lat' dir='ltr'>aule</span> <span class='ocrx_word' id='word_1_121' title='bbox 555 1969 774 2032; x_wconf 88' lang='lat' dir='ltr'>nostre</span> <span class='ocrx_word' id='word_1_122' title='bbox 793 1963 1400 2050; x_wconf 84' lang='lat' dir='ltr'>Vice-Canoellarij‚</span> <span class='ocrx_word' id='word_1_123' title='bbox 1420 1986 1595 2034; x_wconf 87' lang='lat' dir='ltr'>anno</span> <span class='ocrx_word' id='word_1_124' title='bbox 1617 1963 1960 2032; x_wconf 84' lang='lat' dir='ltr'>Dominice</span> <span class='ocrx_word' id='word_1_125' title='bbox 1977 1960 2464 2029; x_wconf 85' lang='lat' dir='ltr'>Incarnaeionis</span> <span class='ocrx_word' id='word_1_126' title='bbox 2487 1961 2625 2028; x_wconf 90' lang='lat' dir='ltr'>mil-</span> 
     </span>
     <span class='ocr_line' id='line_1_17' title="bbox 368 2068 2627 2159; baseline -0.001 -18"><span class='ocrx_word' id='word_1_127' title='bbox 368 2075 604 2141; x_wconf 89' lang='lat' dir='ltr'>lesimo</span> <span class='ocrx_word' id='word_1_128' title='bbox 652 2071 1098 2140; x_wconf 87' lang='lat' dir='ltr'>ducentesimo</span> <span class='ocrx_word' id='word_1_129' title='bbox 1149 2072 1657 2159; x_wconf 77' lang='lat' dir='ltr'>quadragesimo</span> <span class='ocrx_word' id='word_1_130' title='bbox 1711 2076 1968 2158; x_wconf 85' lang='lat' dir='ltr'>quarto,</span> <span class='ocrx_word' id='word_1_131' title='bbox 2019 2068 2271 2136; x_wconf 87' lang='lat' dir='ltr'>decimo</span> <span class='ocrx_word' id='word_1_132' title='bbox 2304 2068 2627 2138; x_wconf 83' lang='lat' dir='ltr'>kalendas</span> 
     </span>
     <span class='ocr_line' id='line_1_18' title="bbox 367 2180 1650 2268; baseline 0.001 -19"><span class='ocrx_word' id='word_1_133' title='bbox 367 2182 550 2268; x_wconf 83' lang='lat' dir='ltr'>Maij‚</span> <span class='ocrx_word' id='word_1_134' title='bbox 582 2180 793 2265; x_wconf 79' lang='lat' dir='ltr'>Regni</span> <span class='ocrx_word' id='word_1_135' title='bbox 824 2187 1043 2248; x_wconf 87' lang='lat' dir='ltr'>autem</span> <span class='ocrx_word' id='word_1_136' title='bbox 1074 2180 1282 2251; x_wconf 85' lang='lat' dir='ltr'>nostri</span> <span class='ocrx_word' id='word_1_137' title='bbox 1318 2180 1650 2251; x_wconf 87' lang='lat' dir='ltr'>vicesimo.</span> 
     </span>
    </p>
   </div>
   <div class='ocr_carea' id='block_1_4' title="bbox 369 2373 2627 2539">
    <p class='ocr_par' dir='ltr' id='par_1_4' title="bbox 369 2373 2627 2539">
     <span class='ocr_line' id='line_1_19' title="bbox 369 2373 2627 2449; baseline -0.003 -15"><span class='ocrx_word' id='word_1_138' title='bbox 369 2376 436 2447; x_wconf 77' lang='lat' dir='ltr'>(A</span> <span class='ocrx_word' id='word_1_139' title='bbox 464 2378 623 2434; x_wconf 64' lang='lat' dir='ltr'>vaczi</span> <span class='ocrx_word' id='word_1_140' title='bbox 649 2378 1025 2449; x_wconf 69' lang='lat' dir='ltr'>kaptalannak</span> <span class='ocrx_word' id='word_1_141' title='bbox 1053 2381 1273 2434; x_wconf 78' lang='lat' dir='ltr'>1296·ki</span> <span class='ocrx_word' id='word_1_142' title='bbox 1298 2378 1502 2433; x_wconf 70' lang='lat' dir='ltr'>atii-ata</span> <span class='ocrx_word' id='word_1_143' title='bbox 1526 2377 1656 2431; x_wconf 68' lang='lat' dir='ltr'>utan</span> <span class='ocrx_word' id='word_1_144' title='bbox 1684 2377 1829 2433; x_wconf 72' lang='lat' dir='ltr'>Rath</span> <span class='ocrx_word' id='word_1_145' title='bbox 1853 2376 2055 2446; x_wconf 69' lang='lat' dir='ltr'>Karoly</span> <span class='ocrx_word' id='word_1_146' title='bbox 2082 2379 2261 2432; x_wconf 59' lang='lat' dir='ltr'>Huzai</span> <span class='ocrx_word' id='word_1_147' title='bbox 2285 2373 2627 2445; x_wconf 65' lang='lat' dir='ltr'>Okmrinytar</span> 
     </span>
     <span class='ocr_line' id='line_1_20' title="bbox 1266 2465 1726 2539; baseline 0.002 -17"><span class='ocrx_word' id='word_1_148' title='bbox 1266 2471 1362 2524; x_wconf 73' lang='grc' dir='ltr'>ιν.</span> <span class='ocrx_word' id='word_1_149' title='bbox 1390 2471 1505 2525; x_wconf 73' lang='lat' dir='ltr'>kct.</span> <span class='ocrx_word' id='word_1_150' title='bbox 1533 2471 1618 2522; x_wconf 79' lang='lat'>28.</span> <span class='ocrx_word' id='word_1_151' title='bbox 1646 2465 1726 2539; x_wconf 92' lang='lat'>1.).</span> 
     </span>
    </p>
   </div>
   <div class='ocr_carea' id='block_1_5' title="bbox 1244 2760 1764 2772">
    <p class='ocr_par' dir='ltr' id='par_1_5' title="bbox 1244 2760 1764 2772">
     <span class='ocr_line' id='line_1_21' title="bbox 1244 2760 1764 2772; baseline -0.004 0"><span class='ocrx_word' id='word_1_152' title='bbox 1244 2760 1764 2772; x_wconf 57' lang='lat' dir='ltr'><strong>ffl—-no</strong></span> 
     </span>
    </p>
   </div>
   <div class='ocr_carea' id='block_1_6' title="bbox 1427 3206 1581 3274">
    <p class='ocr_par' dir='ltr' id='par_1_6' title="bbox 1427 3206 1581 3274">
     <span class='ocr_line' id='line_1_22' title="bbox 1427 3206 1581 3274; baseline 0 -1"><span class='ocrx_word' id='word_1_153' title='bbox 1427 3206 1581 3274; x_wconf 85' lang='lat'>108.</span> 
     </span>
    </p>
   </div>
   <div class='ocr_carea' id='block_1_7' title="bbox 370 3386 2628 3565">
    <p class='ocr_par' dir='ltr' id='par_1_7' title="bbox 370 3386 2628 3565">
     <span class='ocr_line' id='line_1_23' title="bbox 370 3386 2628 3477; baseline -0.004 -19"><span class='ocrx_word' id='word_1_154' title='bbox 370 3393 483 3458; x_wconf 84' lang='lat' dir='ltr'>IV.</span> <span class='ocrx_word' id='word_1_155' title='bbox 542 3393 701 3457; x_wconf 80' lang='lat' dir='ltr'>Be&#39;la</span> <span class='ocrx_word' id='word_1_156' title='bbox 752 3390 1083 3477; x_wconf 71' lang='lat' dir='ltr'>kirdlynalc</span> <span class='ocrx_word' id='word_1_157' title='bbox 1132 3389 1429 3453; x_wconf 76' lang='lat' dir='ltr'>Ralcouch</span> <span class='ocrx_word' id='word_1_158' title='bbox 1471 3386 1685 3472; x_wconf 61' lang='lat' dir='ltr'>folde&#39;c</span> <span class='ocrx_word' id='word_1_159' title='bbox 1731 3388 2034 3474; x_wconf 49' lang='lat' dir='ltr'>teir-wazo*</span> <span class='ocrx_word' id='word_1_160' title='bbox 2083 3388 2442 3473; x_wconf 75' lang='lat' dir='ltr'>adomdnya</span> <span class='ocrx_word' id='word_1_161' title='bbox 2494 3388 2628 3451; x_wconf 74' lang='lat' dir='ltr'>kz&#39;ve</span> 
     </span>
     <span class='ocr_line' id='line_1_24' title="bbox 1087 3496 1933 3565; baseline -0.007 0"><span class='ocrx_word' id='word_1_162' title='bbox 1087 3498 1355 3565; x_wconf 63' lang='lat' dir='ltr'>Chen-nale</span> <span class='ocrx_word' id='word_1_163' title='bbox 1383 3502 1695 3564; x_wconf 75' lang='lat' dir='ltr'>szdmdra.</span> <span class='ocrx_word' id='word_1_164' title='bbox 1739 3496 1933 3560; x_wconf 75' lang='lat'><em>1244.</em></span> 
     </span>
    </p>
   </div>
   <div class='ocr_carea' id='block_1_8' title="bbox 365 3694 2630 4441">
    <p class='ocr_par' dir='ltr' id='par_1_8' title="bbox 365 3694 2630 4441">
     <span class='ocr_line' id='line_1_25' title="bbox 589 3694 2626 3785; baseline -0.006 -16"><span class='ocrx_word' id='word_1_165' title='bbox 589 3703 754 3769; x_wconf 89' lang='lat' dir='ltr'>Bela</span> <span class='ocrx_word' id='word_1_166' title='bbox 802 3700 927 3767; x_wconf 92' lang='lat' dir='ltr'>Dei</span> <span class='ocrx_word' id='word_1_167' title='bbox 975 3698 1203 3785; x_wconf 83' lang='lat' dir='ltr'>gracia</span> <span class='ocrx_word' id='word_1_168' title='bbox 1232 3694 1590 3782; x_wconf 82' lang='lat' dir='ltr'>Hungarie‚</span> <span class='ocrx_word' id='word_1_169' title='bbox 1641 3695 2009 3780; x_wconf 88' lang='lat' dir='ltr'>Dalmacie,</span> <span class='ocrx_word' id='word_1_170' title='bbox 2060 3694 2351 3780; x_wconf 82' lang='lat' dir='ltr'>Oroacie‚</span> <span class='ocrx_word' id='word_1_171' title='bbox 2400 3694 2626 3772; x_wconf 87' lang='lat' dir='ltr'>Rame‚</span> 
     </span>
     <span class='ocr_line' id='line_1_26' title="bbox 366 3801 2629 3897; baseline -0.005 -17"><span class='ocrx_word' id='word_1_172' title='bbox 366 3813 611 3897; x_wconf 77' lang='lat' dir='ltr'>Seruio,</span> <span class='ocrx_word' id='word_1_173' title='bbox 648 3808 950 3892; x_wconf 82' lang='lat' dir='ltr'>Gallicie,</span> <span class='ocrx_word' id='word_1_174' title='bbox 982 3806 1368 3875; x_wconf 88' lang='lat' dir='ltr'>Lodomerie</span> <span class='ocrx_word' id='word_1_175' title='bbox 1389 3804 1838 3889; x_wconf 83' lang='lat' dir='ltr'>Cumanieque</span> <span class='ocrx_word' id='word_1_176' title='bbox 1856 3806 1998 3871; x_wconf 82' lang='lat' dir='ltr'>Rex</span> <span class='ocrx_word' id='word_1_177' title='bbox 2028 3804 2350 3891; x_wconf 84' lang='lat' dir='ltr'>universis</span> <span class='ocrx_word' id='word_1_178' title='bbox 2385 3801 2629 3870; x_wconf 83' lang='lat' dir='ltr'>Christi</span> 
     </span>
     <span class='ocr_line' id='line_1_27' title="bbox 373 3910 2627 4005; baseline -0.005 -19"><span class='ocrx_word' id='word_1_179' title='bbox 373 3918 675 3987; x_wconf 87' lang='lat' dir='ltr'>fidelibus</span> <span class='ocrx_word' id='word_1_180' title='bbox 706 3936 978 4005; x_wconf 86' lang='lat' dir='ltr'>presens</span> <span class='ocrx_word' id='word_1_181' title='bbox 1000 3915 1314 4001; x_wconf 88' lang='lat' dir='ltr'>seriptum</span> <span class='ocrx_word' id='word_1_182' title='bbox 1338 3911 1729 3999; x_wconf 85' lang='lat' dir='ltr'>inspecturis</span> <span class='ocrx_word' id='word_1_183' title='bbox 1750 3912 2030 3978; x_wconf 88' lang='lat' dir='ltr'>salutem</span> <span class='ocrx_word' id='word_1_184' title='bbox 2050 3910 2117 3978; x_wconf 92' lang='lat' dir='ltr'>in</span> <span class='ocrx_word' id='word_1_185' title='bbox 2140 3929 2292 3978; x_wconf 80' lang='lat' dir='ltr'>vero</span> <span class='ocrx_word' id='word_1_186' title='bbox 2331 3910 2627 3978; x_wconf 86' lang='lat' dir='ltr'>salutari.</span> 
     </span>
     <span class='ocr_line' id='line_1_28' title="bbox 367 4019 2626 4114; baseline -0.006 -18"><span class='ocrx_word' id='word_1_187' title='bbox 367 4033 571 4114; x_wconf 80' lang='lat' dir='ltr'>Regio</span> <span class='ocrx_word' id='word_1_188' title='bbox 589 4028 956 4096; x_wconf 85' lang='lat' dir='ltr'>Maiestatis</span> <span class='ocrx_word' id='word_1_189' title='bbox 986 4026 1258 4093; x_wconf 88' lang='lat' dir='ltr'>interest</span> <span class='ocrx_word' id='word_1_190' title='bbox 1276 4024 1373 4091; x_wconf 88' lang='lat' dir='ltr'>sic</span> <span class='ocrx_word' id='word_1_191' title='bbox 1404 4020 1493 4090; x_wconf 88' lang='lat' dir='ltr'>ad</span> <span class='ocrx_word' id='word_1_192' title='bbox 1512 4042 1667 4090; x_wconf 89' lang='lat' dir='ltr'>suos</span> <span class='ocrx_word' id='word_1_193' title='bbox 1698 4019 1994 4089; x_wconf 88' lang='lat' dir='ltr'>subditos</span> <span class='ocrx_word' id='word_1_194' title='bbox 2031 4027 2095 4088; x_wconf 93' lang='lat' dir='ltr'>et</span> <span class='ocrx_word' id='word_1_195' title='bbox 2114 4019 2344 4086; x_wconf 86' lang='lat' dir='ltr'>fideles</span> <span class='ocrx_word' id='word_1_196' title='bbox 2365 4036 2626 4084; x_wconf 87' lang='lat' dir='ltr'>manum</span> 
     </span>
     <span class='ocr_line' id='line_1_29' title="bbox 365 4126 2627 4222; baseline -0.006 -17"><span class='ocrx_word' id='word_1_197' title='bbox 365 4136 739 4222; x_wconf 84' lang='lat' dir='ltr'>largifluam</span> <span class='ocrx_word' id='word_1_198' title='bbox 769 4134 1139 4219; x_wconf 82' lang='lat' dir='ltr'>extendere,</span> <span class='ocrx_word' id='word_1_199' title='bbox 1173 4137 1246 4199; x_wconf 86' lang='lat' dir='ltr'>vt</span> <span class='ocrx_word' id='word_1_200' title='bbox 1263 4131 1613 4217; x_wconf 84' lang='lat' dir='ltr'>Regiorum</span> <span class='ocrx_word' id='word_1_201' title='bbox 1645 4130 2100 4198; x_wconf 89' lang='lat' dir='ltr'>beneficiorum</span> <span class='ocrx_word' id='word_1_202' title='bbox 2130 4126 2474 4215; x_wconf 87' lang='lat' dir='ltr'>prouocati</span> <span class='ocrx_word' id='word_1_203' title='bbox 2502 4127 2627 4192; x_wconf 89' lang='lat' dir='ltr'>lar·</span> 
     </span>
     <span class='ocr_line' id='line_1_30' title="bbox 366 4235 2630 4332; baseline -0.005 -19"><span class='ocrx_word' id='word_1_204' title='bbox 366 4247 574 4332; x_wconf 80' lang='lat' dir='ltr'>gitate</span> <span class='ocrx_word' id='word_1_205' title='bbox 607 4241 694 4311; x_wconf 87' lang='lat' dir='ltr'>ad</span> <span class='ocrx_word' id='word_1_206' title='bbox 725 4242 1009 4312; x_wconf 90' lang='lat' dir='ltr'>seruicia</span> <span class='ocrx_word' id='word_1_207' title='bbox 1041 4240 1267 4308; x_wconf 90' lang='lat' dir='ltr'>debita</span> <span class='ocrx_word' id='word_1_208' title='bbox 1295 4238 1526 4307; x_wconf 90' lang='lat' dir='ltr'>merito</span> <span class='ocrx_word' id='word_1_209' title='bbox 1558 4236 2005 4326; x_wconf 89' lang='lat' dir='ltr'>prompciores</span> <span class='ocrx_word' id='word_1_210' title='bbox 2035 4237 2415 4304; x_wconf 85' lang='lat' dir='ltr'>habeantur.</span> <span class='ocrx_word' id='word_1_211' title='bbox 2460 4235 2630 4302; x_wconf 90' lang='lat' dir='ltr'>Hinc</span> 
     </span>
     <span class='ocr_line' id='line_1_31' title="bbox 369 4345 2630 4441; baseline -0.005 -18"><span class='ocrx_word' id='word_1_212' title='bbox 369 4362 469 4423; x_wconf 88' lang='lat' dir='ltr'>est</span> <span class='ocrx_word' id='word_1_213' title='bbox 486 4406 505 4441; x_wconf 89' lang='lat'>‚</span> <span class='ocrx_word' id='word_1_214' title='bbox 562 4350 740 4437; x_wconf 87' lang='lat' dir='ltr'>quod</span> <span class='ocrx_word' id='word_1_215' title='bbox 788 4350 876 4418; x_wconf 89' lang='lat' dir='ltr'>ad</span> <span class='ocrx_word' id='word_1_216' title='bbox 926 4351 1377 4418; x_wconf 85' lang='lat' dir='ltr'>vniuersorum</span> <span class='ocrx_word' id='word_1_217' title='bbox 1427 4346 1740 4415; x_wconf 88' lang='lat' dir='ltr'>noticiam</span> <span class='ocrx_word' id='word_1_218' title='bbox 1789 4352 1925 4413; x_wconf 88' lang='lat' dir='ltr'>tam</span> <span class='ocrx_word' id='word_1_219' title='bbox 1975 4345 2380 4434; x_wconf 89' lang='lat' dir='ltr'>presencium</span> <span class='ocrx_word' id='word_1_220' title='bbox 2432 4363 2630 4430; x_wconf 90' lang='lat' dir='ltr'>quam</span> 
     </span>
    </p>
   </div>
   <div class='ocr_carea' id='block_1_9' title="bbox 368 4451 2632 4645">
    <p class='ocr_par' dir='ltr' id='par_1_9' title="bbox 368 4451 2632 4645">
     <span class='ocr_line' id='line_1_32' title="bbox 368 4451 2630 4552; baseline -0.006 -20"><span class='ocrx_word' id='word_1_221' title='bbox 368 4471 781 4552; x_wconf 83' lang='lat' dir='ltr'>posterorum</span> <span class='ocrx_word' id='word_1_222' title='bbox 798 4460 1029 4528; x_wconf 85' lang='lat' dir='ltr'>harum</span> <span class='ocrx_word' id='word_1_223' title='bbox 1061 4458 1231 4525; x_wconf 91' lang='lat' dir='ltr'>serie</span> <span class='ocrx_word' id='word_1_224' title='bbox 1248 4457 1547 4524; x_wconf 84' lang='lat' dir='ltr'>volumus</span> <span class='ocrx_word' id='word_1_225' title='bbox 1565 4457 1929 4542; x_wconf 85' lang='lat' dir='ltr'>peruenire,</span> <span class='ocrx_word' id='word_1_226' title='bbox 1967 4454 2143 4539; x_wconf 88' lang='lat' dir='ltr'>quod</span> <span class='ocrx_word' id='word_1_227' title='bbox 2164 4473 2311 4521; x_wconf 90' lang='lat' dir='ltr'>cum</span> <span class='ocrx_word' id='word_1_228' title='bbox 2330 4451 2630 4521; x_wconf 78' lang='lat' dir='ltr'>Chemek</span> 
     </span>
     <span class='ocr_line' id='line_1_33' title="bbox 373 4561 2632 4645; baseline -0.006 -6"><span class='ocrx_word' id='word_1_229' title='bbox 373 4572 457 4639; x_wconf 91' lang='lat' dir='ltr'>ab</span> <span class='ocrx_word' id='word_1_230' title='bbox 488 4568 680 4637; x_wconf 91' lang='lat' dir='ltr'>annis</span> <span class='ocrx_word' id='word_1_231' title='bbox 712 4567 851 4634; x_wconf 87' lang='lat' dir='ltr'>suis</span> <span class='ocrx_word' id='word_1_232' title='bbox 882 4565 1127 4633; x_wconf 87' lang='lat' dir='ltr'>teneris</span> <span class='ocrx_word' id='word_1_233' title='bbox 1159 4561 1353 4631; x_wconf 87' lang='lat' dir='ltr'>nobis</span> <span class='ocrx_word' id='word_1_234' title='bbox 1382 4561 1731 4629; x_wconf 86' lang='lat' dir='ltr'>seruiuerit</span> <span class='ocrx_word' id='word_1_235' title='bbox 1761 4561 2037 4629; x_wconf 86' lang='lat' dir='ltr'>fideliter</span> <span class='ocrx_word' id='word_1_236' title='bbox 2066 4567 2133 4629; x_wconf 89' lang='lat' dir='ltr'>et</span> <span class='ocrx_word' id='word_1_237' title='bbox 2163 4561 2417 4645; x_wconf 86' lang='lat' dir='ltr'>deuote,</span> <span class='ocrx_word' id='word_1_238' title='bbox 2466 4565 2532 4626; x_wconf 90' lang='lat' dir='ltr'>et</span> <span class='ocrx_word' id='word_1_239' title='bbox 2560 4567 2632 4627; x_wconf 84' lang='lat' dir='ltr'>vt</span> 
     </span>
    </p>
   </div>
   <div class='ocr_carea' id='block_1_10' title="bbox 369 4667 2631 4768">
    <p class='ocr_par' dir='ltr' id='par_1_10' title="bbox 369 4667 2631 4768">
     <span class='ocr_line' id='line_1_34' title="bbox 369 4667 2631 4768; baseline -0.006 -20"><span class='ocrx_word' id='word_1_240' title='bbox 369 4700 483 4768; x_wconf 89' lang='lat' dir='ltr'>per</span> <span class='ocrx_word' id='word_1_241' title='bbox 532 4677 673 4746; x_wconf 87' lang='lat' dir='ltr'>eius</span> <span class='ocrx_word' id='word_1_242' title='bbox 720 4674 1105 4745; x_wconf 81' lang='lat' dir='ltr'>fidelitatem</span> <span class='ocrx_word' id='word_1_243' title='bbox 1136 4669 1477 4761; x_wconf 87' lang='lat' dir='ltr'>percipere</span> <span class='ocrx_word' id='word_1_244' title='bbox 1525 4669 1879 4761; x_wconf 86' lang='lat' dir='ltr'>potuimus,</span> <span class='ocrx_word' id='word_1_245' title='bbox 1934 4669 2334 4740; x_wconf 85' lang='lat' dir='ltr'>voluntatem</span> <span class='ocrx_word' id='word_1_246' title='bbox 2389 4667 2631 4737; x_wconf 84' lang='lat' dir='ltr'>habeat</span> 
     </span>
    </p>
   </div>
  </div>
 </body>
</html>
