3359 5250
1828 322 2036 431 162„-

1715 419 1976 429 ——-——

740 529 950 597 uestri
980 528 1047 596 in
1080 527 1319 596 defend
1351 562 2036 576 ——————
2066 545 2099 592 s
2132 531 2355 593 nostre
2401 523 2575 592 eirca
2605 522 2886 593 confinia
2917 519 3011 592 di-

746 638 1060 705 micantes
1090 635 1469 704 Theotoniei
1522 632 1916 719 oeciderunt,
1967 639 2032 700 et
2063 632 2214 700 aliis
2246 633 2328 700 de
2363 653 2604 717 genere
2644 633 2865 719 Chem,
2926 631 3013 700 ad

740 745 1245 813 construendum
1278 743 1347 810 in
1384 765 1462 812 co
1494 749 1803 829 castrum,
1850 762 1967 830 per
1997 741 2173 827 quod
2203 740 2368 809 illud
2400 741 2745 811 confinium
2774 740 3011 807 melius

743 862 808 922 et
838 852 1177 942 potencius
1226 856 1521 921 teneatur
1551 886 2117 899 —————
2145 849 2398 918 nsionis
2430 850 2558 918 loci
2611 868 2685 917 se
2721 850 3007 934 quinque

738 961 1153 1048 recolligant,
1208 958 1494 1046 quinque
1545 979 1702 1026 uero
1751 959 2167 1048 prosilientes
2218 956 2557 1044 exagitent
2608 966 2677 1026 et
2722 964 3012 1025 terreant

740 1068 1197 1156 aduersantes,
1248 1088 1394 1135 cum
1443 1073 1625 1135 terra
1667 1067 1935 1136 nomine
1966 1068 2227 1153 vaar,
2277 1088 2404 1153 que
2451 1074 2555 1137 est
2603 1069 2725 1135 sub
2776 1065 3008 1136 eodem

738 1183 979 1265 castro,
1032 1184 1208 1245 terra
1239 1175 1548 1244 uidelicet
1590 1175 1780 1243 vuius
1812 1175 1970 1244 ville
2000 1176 2069 1242 in
2100 1175 2202 1245 dis
2207 1212 3010 1226 ———————

738 1322 1313 1335 —————
1345 1292 1660 1373 perpetuo
1709 1284 2130 1373 possidenda.
2180 1287 2257 1353 In
2288 1285 2471 1354 cuius
2503 1283 2708 1353 castri
2737 1293 2805 1354 et
2835 1293 3006 1354 terre

739 1396 1229 1482 possessionem
1279 1413 1398 1481 per
1427 1391 1740 1461 dilectum
1789 1400 1857 1462 et
1886 1393 2140 1461 fidelem
2189 1403 2480 1464 nostrum
2510 1392 2855 1463 Herricum
2882 1392 3002 1460 Co·

740 1503 966 1571 mitem
986 1502 1204 1571 Gastri
1233 1502 1456 1570 Ferrei
1488 1501 1670 1589 ipsos
1699 1501 1970 1569 fecimus
2011 1501 2352 1572 introduci.
2388 1502 2587 1571 Cuius
2608 1508 2780 1571 terre
2812 1509 3005 1588 mete,

738 1618 935 1700 prout
985 1612 1215 1680 eodem
1263 1612 1345 1678 Η.
1380 1608 1631 1678 Comite
1662 1647 2709 1659 —————————
2746 1612 3006 1696 gaimus

740 1722 865 1788 hoc
888 1718 1118 1786 ordine
1151 1718 1632 1804 distinguntur:
1664 1718 1950 1788 Primam
1984 1725 2225 1787 metam
2246 1725 2423 1787 tenet
2454 1738 2599 1787 cum
2620 1719 2785 1786 uilla
2801 1717 3004 1785 Chem

737 1829 805 1893 in
838 1829 1005 1914 loco,
1040 1828 1150 1915 qui
1182 1828 1418 1896 dicitur
1450 1829 1732 1914 Sartiw,
1767 1828 1877 1897 ubi
1911 1834 2062 1897 sunt
2093 1829 2220 1896 due
2252 1833 2458 1914 mete;
2495 1827 2649 1895 inde
2680 1828 2768 1895 ad
2801 1828 3006 1896 orien-

740 1942 868 2004 tem
903 1937 1089 2004 iuxta
1142 1937 1376 2004 siluam
1409 1936 1611 2005 thm
1643 1944 1795 2004 sunt
1844 1937 1970 2005 duc
2011 1943 2221 2023 mete;
2276 1943 2341 2005 et
2369 1936 2462 2003 ibi
2507 1937 2736 2025 incipit
2781 1945 3007 2005 tenere

740 2066 890 2111 cum
922 2044 1085 2112 uilla
1116 2043 1360 2111 Chatar
1395 2045 1479 2112 ad
1531 2050 1817 2113 montem
1847 2045 2099 2131 Toboy,
2135 2044 2246 2111 ubi
2285 2049 2441 2112 sunt
2480 2044 2607 2113 duc
2638 2050 2847 2130 mete;
2903 2046 3008 2112 de-

737 2151 893 2218 inde
945 2152 1033 2217 ad
1065 2151 1401 2219 meridiem
1451 2153 1686 2219 transit
1735 2173 1976 2238 aquam
2017 2152 2288 2240 Pincua‚
2338 2159 2405 2220 et
2451 2153 2637 2221 iuxta
2689 2173 3003 2239 magnum

736 2260 1030 2346 lapidem
1078 2258 1263 2327 uadit
1293 2261 1382 2328 ad
1412 2261 1645 2347 locum,
1704 2262 1814 2345 qui
1848 2260 2083 2328 dicitur
2113 2262 2507 2347 Toboywar,
2549 2262 2660 2329 ubi
2692 2269 2843 2329 sunt
2874 2261 3003 2328 due

739 2372 946 2452 mete;
1004 2367 1239 2434 deiude
1286 2367 1468 2434 uadit
1521 2368 1605 2435 ad
1640 2369 1866 2435 uillam
1899 2367 2196 2456 Cheyka,
2250 2376 2315 2436 et
2347 2375 2446 2438 cst
2494 2368 2639 2437 fons
2689 2370 2757 2435 in
2809 2369 3003 2453 silua,

740 2474 855 2540 ubi
875 2480 1028 2540 sunt
1056 2473 1181 2541 due
1212 2482 1413 2562 mete;
1451 2475 1603 2543 inde
1636 2476 1819 2544 vadit
1852 2477 1937 2544 ad
1958 2477 2209 2565 Sesseu,
2246 2483 2311 2545 et
2340 2478 2434 2547 ibi
2457 2484 2610 2546 sunt
2640 2477 2768 2545 due
2789 2483 2958 2545 mete
2985 2500 3002 2563 ;

737 2581 892 2649 inde
923 2580 1011 2648 ad
1042 2580 1502 2670 Nigenszovn;
1538 2591 1604 2652 et
1635 2584 1729 2651 ibi
1761 2585 1997 2651 transit
2029 2606 2268 2672 aquam
2303 2585 2567 2671 Pincua,
2600 2592 2668 2652 et
2699 2583 2790 2652 ibi
2821 2589 3003 2652 tenet

741 2700 981 2759 metam
1015 2710 1164 2758 eum
1213 2692 1373 2759 uilla
1403 2693 1742 2781 Poschen3
1794 2694 1948 2762 inde
1981 2693 2069 2761 ad
2101 2694 2328 2761 uillam
2361 2693 2646 2779 Coraldi,
2695 2701 2761 2760 et
2790 2693 2881 2761 ibi
2911 2693 3005 2758 in-

739 2799 904 2887 cipit
935 2805 1157 2866 tenere
1190 2809 1433 2868 metam
1485 2822 1631 2870 cum
1665 2803 1828 2869 uilla
1859 2802 2339 2889 cruciferorum,
2393 2809 2458 2869 et
2488 2802 2581 2869 ibi
2611 2807 2713 2871 est
2760 2821 3003 2887 magna

737 2909 867 2997 uia,
906 2929 1025 2995 per
1076 2929 1276 2993 quam
1325 2911 1455 2977 itur
1484 2910 1572 2977 ad
1624 2918 1912 2979 castrum
1943 2912 2143 2980 Owar
2162 2963 2182 2998 ,
2216 2919 2281 2979 et
2329 2911 2423 2977 ibi
2472 2910 2706 2978 transit
2755 2929 2998 2993 aquam

736 3016 968 3085 Tohou
990 3070 1007 3103 ,
1060 3023 1125 3085 et
1176 3018 1265 3084 ibi
1314 3024 1492 3087 tenet
1541 3021 1781 3088 metam
1830 3041 1975 3088 cum
2026 3020 2233 3087 seruis
2287 3020 2539 3104 Regiae
2556 3073 2574 3106 ,
2638 3026 2706 3086 et
2755 3018 2848 3084 ibi
2900 3026 3002 3087 cst

736 3126 847 3193 uia
899 3127 1189 3215 antiqua,
1241 3148 1363 3216 per
1398 3148 1597 3214 quam
1629 3130 1758 3197 itur
1811 3128 1899 3196 ad
1929 3128 2193 3218 Inched,
2249 3128 2362 3196 ubi
2394 3136 2497 3196 est
2543 3129 2746 3215 pirus,
2798 3134 2863 3195 et
2907 3128 2999 3194 ibi

736 3240 887 3301 sunt
938 3233 1065 3302 due
1100 3241 1290 3322 mete,
1344 3242 1409 3303 et
1438 3238 1672 3326 incipit
1721 3243 1943 3306 tenere
1977 3243 2186 3306 metas
2218 3257 2363 3304 cum
2411 3237 2566 3322 filiis
2599 3236 2881 3321 Condra,
2935 3243 3000 3303 et

737 3341 831 3407 ita
879 3340 1127 3408 reditur
1177 3342 1264 3407 ad
1310 3343 1588 3429 primam
1641 3352 1882 3412 metam
1931 3346 2192 3412 Sartiw.
2225 3346 2286 3413 U
2319 3381 2999 3394 ——————

736 3447 816 3513 H.
839 3468 1103 3515 suorum
1137 3450 1555 3517 seruiciorum
1588 3460 1655 3518 et
1687 3453 2074 3520 effusionum
2106 3453 2445 3540 sanguinis
2476 3455 2721 3521 meritis
2751 3454 2999 3542 predic-

738 3559 825 3628 tis
855 3559 1159 3628 fidelibus
1208 3562 1452 3629 nostris
1504 3562 1701 3648 digne
1744 3563 1923 3632 faeta
1971 3564 2267 3649 collaci0,
2319 3564 2416 3632 cis
2456 3570 2521 3631 et
2548 3586 2667 3653 per
2717 3586 2828 3632 cos
2860 3565 2998 3632 suis

734 3666 1088 3736 heredibus
1119 3669 1558 3754 heredumque
1591 3673 2086 3741 suecessoribus
2138 3680 2457 3761 perpetuo
2487 3673 2996 3761 perseueranda,

736 3793 857 3841 nec
888 3794 931 3841 a
961 3776 1197 3860 quouis
1227 3783 1589 3866 temporum
1622 3779 1942 3848 curriculo
1976 3801 2174 3868 super
2209 3781 2339 3868 hijs
2372 3781 2595 3848 ualeat
2623 3780 2997 3867 inquietari,

736 3883 845 3950 uel
876 3885 1294 3971 aliquatenus
1325 3888 1647 3975 infestari,
1699 3897 2041 3978 presentes
2072 3889 2319 3959 eisdem
2351 3891 2790 3960 concessimus
2833 3891 3001 3959 litte-

733 4013 844 4060 ras
877 3993 1203 4081 dupplicis
1251 3996 1452 4081 sigilli
1484 3999 1688 4065 nostri
1739 3998 2095 4066 munimine
2127 3999 2492 4068 roboratas.
2541 4002 2781 4067 Datum
2815 3999 2996 4085 apud

732 4100 958 4168 villam
991 4102 1250 4188 Nomoy
1281 4104 1348 4170 in
1380 4105 1673 4191 partibus
1698 4106 1973 4193 cherie
2003 4126 2174 4174 anno
2207 4106 2550 4177 Dominice
2589 4107 3000 4175 Inearnaoio-

733 4208 836 4276 nis
870 4209 1216 4279 millesimo
1249 4209 1690 4279 ducentesimo
1728 4214 2231 4301 quadragesimo
2276 4223 2532 4301 quarte,
2579 4221 2809 4298 quarto
2840 4213 2998 4282 Idus

732 4317 1099 4405 Februarij,
1135 4318 1345 4404 Regni
1376 4326 1595 4387 autem
1627 4323 1835 4390 nostri
1868 4342 2038 4391 anno
2071 4322 2345 4392 decimo.

734 4478 1009 4545 (Eredetie
1038 4480 1389 4550 borhartyssn,
1427 4483 1646 4552 melytiss
1673 4502 1707 4536 a
1733 4483 1916 4553 kin-aly
1940 4487 2122 4539 kettiis
2159 4484 2401 4553 pecsetje
2439 4482 2788 4554 vinos-sanga
2818 4486 3001 4539 zsiuo·

1042 4588 1135 4625 ron
1163 4574 1318 4640 ffigg,
1346 4589 1380 4624 a.
1403 4573 1603 4627 f6m61t.
1634 4574 1725 4642 hg.
1753 4573 2046 4641 Batthyani
2074 4574 2259 4628 csaldd
2284 4576 2699 4645 levkitrirdban.)
