3359 5250
1882 292 2015 357 4013

824 494 1037 584 posite
1071 492 1411 582 capitales,
1447 510 1572 577 que
1603 489 1963 575 distingunt
2003 495 2069 556 et
2098 493 2411 576 separant
2432 493 2673 555 terram
2705 488 2957 555 Mesees
2987 485 3079 553 de

823 612 1002 673 terra
1031 602 1319 682 Chenke,
1373 605 1441 667 et
1472 598 1554 668 de
1585 607 1766 668 terra
1795 598 2092 685 Zolkod;
2126 597 2398 685 posthee
2426 597 2612 665 vadit
2648 616 2876 666 versus
2907 597 3079 665 oeei-

827 712 1106 795 dentem,
1139 708 1479 797 pet-ueniet
1510 706 1598 775 ad
1631 707 1962 791 quandam
1994 724 2228 774 venam
2260 721 2418 774 veter
2447 712 2907 793 nmenpm,
2944 724 3081 789 qne

826 822 962 889 exit
991 818 1076 889 de
1087 821 1442 907 sequetetou
1470 822 1537 886 et
1566 815 1751 884 vadit
1779 835 2012 884 versus
2045 815 2400 900 meridiem,
2452 835 2577 901 que
2615 815 2866 882 scilieet
2901 832 3080 882 vena

831 951 960 1000 non
991 935 1236 996 remote
1285 923 1498 994 eundo
1530 924 1613 993 de
1644 923 1792 1012 ipsa
1804 925 2156 1012 sequetem
2186 922 2498 991 diuiditur
2525 924 2591 990 in
2629 923 2793 991 duas
2828 927 3076 1009 partes,

829 1058 957 1105 vna
1006 1056 1226 1104 earnm
1258 1033 1443 1103 vadit
1473 1053 1701 1103 versus
1733 1033 2088 1119 meridiem,
2141 1039 2206 1100 et
2231 1032 2368 1099 alia
2398 1052 2625 1100 versus
2669 1032 3078 1101 occidentem

826 1181 913 1196 —-·
943 1182 1032 1196 —
1063 1183 1151 1194 —-
1180 1182 1268 1193 —
1301 1142 1590 1211 eiusdem
1620 1162 1786 1210 vene
1819 1148 1921 1210 est
1949 1149 2125 1209 meta
2154 1149 2407 1227 terrea;
2441 1141 2675 1209 exinde
2712 1139 2924 1208 eundo
2955 1160 3076 1227 per

827 1276 1024 1323 vnum
1055 1274 1304 1321 ramum
1354 1252 1607 1341 prefate
1637 1271 1801 1319 vene
1833 1252 1918 1319 ad
1968 1250 2367 1320 occidentem
2397 1270 2514 1338 per
2562 1250 2839 1337 sylnam‚
2891 1257 2960 1319 et
2989 1250 3077 1316 de

828 1364 978 1452 ipsa
1008 1364 1201 1450 sylna
1231 1360 1510 1430 exiendo
1543 1360 1630 1427 ad
1664 1379 1963 1447 eampum
1993 1380 2111 1447 per
2141 1360 2380 1428 bonnm
2412 1360 2707 1446 spacium
2739 1357 2976 1442 eundo,
3006 1367 3079 1427 et

830 1473 1059 1541 eadem
1106 1490 1276 1539 vena
1326 1471 1483 1538 salit
1512 1476 1700 1538 extra
1748 1469 1836 1536 ad
1884 1469 2303 1555 occidentem,
2355 1470 2690 1557 perueniet
2739 1468 2826 1536 ad
2852 1488 3079 1537 -vnam

830 1587 1065 1649 metam
1112 1577 1444 1667 lapideam
1494 1578 1868 1665 capitalem,
1918 1595 2045 1662 que
2094 1584 2362 1665 separat
2407 1586 2648 1646 terram
2697 1580 2953 1647 Mesees
2991 1575 3079 1644 de

830 1697 1006 1757 terra
1055 1689 1404 1772 Kereztnr;
1470 1684 1710 1754 deinde
1761 1685 1943 1753 vadit
1991 1706 2218 1755 versus
2271 1688 2673 1757 occidentem
2722 1688 2789 1755 in
2842 1685 3077 1756 eodem

831 1817 1063 1883 eampo
1094 1794 1430 1883 per-ueniet
1458 1792 1545 1859 ad
1574 1792 1842 1861 fluuium
1864 1791 2148 1880 Budrng,
2180 1800 2247 1861 et
2277 1794 2462 1861 iuxta
2485 1794 2752 1862 fluuium
2774 1813 2856 1860 ex
2887 1801 3081 1880 parte

833 1903 1243 1973 meridionali
1274 1909 1379 1971 est
1408 1909 1582 1970 meta
1628 1921 1828 1989 snper
1857 1903 2152 1971 arborem
2192 1902 2417 1989 populi
2466 1904 2688 1971 innota
2723 1902 2848 1971 sibi
2899 1912 3079 1971 meta

833 2024 1082 2099 terrea3
1135 2011 1374 2082 deinde
1401 2011 1577 2098 salyt
1605 2012 1779 2078 vltra
1825 2009 2070 2079 directe
2117 2031 2236 2098 per
2283 2011 2495 2100 ipsum
2545 2012 2833 2098 fluuium,
2884 2020 2954 2080 et
2983 2011 3078 2079 ibi

833 2145 1039 2212 prope
1066 2124 1278 2212 ipsum
1310 2121 1577 2189 fluuium
1627 2141 1711 2188 ex
1740 2127 1930 2207 parte
1961 2120 2354 2189 occidentali
2385 2128 2487 2188 est
2517 2128 2691 2190 meta
2738 2141 2938 2209 super
2972 2143 3077 2189 ar-

835 2234 1058 2300 borem
1091 2229 1262 2300 ilicis
1293 2250 1437 2298 enm
1470 2228 1660 2314 signo
1694 2229 1902 2295 erneis
1933 2229 2214 2314 signata,
2248 2230 2368 2296 sub
2401 2248 2536 2314 qna
2565 2250 2647 2297 ex
2677 2236 2867 2317 parte
2904 2230 3078 2299 oeci·

836 2340 1084 2408 dentali
1134 2345 1235 2408 est
1266 2344 1439 2406 meta
1470 2342 1725 2421 terrea3
1778 2336 2012 2404 deinde
2059 2339 2296 2405 transit
2331 2359 2449 2427 per
2478 2339 2734 2426 sylnam
2782 2337 2869 2407 ad
2909 2339 3075 2408 oeci-

834 2449 1113 2534 dentem,
1165 2453 1229 2515 et
1257 2446 1596 2536 perueniet
1646 2444 1731 2512 ad
1762 2466 2080 2533 eampum,
2133 2448 2296 2515 etin
2347 2448 2558 2515 medio
2605 2445 2811 2535 ipsius
2859 2447 3076 2533 campi

836 2563 938 2625 est
972 2562 1145 2625 meta
1175 2555 1441 2645 lapidea
1492 2554 1795 2644 capitalis
1826 2556 1946 2622 sub
1979 2553 2261 2641 quadam
2308 2558 2544 2626 arbore
2574 2556 2744 2625 ilieis
2774 2576 2857 2623 ex
2888 2563 3079 2644 parte

836 2665 1223 2735 occidentali
1273 2666 1494 2732 innota
1544 2663 1671 2731 sibi
1721 2670 1895 2731 meta
1943 2670 2155 2732 terrea
2176 2715 2194 2748 ,
2266 2684 2392 2748 que
2440 2663 2782 2749 distinguit
2832 2671 3077 2732 terram

836 2774 1054 2841 Mezes
1088 2773 1171 2841 de
1195 2778 1371 2839 terra
1386 2772 1736 2856 Kereztur;
1776 2770 2046 2859 posthee
2073 2770 2258 2838 vadit
2288 2769 2534 2839 direete
2561 2770 2650 2838 ad
2680 2772 3082 2839 occidentem

837 2902 956 2968 per
1002 2882 1150 2949 loea
1181 2879 1470 2965 syluosa,
1526 2877 1866 2966 perueniet
1895 2878 1981 2946 ad
2015 2879 2208 2965 via-m,
2259 2899 2387 2965 qne
2418 2880 2636 2950 veniet
2674 2881 2759 2948 de
2789 2882 2976 2966 Zegy
3017 2885 3085 2946 et

836 2988 1022 3058 vadit
1051 2989 1140 3058 ad
1167 2989 1437 3075 Mesees,
1473 2988 1635 3056 etin
1667 2988 1818 3076 ipsa
1841 2990 1949 3057 via
1980 2989 2191 3058 eundo
2224 2990 2309 3058 ad
2340 2992 2862 3078 septemtrionem
2902 2990 3086 3058 eadit

833 3099 904 3165 in
936 3096 1262 3183 quendam
1290 3095 1569 3164 rinnlnm
1600 3098 2142 3186 D'ereznekpataka
2171 3105 2633 3186 nuncupatum,
2682 3099 2748 3166 in
2780 3119 2911 3184 qno
2940 3099 3083 3185 qni·

838 3207 987 3275 dem
1017 3206 1225 3274 riuulo
1258 3205 1471 3272 eundo
1517 3204 1603 3273 ad
1634 3205 2034 3273 oeeidentem
2066 3226 2269 3292 vsque
2300 3206 2387 3274 ad
2429 3208 2744 3292 originem
2783 3206 3086 3275 eiusdem

839 3313 1053 3401 riunli‚
1101 3321 1167 3379 et
1192 3309 1602 3380 ascendendo
1633 3331 1754 3398 per
1783 3313 2021 3380 vallem
2053 3311 2328 3382 eandem
2360 3313 2448 3382 ad
2478 3313 2805 3382 exeelsnm
2840 3315 3085 3383 montis

838 3422 1174 3511 perueniet
1202 3421 1289 3488 ad
1319 3422 1497 3489 viam
1530 3417 1880 3506 quandam,
1932 3441 2057 3507 que
2089 3423 2306 3490 veniet
2335 3422 2418 3492 de
2448 3422 2603 3490 Mad
2634 3431 2702 3492 et
2731 3423 2917 3491 vadit
2944 3444 3083 3492 ver·

839 3550 952 3599 sus
982 3531 1217 3614 Mezes‚
1268 3528 1453 3596 iuxta
1483 3548 1680 3613 quam
1713 3548 1795 3596 ex
1826 3537 2015 3617 parte
2063 3530 2470 3600 meridionali
2502 3541 2604 3600 est
2635 3539 2807 3601 meta
2844 3540 3082 3616 terrea,

841 3644 907 3708 et
936 3660 1016 3706 ex
1066 3644 1252 3726 parte
1299 3637 1812 3726 septemtrionali
1863 3646 1965 3706 est
2012 3649 2186 3708 meta
2215 3641 2479 3728 lapidea
2525 3662 2731 3730 prope
2781 3642 3085 3709 arborem

839 3746 1012 3814 ilicis
1061 3767 1204 3814 oum
1255 3746 1449 3832 signo
1500 3747 1709 3814 erucis
1756 3747 2118 3835 signatam3
2169 3748 2406 3816 deinde
2456 3749 2803 3818 reflectitur
2849 3769 3087 3818 versus

841 3856 1388 3941 septemtrionem,
1420 3862 1486 3923 et
1509 3855 1685 3923 eadit
1713 3855 1800 3923 ad
1829 3856 2068 3925 vallem
2099 3877 2218 3925 sen
2248 3858 2566 3945 originem
2592 3860 2863 3928 alterins
2894 3860 3087 3946 flnnij

841 3965 1420 4054 Feouenyespataka
1447 3965 1826 4053 nuncupati,
1873 3967 1942 4032 in
1979 3984 2109 4050 quo
2141 3965 2448 4035 videlieet
2491 3967 2702 4037 riuulo
2733 3970 3087 4056 Feouenyes

842 4072 1179 4141 deseendit
1209 4073 1291 4141 de
1340 4075 1663 4144 montibus
1695 4082 1760 4143 et
1790 4075 1969 4145 eadit
1998 4075 2086 4143 ad
2135 4076 2399 4144 fluuium
2436 4079 2967 4166 Meseespataka,
3017 4087 3087 4146 et

841 4182 909 4248 in
940 4181 1084 4268 ipso
1104 4181 1304 4251 fluuio
1334 4183 1547 4253 eundo
1565 4184 1653 4252 ad
1684 4193 1906 4273 partes
1938 4186 2394 4255 meridionales
2415 4188 2751 4274 perueniet
2779 4188 2867 4256 ad
2887 4207 3085 4273 quen-

841 4288 995 4358 dam
1024 4290 1255 4375 loeum‚
1289 4291 1404 4360 vbi
1428 4293 1696 4377 qnidam
1727 4295 1974 4364 rinulns
2002 4296 2263 4363 nomine
2282 4296 2780 4384 Magitapataka
2808 4298 3083 4366 veniens

844 4419 926 4466 ex
955 4407 1142 4488 parte
1169 4403 1678 4490 septemtrionali
1713 4405 1891 4473 eadit
1918 4404 1987 4473 in
2021 4405 2233 4493 ipsum
2262 4405 2529 4474 fluuium
2552 4408 2819 4495 Mesees‚
2854 4407 2920 4474 in
2953 4428 3082 4492 quo

842 4508 1102 4592 quidem
1136 4511 1279 4580 loeo
1329 4513 1506 4599 salyt
1535 4520 1722 4583 extra
1751 4514 1835 4582 de
1865 4515 2063 4585 fluuio
2094 4519 2344 4585 Mesoes
2376 4516 2462 4585 ad
2499 4526 2752 4604 partem
2801 4518 3081 4586 orienta-

843 4619 992 4704 lem,
1042 4626 1109 4686 et
1137 4619 1314 4690 eadit
1340 4623 1428 4689 ad
1459 4623 1653 4709 viam,
1705 4643 1833 4709 qne
1862 4625 2081 4694 veniet
2131 4625 2213 4695 de
2244 4627 2468 4713 Benye
2518 4633 2585 4695 et
2618 4627 2802 4695 vadit
2848 4646 3081 4695 versus
