3359 5250
1768 301 1854 366 58

695 495 994 562 Ruhman
1028 494 1268 561 auferri
1307 501 1614 580 rogantes
1648 498 1734 562 ab
1769 495 2031 563 eisdem.
2069 498 2173 563 Ad
2205 499 2328 564 hoc
2380 498 2538 566 dicti
2571 500 2842 567 Laudan
2894 512 2958 568 et

700 600 1054 689 Gregorius
1086 622 1215 671 non
1262 602 1813 688 contradixerunt,
1865 605 2162 672 nolentes
2196 626 2340 673 cum
2392 607 2487 674 eis
2528 607 2663 676 litis
2715 609 2957 675 habere

699 730 1109 797 processum3
1164 709 1403 777 dictam
1463 717 1703 778 terram
1755 712 2138 797 Thusnapia
2186 713 2252 779 in
2311 715 2539 782 eadem
2589 717 2958 799 quantitate

698 838 841 887 cum
872 817 1118 886 eisdem
1150 819 1339 885 metis
1372 825 1435 884 et
1466 819 1763 887 terminis
1795 838 2023 888 uersus
2055 821 2385 906 Kalanda‚
2427 829 2497 888 ut
2526 823 2953 909 prediximus,

701 926 1133 1010 adiacentem,
1183 925 1351 993 sicut
1382 927 1466 991 ab
1499 926 1746 993 eisdem
1774 930 2105 1014 Stephano
2140 936 2205 997 et
2238 932 2377 996 suis
2411 930 2707 1014 cognatis
2741 951 2961 1017 posse-

702 1037 950 1121 derant,
984 1033 1231 1103 eisdem
1264 1034 1592 1122 Stephano
1628 1044 1693 1104 et
1722 1037 2037 1121 Adriano,
2080 1044 2144 1103 et
2173 1037 2441 1123 Euzino,
2481 1045 2546 1104 et
2575 1039 2783 1105 Paulo
2819 1040 2963 1105 red·

700 1143 1041 1230 diderunt3
1074 1143 1373 1212 similiter
1401 1143 1760 1212 Laudanus
1795 1152 1859 1212 et
1891 1143 2249 1231 Gregorius
2272 1164 2459 1212 suam
2491 1153 2751 1230 terram,
2786 1146 2962 1215 vide-

697 1254 851 1323 licet
871 1254 1154 1323 mediam
1170 1260 1422 1342 partem
1454 1259 1628 1323 terre
1647 1256 1965 1340 Ruhman,
2002 1275 2197 1340 quam
2229 1256 2654 1342 prediximus,
2695 1258 2762 1324 in
2786 1258 2962 1326 bona

706 1363 917 1430 forma
945 1363 1128 1449 pacis
1162 1363 1247 1429 ab
1280 1362 1376 1430 eis
1409 1370 1813 1449 receperunt.
1865 1364 2004 1430 Nos
2039 1364 2238 1449 igitur
2270 1367 2449 1450 ipsas
2482 1371 2707 1450 partes
2738 1365 2962 1432 uiden-

703 1478 803 1539 tes
832 1470 1001 1539 uelle
1033 1469 1158 1537 frui
1191 1488 1309 1539 suo
1332 1471 1479 1555 jure
1511 1471 1749 1556 priore,
1805 1470 1987 1557 ipsos
2020 1472 2105 1537 ad
2139 1491 2258 1539 sua
2280 1471 2436 1556 jura
2465 1473 2736 1558 propria
2766 1473 2963 1539 intro·

702 1578 948 1647 eundos
980 1578 1285 1647 iussimus
1334 1599 1453 1666 per
1483 1579 1697 1647 Filem
1725 1586 2016 1648 nostrum
2068 1579 2479 1665 pristaldum.
2534 1582 2704 1648 Mete
2743 1586 2962 1647 autem

702 1696 876 1756 terre
905 1688 1328 1773 Thusnapya,
1380 1706 1509 1772 que
1559 1693 1661 1753 est
1693 1686 2014 1775 Stephani
2052 1695 2118 1753 et
2167 1689 2307 1755 eius
2358 1694 2805 1775 cognatorum,
2866 1689 2964 1754 sic

704 1795 1027 1881 incipiunt
1058 1820 1075 1859 ε
1124 1794 1472 1880 Egreditur
1504 1793 1588 1861 de
1620 1795 1820 1864 fluuio
1852 1796 2000 1882 Ipul
2034 1816 2076 1861 a
2106 1802 2294 1882 parte
2345 1796 2643 1864 orientali
2678 1803 2744 1863 et
2782 1797 2967 1863 uadit

708 1905 797 1972 ad
825 1911 1077 1991 partem
1111 1902 1618 1987 meridionalem,
1651 1905 1932 1972 tenendo
1972 1910 2178 1972 metas
2210 1924 2353 1971 cum
2386 1907 2600 1974 Bence
2621 1912 2687 1971 et
2718 1903 2965 1989 Grego-

707 2012 844 2099 rio;
896 2021 962 2081 et
991 2013 1087 2080 sic
1117 2013 1332 2079 eundo
1362 2012 1599 2078 transit
1626 2017 1866 2079 terram
1897 2013 2317 2099 Thusnapya‚
2351 2034 2477 2098 que
2511 2019 2610 2080 est
2640 2013 2963 2081 dictornm

708 2123 922 2190 Bence
953 2128 1019 2188 et
1049 2119 1388 2207 Gregorii3
1423 2129 1488 2189 et
1517 2119 1671 2188 inde
1705 2122 1998 2208 procedit
2029 2128 2092 2188 et
2121 2122 2302 2188 cadit
2331 2121 2418 2188 ad
2449 2124 2808 2206 kam-deu,-
2860 2120 2965 2186 de·

707 2229 863 2296 inde
893 2229 1076 2295 uadit
1107 2229 1194 2295 ad
1225 2236 1433 2297 metas
1466 2228 1806 2312 Homodei,
1853 2235 1919 2295 et
1949 2230 2041 2296 ibi
2075 2235 2249 2297 tenet
2281 2235 2518 2296 metam
2553 2251 2698 2296 cum
2729 2231 2964 2296 Homo-

712 2336 817 2403 dei
849 2332 1023 2423 (igy)
1056 2342 1123 2401 et
1152 2355 1297 2403 cum
1328 2336 1491 2403 villa
1522 2335 1865 2411 Kalanda3
1913 2334 2149 2401 exinde
2180 2335 2591 2422 procedendo
2623 2336 2809 2402 iuxta
2838 2342 2960 2402 ter-

708 2464 852 2510 ram
883 2442 1202 2512 Homodei
1232 2444 1440 2512 tendit
1471 2451 1534 2511 et
1565 2445 1744 2513 cadit
1776 2443 1863 2510 ad
1881 2445 2028 2531 Ipul
2061 2444 2283 2527 herke,
2317 2446 2473 2511 etin
2507 2444 2733 2513 eodem
2761 2445 2963 2512 fluuio

711 2554 862 2641 Ipul
896 2551 1080 2620 uadit
1124 2553 1429 2641 superius
1460 2554 1743 2620 tenendo
1775 2559 1983 2620 metas
2034 2571 2178 2617 cum
2211 2550 2369 2617 villa
2407 2550 2654 2637 Vilika,
2707 2554 2967 2637 conjun-

720 2663 891 2747 gitur
920 2660 1122 2749 priori
1153 2667 1342 2745 mete,
1377 2668 1444 2728 et
1471 2661 1565 2727 ibi
1595 2661 1998 2727 terminatur.
2052 2661 2137 2725 Vt
2166 2661 2365 2745 igitur
2396 2660 2589 2726 huius
2621 2660 2715 2726 rei
2763 2661 2968 2727 series

716 2775 862 2838 rata
893 2776 957 2837 et
985 2769 1244 2838 stabilis
1274 2777 1673 2856 permaneat,
1726 2777 1791 2835 et
1822 2770 2004 2835 nulla
2035 2767 2409 2854 calumpnia
2442 2773 2640 2852 queat
2683 2765 2966 2855 interpo-

716 2877 846 2944 sita
873 2877 1188 2962 reuocari,
1224 2883 1477 2944 nostras
1509 2878 1945 2944 concessimus
1996 2876 2251 2943 litteras
2283 2883 2502 2943 nostro
2534 2873 2754 2959 sigillo
2784 2876 2970 2944 robo-

719 2990 919 3053 ratas.
974 2987 1214 3053 Datum
1246 3005 1415 3052 anno
1447 2985 1712 3053 Domini
1762 2983 2107 3052 millesimo
2154 2983 2595 3051 ducentesimo
2645 2982 2969 3050 tricesimo

720 3100 970 3163 octauo.
1001 3095 1344 3181 Regnante
1375 3093 1636 3162 domino
1669 3093 1834 3161 Bela
1863 3095 2043 3178 Rege
2075 3090 2382 3176 glorioso.

722 3292 791 3357 (A
816 3295 1080 3360 pozsonyi
1104 3291 1479 3359 kaptalannak
1502 3293 1725 3343 1346·Βί
1755 3292 1974 3355 „datum
1999 3293 2055 3341 in
2076 3290 2163 3342 die
2186 3290 2353 3341 Beate
2378 3289 2675 3340 Katherinc
2695 3289 2969 3355 Virginis“

721 3380 780 3433 6⁸
812 3381 1088 3448 „Andreas
1111 3382 1254 3433 filius
1279 3381 1570 3446 Laurencij
1601 3380 1800 3432 nobilis
1826 3380 1892 3429 de
1917 3378 2279 3444 Thnsnapya“
2303 3375 2553 3429 keresbre
2573 3377 2785 3430 kiadott
2809 3375 2971 3430 atita·

1245 3468 1394 3523 tabol
1422 3486 1456 3521 a
1480 3470 1645 3522 budai
1670 3469 1774 3521 kir.
1803 3469 2050 3520 kamarai
2076 3465 2452 3530 leveltarban.)
