3359 5250
1248 483 1266 493 ἢ
1344 391 1475 461 219

282 597 348 658 et
380 592 653 678 Mathya
682 591 838 658 filiis
869 591 1024 678 suis,
1074 591 1240 659 Bala
1270 612 1419 660 cum
1450 593 1662 657 Prusa
1693 589 1824 657 filio
1858 609 1998 675 sno,
2036 590 2352 657 Balaseus
2384 608 2527 655 cum

279 703 421 768 Bue
450 700 586 769 filio
615 721 757 785 suo,
791 699 933 768 Bud
966 720 1111 767 cum
1142 698 1426 786 Georgio
1465 708 1532 768 et
1563 700 1915 784 Garganus
1946 699 2101 786 filijs
2123 699 2279 784 suis,
2313 701 2530 782 Stayz-

276 810 432 876 laus
481 828 627 876 cum
657 811 881 876 Iwanc
929 816 994 877 et
1024 808 1259 893 Egidio
1292 810 1444 896 filijs
1493 810 1650 894 suis,
1703 807 1998 875 Dobrina
2047 827 2193 874 cum
2234 806 2436 893 Myko
2468 809 2533 869 et

279 917 500 1002 Woyn
530 915 687 1004 filijs
735 916 892 1005 suis,
927 917 1248 1002 Woyzlau
1297 938 1443 983 cum
1472 917 1739 983 Beneba
1787 915 1921 983 filio
1961 935 2101 1000 suo,
2152 922 2217 981 et
2245 913 2533 981 Thomas

278 1045 431 1091 cum
480 1025 823 1111 Gregorio,
858 1026 1125 1110 Lauryn
1159 1029 1223 1090 et
1270 1023 1497 1092 Piscur
1545 1024 1699 1110 filiis
1749 1022 1907 1110 suis,
1960 1023 2042 1089 de
2093 1021 2325 1089 minori
2372 1020 2534 1087 villa

276 1132 643 1220 Selepchen
690 1133 952 1201 nomine
972 1183 991 1214 ‚
1044 1133 1439 1219 j0bagiones
1489 1132 1870 1218 Monasterij
1917 1131 2144 1199 Sancti
2199 1127 2532 1195 Benedicti

278 1241 468 1308 iuxta
499 1242 791 1309 Granum
840 1242 1196 1311 seruientes
1227 1241 1297 1308 in
1328 1261 1497 1326 equo
1528 1243 1813 1329 proprio,
1869 1240 1981 1326 qui
2012 1240 2186 1324 wlgo
2224 1241 2534 1323 luosicsay

278 1349 603 1435 dicuntur,
639 1372 680 1418 a
711 1350 993 1421 seruicio
1026 1349 1184 1420 dicti
1214 1350 1590 1437 Monasterij
1625 1370 1700 1419 se
1732 1350 2227 1438 presumpcione
2270 1343 2536 1434 propria

278 1460 726 1545 retraxisscnt,
762 1466 829 1526 et
858 1458 1125 1528 eosdem
1158 1457 1386 1526 Abbas
1435 1459 1713 1547 predicti
1750 1457 2128 1543 Monastcrij
2167 1452 2388 1523 Sancti
2419 1452 2534 1518 Be-

280 1566 529 1637 nedicti
561 1566 645 1635 de
677 1568 1144 1636 conueniencia
1175 1567 1278 1635 sui
1309 1566 1687 1635 Conuentus
1712 1567 1779 1634 in
1811 1564 2120 1633 iudicium
2153 1566 2533 1644 euocasset3

280 1675 402 1742 sed
435 1695 580 1742 cum
618 1694 975 1761 grauamen
1025 1671 1361 1741 imminere
1390 1672 1517 1740 sibi
1550 1671 2047 1760 presensissent,
2086 1669 2353 1736 tandem
2383 1671 2537 1733 ante

280 1782 701 1849 diffinitiuam
724 1781 1125 1850 sentenciam
1156 1782 1243 1848 ad
1275 1781 1593 1867 gremium
1613 1780 1912 1847 Ecclesie
1942 1785 2386 1860 recurrentes;
2418 1795 2537 1862 pro

278 1890 763 1975 inobediencia,
824 1911 1022 1977 quam
1067 1892 1433 1959 temeritate
1482 1891 1977 1975 commiserant,
2034 1890 2118 1954 ab
2167 1887 2424 1953 Abbate
2473 1890 2538 1950 et

285 1997 632 2066 Conuentu
682 1998 993 2085 predictis
1044 1998 1305 2067 veniam
1356 2001 1789 2085 postularunt,
1840 1999 2236 2079 confitentes,
2285 2014 2359 2061 se
2387 2013 2536 2060 esse

272 2106 678 2193 jobagiones
708 2107 1087 2194 Monasterij
1139 2106 1486 2192 prenotati,
1538 2106 1606 2173 in
1638 2125 1804 2191 equo
1836 2103 2097 2192 proprio
2139 2101 2534 2183 seruientes;

280 2214 457 2282 sicut
489 2217 576 2283 ab
611 2216 867 2283 Abbate
896 2223 961 2284 et
992 2216 1329 2285 Conuentu
1380 2215 1783 2301 supradictis
1819 2233 1934 2300 per
1985 2211 2397 2299 priuilegium
2430 2208 2537 2294 pic

283 2323 601 2392 memorie
653 2323 896 2393 domini
934 2322 1268 2410 Stephani,
1322 2321 1650 2409 quondam
1698 2322 1898 2406 Regis
1948 2319 2285 2406 Hungarie
2331 2316 2536 2400 tercij,

282 2430 545 2516 Geysse
573 2430 774 2517 Regis
824 2431 941 2518 filij
974 2431 1398 2517 probabatur.
1450 2434 1757 2500 Petentcs
1807 2430 2154 2512 humiliter,
2205 2435 2278 2494 ut
2326 2423 2537 2492 cosin

284 2539 564 2623 antiqua
609 2539 899 2626 ipsorum
930 2538 1394 2606 consuetudine
1443 2559 1711 2605 seruare
1741 2536 2205 2605 Monasterium
2238 2533 2537 2620 dignare-

282 2656 410 2733 tur,
445 2667 576 2734 que
606 2647 762 2715 talis
796 2655 934 2734 cst3
984 2655 1056 2715 vt
1084 2647 1423 2715 annuatim
1454 2647 1850 2715 Monasterio
1883 2647 2008 2714 duo
2041 2644 2336 2733 pondera
2367 2660 2538 2707 man-

281 2757 381 2823 sio
414 2756 710 2841 quelibet
740 2762 1030 2842 tcnetur3
1078 2757 1234 2823 item
1266 2758 1588 2824 Abbatem
1638 2756 1955 2843 recipient
1986 2752 2342 2838 annuatim,
2381 2748 2537 2816 dan-

281 2873 383 2931 tes
435 2884 558 2951 pro
589 2883 711 2930 sua
759 2864 1220 2952 procuracione
1270 2885 1536 2952 porcum
1568 2865 1909 2949 triennem,
1964 2864 2075 2948 qui
2124 2860 2320 2946 uulgo
2354 2872 2539 2925 artan

282 2974 545 3057 dicitur,
578 2981 646 3041 et
677 2994 904 3060 panes,
955 2994 1037 3041 ac
1068 2975 1433 3060 ceruisiam‚
1485 2983 1550 3042 et
1580 2974 1914 3061 pabulum,
1966 2973 2134 3040 sicut
2164 2969 2279 3036 alii
2317 2966 2539 3055 populi

284 3082 669 3167 Monastcrij
721 3083 1090 3170 prenotati3
1141 3085 1294 3149 item
1329 3082 1394 3149 in
1427 3082 1713 3151 aduentu
1742 3082 1943 3166 Regis
1992 3078 2378 3146 subuenient
2414 3073 2539 3141 Ab·

285 3190 444 3275 bati,
479 3188 652 3257 sicut
680 3190 800 3276 alij
831 3191 1058 3279 populi
1089 3191 1467 3278 Monasterij
1501 3190 1865 3278 prenotati3
1899 3188 2057 3255 item
2087 3185 2154 3253 in
2181 3183 2539 3251 festiuitate

285 3296 521 3364 Sancti
553 3297 889 3369 Benedicti
920 3299 1002 3365 de
1034 3301 1357 3366 communi
1388 3298 1644 3367 soluent
1671 3299 1838 3365 duas
1857 3314 2056 3379 oues;
2088 3293 2245 3361 item
2275 3293 2341 3357 in
2373 3309 2538 3374 equo

285 3427 406 3475 suo
440 3407 733 3474 seruicnt
765 3412 833 3475 et
848 3409 1052 3495 ibunt,
1088 3428 1474 3494 quocunque
1494 3407 1807 3475 Abbasin
1839 3405 2012 3472 facto
2031 3401 2405 3487 Monasterij
2427 3417 2539 3467 eos

285 3515 552 3582 duxerit
573 3513 1019 3585 destinandos.
1052 3518 1197 3584 Hac
1216 3516 1600 3585 condicione
1621 3515 1900 3600 adiecta,
1936 3512 2110 3599 quod
2131 3512 2189 3579 si
2220 3510 2302 3577 de
2324 3515 2540 3576 cetero

288 3622 630 3692 maliciose
659 3643 703 3689 a
732 3624 1060 3711 prenotati
1105 3623 1486 3711 Monasterij
1537 3622 1813 3692 seruicio
1847 3642 1919 3690 sc
1948 3618 2360 3704 retraxerint,
2406 3616 2542 3682 ubi·

288 3749 567 3813 cumque
597 3728 845 3815 reperti
878 3748 996 3797 seu
1027 3731 1276 3797 inuenti
1307 3730 1566 3812 fuerint,
1619 3730 1747 3816 ipsi
1780 3736 1846 3796 et
1875 3749 2098 3796 eorum
2129 3725 2271 3811 filij,
2307 3724 2376 3790 in
2409 3744 2543 3791 ser-

288 3839 563 3905 uitutem
584 3836 1106 3922 supranominati
1127 3837 1508 3923 Monasterij
1542 3837 1767 3904 Sancti
1787 3834 2125 3903 Benedicti
2160 3838 2541 3921 perpetuam

286 3945 693 4028 redigentur.
745 3944 823 4011 In
853 3945 1036 4012 cuius
1068 3946 1163 4013 rei
1194 3945 1645 4035 plenissimam
1673 3945 2045 4012 firmitatem
2079 3946 2414 4029 presentes
2443 3938 2541 4004 lit·

286 4060 466 4120 teras
516 4058 781 4119 nostras
829 4051 1277 4139 priuilegiales
1314 4052 1555 4120 Abbati
1596 4060 1663 4120 et
1697 4051 2057 4120 Conucntui
2105 4048 2382 4135 predicti
2412 4047 2541 4112 Mo-

286 4159 563 4245 nasterij
595 4160 1057 4247 concessimus,
1108 4160 1388 4249 duplicis
1419 4160 1623 4247 sigilli
1654 4159 1859 4229 nostri
1892 4159 2242 4225 munimine
2283 4155 2542 4224 robora-

282 4277 410 4338 tas.
448 4270 695 4337 Datum
716 4288 887 4337 anno
909 4269 1173 4338 Domini
1206 4270 1554 4338 millesimo
1580 4267 2020 4337 ducentesimo
2041 4263 2542 4353 quadragesimo

285 4378 590 4466 septimo,
642 4376 791 4446 idus
821 4377 1145 4465 Januarij,
1193 4380 1405 4465 Regni
1438 4386 1656 4448 antem
1689 4379 1893 4448 nostri
1931 4398 2101 4445 anno
2136 4374 2540 4445 duodecimo.

286 4543 387 4609 (ΑΖ
414 4544 621 4599 eredeti
665 4541 800 4599 utari
826 4539 1022 4596 Knauz
1047 4541 1284 4609 Nandor,
1330 4547 1563 4612 Magyar
1585 4547 1718 4598 Sion
1744 4546 1815 4595 11.
1843 4547 1954 4598 kot-
1984 4546 2105 4596 526.
2134 4544 2170 4601 1.
2215 4543 2279 4597 V.
2307 4548 2356 4593 ὅ.
2381 4537 2542 4614 Fejcr

953 4633 1084 4685 cod.
1111 4634 1257 4701 Dipl.
1284 4636 1374 4700 ns.
1403 4636 1498 4686 kat
1548 4639 1591 4685 ι.
1622 4652 1663 4686 r.
1695 4638 1812 4686 480.
1839 4636 1900 4704 1.)
