3359 5250
1804 327 1938 395 452

1807 883 1962 955 321.

743 1090 789 1153 I
795 1087 861 1154 V.
895 1089 1057 1158 Be‘la
1071 1089 1291 1175 kirdly
1323 1087 1522 1175 Heym
1554 1089 1617 1154 έε
1650 1083 1864 1173 Cheyd
1879 1087 2052 1172 fiait,
2087 1109 2117 1151 s
2151 1112 2194 1153 a
2226 1082 2459 1152 Zala-i
2490 1083 2610 1149 vcir
2660 1081 2799 1146 mds
2838 1080 3021 1165 jobb-

1171 1198 1410 1287 dqyait,
1441 1195 1673 1264 Karka
1706 1194 2070 1263 birtokdban
2100 1191 2471 1281 meyerd'st'ti.
2506 1192 2703 1258 1257.

963 1393 1126 1462 Bela
1155 1392 1279 1462 Dei
1311 1392 1537 1479 gracia
1571 1392 1933 1479 Hungarie‚
1964 1391 2330 1473 Dalmacie,
2383 1389 2720 1474 Orouacie,
2773 1389 2874 1454 Ra
2896 1404 3024 1475 me,

746 1499 996 1586 Serme,
1031 1500 1330 1587 Gallieie,
1361 1500 1748 1570 Lodomerie
1780 1499 2226 1585 Cumanieque
2248 1498 2390 1567 Rex
2417 1496 2720 1567 omnibus
2752 1511 3021 1582 presen-

747 1616 847 1676 tes
879 1608 1134 1677 litteras
1166 1609 1555 1696 inspecturis
1609 1609 1887 1676 salntem
1937 1609 2006 1674 in
2057 1607 2344 1678 omnium
2393 1605 2742 1675 saluatore.
2796 1602 3020 1670 Excel-

750 1717 969 1785 lencia
1016 1717 1225 1804 Regia
1277 1716 1638 1801 inuigilans
1689 1715 1999 1803 remedijs
2048 1714 2449 1801 singulorum
2500 1713 2669 1782 solet
2718 1711 3023 1780 alienata

748 1825 989 1894 iniuste
1020 1827 1087 1893 in
1140 1831 1381 1894 statum
1432 1826 1779 1911 pristinum
1813 1843 2155 1911 reuocare;
2207 1822 2366 1908 quia
2414 1823 2583 1889 sicut
2631 1820 2871 1888 iustum
2925 1825 3030 1887 est

753 1939 1016 2021 optenta
1039 1935 1331 2019 legitime
1375 1932 1797 2020 comm-mare,
1846 1934 1941 2001 sie
1980 1937 2078 1999 est
2098 1931 2344 1999 racioni
2366 1948 2716 1999 consonum
2738 1927 3031 1996 alienata

753 2040 1045 2110 indebite
1076 2042 1143 2109 in
1171 2047 1416 2112 statum
1448 2042 1739 2111 debitum
1773 2062 2099 2112 reuocare.
2134 2039 2420 2108 Proinde
2449 2039 2537 2108 ad
2570 2039 3025 2106 uniuersorum

759 2151 1066 2221 noticiam
1116 2157 1341 2221 tenore
1390 2153 1796 2238 presencium
1847 2152 2146 2220 uolumus
2197 2148 2582 2238 peruenire,
2650 2144 2825 2232 quod
2877 2164 3027 2213 cum

756 2265 904 2344 post
935 2279 1262 2329 recessum
1294 2262 1718 2329 Tartarorum
1751 2281 1869 2347 pro
1900 2257 2284 2328 reuocandis
2316 2259 2567 2326 iuribus
2600 2255 2810 2324 Castri
2837 2253 3025 2323 iude·

755 2368 891 2436 bite
940 2368 1249 2438 alienatis
1298 2390 1415 2458 per
1461 2376 1667 2438 totum
1719 2370 2013 2453 Regnum
2064 2375 2355 2438 nostrum
2405 2366 2702 2434 diuersos
2773 2364 3033 2432 iudices

758 2476 1180 2564 misissemus,
1208 2477 1375 2545 inter
1405 2483 1623 2545 cetera
1652 2476 1822 2546 filios
1853 2477 2085 2564 Heym‚
2114 2485 2179 2545 et
2208 2476 2376 2544 filios
2427 2473 2681 2562 Oheyd,
2732 2493 2809 2540 ac
2863 2472 3030 2539 alios

759 2590 1119 2672 cong-natos
1150 2604 1370 2654 eorum
1404 2585 1485 2655 de
1514 2585 1677 2655 uilla
1708 2584 1907 2654 Zelch
1940 2584 2021 2655 de
2055 2585 2380 2656 Comitatu
2403 2583 2803 2668 Zaladiensi‚
2824 2581 3029 2666 quise

760 2693 845 2761 de
875 2695 1331 2779 iobagionibus
1365 2695 1584 2763 Castri
1616 2694 2028 2765 Zaladiensis
2062 2696 2418 2763 translatos
2450 2713 2595 2763 esse
2644 2691 3030 2762 asserebant

762 2802 830 2869 in
863 2823 1196 2871 numerum
1230 2804 1684 2892 seruiencinm‚
1716 2803 1784 2871 in
1835 2804 2218 2889 iobagiones
2268 2803 2480 2871 Castri
2531 2800 2830 2872 duximus
2880 2799 3029 2867 reli·

768 2909 1037 2999 gendos.
1071 2909 1200 2991 Qui
1237 2911 1422 2980 nobis
1452 2910 1863 3000 postmodum
1895 2912 2320 2997 supliearunt,
2356 2910 2529 2996 quod
2561 2929 2704 2978 cum
2738 2909 2869 2994 ipsi
2906 2927 3032 2974 non

760 3020 1048 3087 habeant
1078 3026 1319 3088 terram
1370 3021 1814 3106 sufficientem,
1860 3022 1926 3089 in
1978 3041 2110 3107 qua
2157 3020 2409 3109 possint
2460 3019 2698 3087 Castro
2747 3017 3032 3085 seruicia

763 3127 1086 3213 exhibere,
1133 3136 1373 3197 terram
1423 3130 1710 3215 ipsorum
1758 3130 2262 3214 hereditariam,
2313 3149 2509 3215 quam
2558 3126 2804 3197 habent
2854 3128 3035 3196 iuxta

762 3236 1009 3323 Karka,
1046 3255 1170 3320 que
1203 3239 1466 3323 quidem
1500 3238 1726 3307 Castro
1760 3246 1913 3306 tune
1942 3237 2155 3306 fuerat
2207 3237 2563 3322 assignata,
2612 3256 2758 3303 cum
2806 3256 2879 3303 se
2932 3256 3035 3321 ge-

763 3345 995 3412 rebant
1022 3346 1281 3412 nomine
1312 3346 1768 3428 semime-ium,
1797 3349 1893 3415 eis
1924 3345 2194 3415 reddere
2227 3344 2668 3432 dignaremur.
2718 3344 2858 3411 Nos
2911 3345 3035 3430 igi-

763 3459 868 3519 tur
893 3449 1180 3538 ipsorum
1212 3453 1519 3537 precibus
1551 3453 1865 3539 inclinati,
1918 3452 2107 3521 Chak
2161 3452 2470 3538 Magistro
2498 3451 3035 3544 ,Tauarnicorum

767 3567 1140 3630 nostrorum
1175 3560 1409 3629 Comiti
1439 3562 1841 3650 Zaladicnsi,
1877 3572 1941 3632 et
1959 3563 2292 3634 Feliciano
2313 3565 2655 3650 Preposito
2677 3563 3036 3650 Colocensi‚

766 3667 1260 3753 inquisitoribus
1287 3689 1403 3739 seu
1436 3670 1763 3739 iudicibus
1783 3694 1902 3760 per
1932 3692 2050 3741 nos
2076 3670 2406 3763 deputatis
2441 3671 2737 3740 dedimus
2759 3674 2826 3739 in
2851 3694 3032 3740 man·

783 3776 977 3862 datis,
1009 3776 1180 3861 quod
1213 3798 1408 3865 super
1439 3786 1614 3849 terra
1644 3780 1930 3866 ipsorum
1984 3781 2381 3850 hereditaria
2434 3780 2837 3865 inquirerent
2889 3781 3038 3847 dili·

771 3885 1042 3969 gencius
1095 3886 1450 3973 ueritatem,
1503 3895 1568 3955 et
1612 3888 1930 3974 inquisita
1980 3890 2256 3959 ueritate
2307 3897 2547 3958 terram
2600 3889 2891 3975 ipsorum
2945 3888 3040 3954 eis

769 3990 1122 4061 redderent
1153 3993 1417 4062 iusticia
1446 3994 1794 4066 mediante.
1828 3997 2036 4067 Iidem
2068 4005 2288 4067 autem
2337 3997 2457 4083 filij
2514 3997 2747 4084 Heym‚
2803 4002 2867 4062 ct
2923 3995 3039 4080 filij

776 4100 1025 4188 Cheyd,
1077 4123 1156 4169 ac
1205 4104 1491 4191 ipsorum
1540 4109 1823 4194 cognati,
1876 4107 2128 4177 litteras
2162 4109 2481 4177 dictorum
2515 4107 2815 4192 Magistri
2852 4105 3044 4172 Cbak

772 4218 834 4280 et
866 4209 1183 4279 Feliciani
1216 4213 1539 4300 Prepositi
1572 4216 1693 4282 sub
1723 4217 2155 4303 pendentibus
2190 4218 2432 4304 sigillis
2465 4236 2664 4304 super
2695 4223 2873 4282 terra
2924 4233 3045 4280 sna

773 4319 1190 4410 hereditaria,
1245 4343 1371 4406 que
1421 4329 1520 4390 est
1567 4344 1685 4410 per
1735 4325 2022 4412 prefatos
2071 4327 2461 4411 Magistrum
2513 4332 2580 4392 et
2632 4323 3045 4410 Prepositnm

774 4454 857 4502 ex
884 4441 1107 4500 nostro
1139 4430 1451 4501 mandato
1482 4434 1800 4518 restituta,
1852 4435 2180 4503 confectas
2229 4436 2421 4503 nobis
2471 4430 2885 4520 postmodum
2937 4432 3046 4498 de-

772 4541 1074 4626 tulerunt,
1104 4542 1526 4630 suplicantes‚
1557 4549 1631 4610 ut
1660 4541 1927 4610 easdem
1959 4550 2182 4614 nostro
2217 4543 2637 4630 dignaremur
2690 4542 3045 4629 priuilegio

775 4649 1175 4715 confirmare.
1207 4649 1494 4728 Quarum
1527 4649 1791 4733 quidem
1824 4657 2008 4717 tenor
2038 4653 2188 4720 talis
2223 4658 2359 4720 est:
