3359 5250
1385 325 1528 394 245

323 521 787 611 possidendae,
822 524 1136 593 tenendas
1172 543 1252 592 ac
1282 524 1638 610 habendas,
1675 524 1846 592 sicut
1879 531 2073 593 erant
2097 526 2165 592 in
2200 535 2414 613 antea,
2457 548 2593 614 per-

328 637 524 717 petuo
559 633 1013 718 reliquissent;
1069 634 1277 701 saluis
1309 633 1727 720 monasterijs
1759 642 1824 702 et
1859 635 2010 720 alijs
2041 636 2590 722 possessionibus,

322 759 490 826 quas
544 760 690 809 cum
742 761 864 810 sua
914 742 1351 827 generacione
1402 744 1471 810 in
1504 741 1816 828 predictis
1849 741 2284 811 Comitatibus
2335 747 2402 811 et
2435 744 2589 830 alijs

323 849 542 936 Regni
592 849 892 937 partibus
956 852 1381 921 communiter
1431 850 1792 919 dinoscitur
1847 850 2208 939 possidere.
2270 852 2411 922 Hoc
2459 874 2590 923 non

321 957 770 1045 pretermisso,
826 959 998 1043 quod
1033 959 1266 1028 Comes
1305 960 1452 1028 Isac
1501 968 1805 1045 presente
1840 959 2091 1030 Comite
2126 960 2494 1047 Pangracio
2528 969 2594 1029 et

322 1063 588 1133 homine
619 1072 839 1135 vestro
890 1067 1216 1155 prelibato
1249 1066 1437 1155 dixit,
1491 1068 1669 1153 quod
1702 1069 1859 1155 quia
1906 1073 2055 1136 sunt
2082 1067 2341 1155 fratres,
2395 1089 2591 1157 quan-

323 1180 716 1260 tumcunque
754 1177 1266 1245 reambulauerit
1313 1177 1768 1264 possessiones
1799 1196 1957 1245 suas
2009 1197 2126 1265 per
2163 1184 2416 1246 veteres
2465 1199 2591 1246 me·

327 1290 429 1350 tas
462 1283 592 1351 sibi
628 1284 1119 1372 appropriando
1170 1286 1364 1353 nullis
1397 1285 2030 1371 contradicentibus;
2080 1284 2499 1356 nihilominus
2530 1290 2587 1356 si

331 1391 609 1459 alterum
646 1391 851 1460 altero
886 1393 1031 1460 sine
1064 1393 1303 1461 herede
1336 1395 1622 1480 premori
1662 1395 2022 1481 contingat,
2059 1414 2190 1463 non
2225 1395 2339 1481 alij
2372 1393 2453 1463 de
2484 1417 2589 1481 ge·

325 1500 676 1567 neracione
698 1520 819 1568 sua
851 1502 919 1568 in
937 1502 1485 1587 possessionibus,
1524 1521 1650 1586 que
1669 1502 1737 1570 in
1760 1503 2106 1571 cuiuslibet
2123 1509 2309 1591 parte
2347 1513 2586 1591 essent,

324 1607 698 1697 succedant,
736 1609 853 1677 sed
886 1612 1079 1696 alius,
1136 1611 1246 1697 qui
1276 1617 1605 1699 superstes
1637 1609 1836 1679 fuerit
1869 1610 1952 1679 de
1984 1611 2229 1678 eisdem
2272 1631 2417 1680 cum
2449 1611 2586 1681 suis

326 1715 655 1786 fratribus.
706 1718 950 1785 Datum
1004 1719 1073 1787 in
1125 1719 1467 1803 quindenis
1520 1719 2050 1789 Resurreccionis
2103 1720 2365 1790 Domini
2414 1742 2586 1791 anno

330 1825 596 1891 Domini
626 1825 973 1896 millesimo
1008 1827 1449 1898 ducentesimo
1484 1828 1986 1915 quadragesimo
2027 1829 2324 1916 septimo.

398 2021 663 2091 (Bathory
682 2023 874 2079 Istvan
900 2025 1105 2093 erdelyi
1123 2028 1298 2095 ,vajda
1329 2030 1554 2081 15⁷2-ki
1581 2026 1785 2084 atii-ata
1810 2031 2049 2092 szerint3
2077 2044 2110 2081 a
2135 2030 2236 2081 kir.
2265 2029 2512 2082 kamarai

1260 2116 1643 2184 leveltArban.)

1194 2403 1726 2416 w

1384 2850 1537 2920 170.

328 3034 427 3099 ΑΖ
463 3034 599 3119 cyri
628 3031 1054 3118 kdptalannak
1092 3033 1627 3119 bizonysdqlevelc,
1672 3037 1838 3122 hoyy
1869 3036 2058 3102 Moza
2124 3031 2587 3124 Vacthanak'fia

469 3139 660 3206 Ound
688 3143 846 3205 nevil
877 3138 1139 3205 bio-tolcae
1168 3138 1365 3226 Naqy
1403 3138 1618 3207 Olaszi
1647 3141 1982 3228 Eyyednek
2013 3144 2238 3210 eladta.
2270 3142 2466 3211 1247.

545 3336 862 3405 Omnibus
911 3334 1153 3403 Christi
1199 3335 1498 3404 fidelibus
1531 3344 1869 3424 presentes
1907 3337 2158 3408 litteras
2197 3340 2585 3429 inspecturis

329 3446 672 3532 Agriensis
718 3443 1011 3513 Ecclesie
1061 3441 1365 3513 deuotum
1417 3443 1791 3532 Capitulum
1841 3447 2119 3516 salutem
2179 3451 2248 3515 in
2300 3451 2585 3519 omnium

330 3556 684 3622 saluatore.
718 3550 1146 3620 Vniuersitati
1179 3553 1410 3621 Vestre
1443 3559 1666 3621 tenore
1694 3555 2111 3640 presencium
2154 3554 2581 3648 declaramus,

329 3662 500 3750 quod
537 3660 809 3728 veniens
859 3657 946 3728 ad
991 3665 1284 3729 nostram
1334 3660 1742 3747 presenciam
1792 3659 2067 3748 Egidius
2116 3662 2291 3733 filius
2340 3665 2586 3737 Thome

331 3771 412 3838 de
459 3768 625 3837 villa
671 3768 970 3853 Nogoloz
1020 3787 1101 3834 ex
1150 3788 1281 3836 vna
1329 3775 1536 3857 parte,
1589 3774 1785 3855 atque
1834 3772 2043 3853 Moza,
2093 3774 2207 3856 qui
2260 3794 2332 3843 se
2381 3775 2586 3844 filium

326 3877 573 3946 Vattha
607 3876 887 3963 dicebat,
921 3894 1004 3943 ex
1036 3877 1268 3962 altera,
1316 3877 1657 3965 proposuit
1688 3898 1907 3947 coram
1940 3879 2131 3948 nobis
2171 3882 2343 3950 idem
2375 3883 2581 3973 Moza,

332 3985 506 4075 quod
540 4004 623 4054 ex
648 4003 971 4053 consensu
1006 3993 1070 4053 et
1100 3985 1436 4054 voluntate
1469 3986 1808 4054 conetanei
1843 3985 2017 4076 (igy)
2050 3989 2154 4056 sui
2185 3991 2336 4077 Mog
2371 3992 2586 4061 Abba·

328 4098 411 4164 tis
442 4093 827 4180 Monasterij
863 4091 1324 4178 de-Scerench,
1355 4113 1478 4161 nec
1507 4115 1637 4162 non
1670 4101 1735 4163 et
1763 4096 2195 4166 Patronorum
2226 4098 2432 4186 ipsius
2454 4102 2586 4170 Mo-

327 4203 627 4289 nasterij‚
679 4221 797 4290 pro
831 4201 1063 4288 quibus
1094 4203 1324 4271 Abbas
1358 4201 1701 4288 respondit
1730 4212 2146 4289 memoratus,
2180 4206 2584 4277 vendidisset

327 4310 662 4400 quandam
696 4316 935 4379 terram
967 4329 1156 4379 suam
1185 4309 1670 4397 hereditariam,
1725 4331 1853 4396 que
1885 4311 2097 4381 Ownd
2126 4324 2417 4403 vocatur,
2468 4338 2586 4407 pro

326 4443 456 4491 vna
487 4439 711 4489 marca
742 4421 998 4504 argenti
1046 4428 1111 4490 et
1141 4420 1352 4488 tribus
1396 4421 1778 4506 fertonibus,
1829 4428 1892 4488 et
1921 4444 2040 4508 pro
2071 4423 2590 4511 vigintiquinque

328 4531 583 4600 cubulis
616 4528 753 4595 vini
783 4529 851 4595 in
880 4534 1268 4617 perpetuum
1300 4528 1765 4617 possidendam
1797 4531 2034 4616 Egidio
2069 4541 2424 4604 memorato
2464 4537 2586 4604 sub

324 4643 457 4710 illis
489 4639 711 4723 metis,
767 4639 888 4705 sub
939 4639 1174 4722 quibus
1224 4645 1360 4707 tam
1394 4640 1556 4726 ipse,
1615 4658 1817 4723 quam
1849 4640 2084 4709 fratres
2133 4642 2235 4709 sui
2281 4644 2585 4728 possedis
