3359 5250
1723 468 1778 472 -,,
1804 372 1944 472 196
2003 465 2028 470 ,

1811 947 1962 1015 128.

758 1134 877 1200 IV.
901 1135 1058 1200 Be‘la
1091 1130 1421 1219 Ioe'rdlynak
1470 1131 1828 1215 adomdnya
1863 1155 1901 1192 α
1927 1126 2323 1215 premontre'k
2362 1127 2734 1211 nytilsziyeti
2761 1149 2847 1189 εκ.
2883 1125 3015 1190 Mi-

1294 1241 1444 1324 111in
1479 1243 1885 1324 pre'postsdya
1918 1241 2228 1302 szdmdra.
2285 1235 2476 1300 1245.

972 1433 1133 1504 Bela
1187 1436 1313 1503 Dei
1362 1434 1591 1519 gracia
1623 1433 1979 1518 Hungarie,
2025 1432 2379 1517 Dalmacie,
2441 1429 2734 1513 Croacie,
2792 1432 3014 1510 Rame,

758 1544 1012 1627 Sernic,
1046 1543 1345 1625 Gallicie,
1371 1541 1778 1625 Lodomerie,
1814 1541 2256 1621 Cumanieque
2276 1542 2414 1605 Rex
2448 1538 2749 1606 omnibus
2775 1537 3022 1603 Christi

762 1652 1064 1721 fidelibus
1117 1661 1248 1718 tam
1285 1649 1696 1737 presentibus
1735 1638 1940 1734 ‘quam
1992 1647 2228 1714 futuris
2277 1648 2556 1714 salutem
2609 1647 2678 1712 in
2732 1644 3019 1710 omnium

760 1762 1121 1829 Saluatore.
1167 1756 1700 1825 Commendanda
1730 1758 1982 1840 Regum
2036 1756 2344 1822 nobilitas
2378 1765 2621 1840 quanto
2662 1752 3019 1833 sublimior,

762 1878 943 1938 tanto
984 1867 1179 1934 debet
1229 1887 1372 1933 csse
1407 1864 1880 1953 prouidencior‚
1933 1874 2003 1932 ut
2037 1885 2164 1931 non
2202 1865 2410 1931 solum
2451 1884 2557 1930 res
2604 1860 3019 1948 temporaleS,

767 1998 988 2044 uerum
1022 1976 1231 2044 eciam
1266 1975 1639 2061 spirituales
1672 1983 1871 2041 cauta
1902 1978 2259 2056 cognoscat
2289 1971 2641 2057 disponere
2680 1969 3022 2056 prouiden-

766 2086 911 2171 cia,
963 2091 1026 2152 et
1078 2082 1528 2170 propensionis
1581 2081 1799 2148 studio
1852 2081 2094 2148 Diuino
2145 2080 2348 2147 cultui
2398 2078 2634 2147 debeat
2685 2077 3022 2148 adherere.

766 2193 1051 2259 Proinde
1083 2192 1169 2258 ad
1203 2192 1651 2257 uniuersorum
1684 2190 1990 2258 noticiam
2024 2198 2247 2256 tenore
2282 2188 2690 2275 presencium
2709 2188 3022 2254 uolumus

769 2301 1125 2386 peruenire,
1163 2298 1338 2381 quod
1373 2319 1517 2364 cum
1552 2297 1770 2364 dilecti
1807 2298 1994 2365 nobis
2026 2297 2257 2364 fratres
2293 2299 2439 2363 Isou
2473 2297 2662 2363 Prior
2693 2306 2756 2363 et
2785 2295 3025 2361 fratres

774 2406 1038 2475 Ordinis
1060 2406 1758 2472 Premonstratensium
1793 2406 1874 2471 de
1895 2404 2290 2471 Monasterio
2322 2406 2544 2471 Sancti
2582 2404 2920 2471 Michaelis
2957 2406 3022 2472 in

771 2517 994 2583 Insula
1026 2515 1347 2600 Leporum
1379 2512 1698 2579 defectum
1733 2511 2188 2597 temporalium
2239 2533 2365 2578 non
2399 2512 2722 2578 modicum
2755 2514 3026 2579 sustinc-

776 2630 937 2706 rent,
974 2631 1037 2689 et
1071 2618 1593 2689 conuersacionis
1626 2620 1915 2706 ipsorum
1957 2619 2185 2703 religio
2217 2640 2294 2687 ac
2328 2619 2458 2687 uite
2499 2620 2832 2705 sanctitas,
2888 2621 3027 2703 qui-

774 2735 895 2798 hus
943 2752 1013 2797 se
1045 2732 1186 2796 Deo
1219 2735 1282 2794 et
1313 2729 1614 2794 omnibus
1649 2727 2199 2794 commendabiles
2239 2727 2572 2809 redcbant,
2623 2728 3028 2811 requirerent

776 2859 858 2905 ex
880 2835 1223 2921 condigno,
1260 2844 1566 2902 uteorum
1590 2837 1811 2921 inopie
1834 2835 2180 2902 salubriter
2202 2846 2612 2902 succurratur
2634 2859 2650 2919 ς
2687 2856 2805 2903 nos
2826 2837 3027 2921 igitur

778 2947 859 3012 ob
892 2942 1335 3012 reuerenciam
1368 2943 1632 3011 Ordinis
1686 2950 1748 3009 et
1781 2942 2203 3011 dileccionem
2246 2945 2518 3010 fratrum
2570 2942 2906 3027 dictorum,
2964 2955 3032 3011 et

777 3057 1088 3141 precipue
1120 3076 1235 3140 pro
1290 3054 1503 3121 salute
1536 3055 1750 3120 anime
1790 3054 1893 3139 pie
1925 3054 2234 3120 memorie
2267 3054 2614 3119 karissime
2669 3053 2893 3120 matris
2934 3074 3040 3120 no-

779 3172 929 3246 stre,
992 3181 1137 3227 cnm
1172 3163 1259 3228 ad
1295 3162 1682 3243 obsequium
1717 3161 2056 3227 Altissimo
2092 3159 2480 3226 exibendum
2521 3161 3038 3228 necessariorum

784 3270 916 3336 uite
952 3269 1242 3336 subsidio
1277 3267 1660 3353 indigerent,
1717 3268 2074 3354 predictam
2105 3268 2395 3334 Insulam
2430 3270 2746 3354 chorum
2795 3270 2881 3336 ad
2915 3272 3040 3355 Βοὴ

783 3378 959 3461 giam
994 3375 1406 3441 Maiestatem
1459 3375 1910 3461 pertinentem,
1943 3376 2011 3441 in
2041 3381 2196 3457 toto,
2231 3396 2374 3443 cum
2409 3374 2708 3443 omnibus
2750 3377 3040 3443 utilitati·

782 3484 901 3550 bus
934 3490 997 3548 et
1050 3481 1468 3568 pertinencijs
1503 3483 1661 3565 suis,
1720 3484 1782 3548 in
1817 3484 2290 3568 suplementum
2342 3480 2675 3570 prebende
2722 3483 3036 3552 dictorum

781 3592 1053 3656 fratrum
1086 3591 1151 3655 in
1207 3600 1559 3657 memorato
1593 3589 1984 3656 Monasterio
2020 3589 2238 3655 Sancti
2271 3591 2611 3658 Michaelis
2646 3591 3034 3676 degcncinm

782 3698 1147 3783 legauimus
1182 3707 1245 3764 et
1277 3697 1667 3764 tradidimus
1707 3737 1781 3745 —-
1823 3736 1908 3745 -
1943 3705 2252 3783 perpetuo
2286 3698 2784 3784 possidendam5
2839 3721 3034 3783 quam

773 3809 1062 3874 insulam
1109 3818 1172 3874 et
1221 3807 1539 3873 utilitates
1594 3808 1732 3873 eius
1786 3805 2102 3892 sepedicti
2153 3806 2388 3874 fratres
2428 3806 2691 3875 Ordinis
2737 3807 3034 3876 Premon·

782 3915 1122 3982 stratensis
1156 3913 1238 3980 de
1272 3913 1496 3999 gracia
1549 3914 2033 4000 progenitorum
2068 3922 2429 3981 nostrornm
2471 3915 2901 4008 possidebant
2950 3917 3035 3982 ab

783 4024 1075 4107 antiquo
1135 4023 1449 4088 Dedimus
1482 4024 1690 4089 eciam
1725 4021 2015 4110 predicte
2049 4024 2340 4091 Ecclesie
2381 4023 2447 4089 in
2482 4023 2641 4089 uilla
2675 4022 3034 4090 Pazanduk

786 4152 976 4199 unum
1036 4130 1472 4197 molendinum
1523 4132 1609 4196 ad
1640 4131 1912 4215 Regiam
1966 4151 2228 4197 manum
2289 4132 2651 4218 pertinens,
2711 4131 2884 4214 quod
2938 4140 3038 4198 est

783 4240 969 4306 iuxta
1021 4239 1455 4305 molendinum
1509 4239 1805 4307 Ecclesie
1857 4238 1938 4306 de
1972 4240 2154 4323 Piljs.
2211 4241 2372 4305 ltem
2412 4237 2707 4306 dedimus
2759 4239 2824 4304 in
2878 4240 3038 4305 uilla

789 4349 1044 4415 Pardeu
1075 4357 1313 4414 terram
1350 4347 1433 4412 ad
1469 4348 1596 4413 duo
1629 4354 1850 4413 aratra
1886 4368 2029 4414 cum
2083 4346 2297 4414 feneto
2332 4346 2418 4412 ad
2450 4344 2890 4431 quadraginta
2924 4347 3040 4414 fal-

783 4466 1002 4524 castra
1025 4455 1211 4520 metis
1235 4453 1519 4536 antiquis
1554 4460 1617 4518 et
1645 4455 1911 4520 fossatis
1934 4454 2417 4539 circumdatam,
2441 4475 2565 4537 que
2589 4463 2766 4520 terra
2786 4474 2827 4519 a
2847 4463 3035 4541 parte

783 4564 1083 4633 orientali
1134 4563 1639 4630 conterminatur
1690 4570 1858 4628 terre
1893 4561 2366 4629 cruciferorum
2405 4563 2486 4628 de
2520 4562 2768 4629 Calidis
2810 4565 3037 4648 Aquis,

785 4696 825 4741 a
845 4680 1034 4760 parte
1058 4668 1332 4757 (antem)
1359 4670 1766 4736 meridionali
1806 4679 1976 4738 terre
1998 4670 2472 4739 Canonicorum
2495 4669 2788 4738 Ecclesie
2809 4673 3034 4740 Sancti
