3359 5250
1394 316 1565 386 ‘537
1641 414 1650 415 f

1407 860 1564 929 381.

368 1040 432 1108 A
467 1043 643 1108 vdczi
671 1042 1097 1128 kdptalannak
1146 1044 1683 1129 bizonysdylevele‚
1718 1041 1878 1126 hoyy
1914 1064 1955 1104 a
1990 1040 2223 1105 Zolnok
2266 1044 2623 1126 nemzetse'q·

551 1149 664 1214 πρῖε
695 1152 828 1215 ίόὂό
860 1150 1033 1235 taqja
1069 1151 1296 1236 Baqon
1329 1151 1733 1216 biv-tokukban
1772 1148 2196 1215 osztozkodott.
2250 1149 2443 1211 1260.

788 1309 847 1374 A
1063 1310 1116 1375 B
1334 1311 1659 1377 c.D
1878 1307 1933 1373 E
2147 1308 2202 1373 F

587 1469 899 1538 Omnibus
941 1468 1179 1536 Christi
1217 1469 1513 1538 fidelibus
1560 1478 1695 1536 tam
1735 1468 2140 1555 presentibus
2176 1487 2370 1553 quam
2408 1473 2623 1552 poste·
2718 1488 2729 1495 ·

367 1577 462 1643 ris
515 1578 914 1662 presencium
968 1577 1304 1664 (noticiam
1352 1577 1700 1665 habituris)
1754 1576 1996 1644 humile
2037 1595 2115 1643 ac
2162 1574 2465 1642 deuotum
2497 1575 2622 1640 Va·

369 1684 609 1752 ciensis
647 1683 943 1753 Ecclesie
982 1685 1350 1772 Capitulum
1384 1685 1721 1753 oraciones
1753 1684 1821 1752 in
1851 1684 2148 1752 Domino.
2199 1680 2620 1751 Vniuersitati

370 1799 587 1859 uestre
617 1801 839 1862 tenore
869 1794 1275 1880 presencium
1307 1793 1609 1861 duximus
1642 1790 2124 1877 declarandum,
2174 1790 2348 1875 quod
2390 1788 2618 1858 Comes

368 1901 714 1967 Paznanus
755 1907 819 1967 et
854 1902 1128 1970 Zounuk
1162 1901 1246 1968 de
1277 1923 1515 1987 genere
1548 1901 1821 1970 Zounuk
1857 1900 1937 1966 de
1970 1899 2130 1965 villa
2160 1898 2429 1982 Bagon3
2466 1897 2619 1964 item

369 2007 616 2091 Tunes,
653 2004 948 2092 Gothart,
983 2007 1237 2076 Sandor
1269 2015 1348 2074 et
1364 2012 1621 2091 Pousa3
1665 2007 1820 2073 item
1853 2007 2095 2072 Paulus
2127 2003 2298 2071 filius
2331 2001 2508 2069 Gera
2536 2004 2621 2070 de

370 2112 599 2180 eodem
631 2135 869 2199 genere
899 2116 1175 2184 Zounuk
1211 2116 1293 2182 de
1326 2116 1554 2183 eadem
1588 2115 1749 2182 villa
1780 2115 2004 2200 Bagou
2038 2115 2102 2180 in
2136 2120 2359 2181 nostra
2390 2111 2621 2180 consti·

368 2220 491 2285 tuti
520 2224 855 2305 presencia
888 2225 1041 2291 vina
1068 2244 1226 2291 uoce
1246 2232 1397 2291 sunt
1434 2223 1800 2310 protestati,
1824 2220 1995 2307 quod
2027 2228 2264 2288 terram
2298 2220 2458 2287 ville
2497 2221 2618 2287 Ba-

371 2346 500 2411 gou
521 2351 538 2415 ;
562 2347 686 2412 que
710 2328 967 2397 eosdem
993 2332 1140 2415 jure
1158 2330 1550 2399 hereditario
1573 2330 1909 2416 contingit,
1945 2329 2028 2395 ad
2049 2335 2180 2395 tres
2214 2333 2434 2414 partes
2455 2325 2618 2394 dini-

371 2437 613 2501 sissent
639 2437 758 2502 hoc
781 2435 989 2523 modo,
1023 2446 1090 2505 vt
1114 2438 1321 2506 dictus
1344 2440 1687 2505 Paznanus
1711 2437 1942 2506 Comes
1964 2444 2029 2502 ct
2049 2435 2320 2505 Zounnk
2344 2433 2614 2502 terciam

369 2549 619 2627 partem
659 2543 832 2610 illius
852 2550 1020 2611 terre
1040 2545 1348 2612 retineret
1381 2565 1462 2613 ex
1483 2553 1671 2634 parte
1702 2546 1855 2611 ville
1887 2547 2240 2630 Dengenec
2262 2562 2376 2631 per
2411 2548 2616 2610 totum

369 2652 880 2735 conterminium,
917 2659 982 2720 et
1011 2669 1096 2720 ex
1128 2660 1317 2740 parte
1348 2654 1504 2721 ville
1544 2653 1758 2738 Sir-ak,
1802 2659 1865 2719 et
1897 2673 1979 2720 ex
2007 2657 2189 2737 parte
2221 2651 2380 2718 ville
2408 2651 2617 2718 Henel

369 2777 576 2841 usque
597 2759 681 2825 ad
703 2758 967 2825 fluuium
993 2760 1223 2846 Fizeg3
1258 2762 1548 2828 secunda
1568 2782 1721 2828 uero
1745 2780 1895 2846 pars
1915 2761 2196 2849 pertinet
2215 2759 2421 2825 Paulo
2443 2758 2618 2825 ultra

371 2867 638 2933 fluuium
657 2866 860 2951 Fizeg
881 2869 1080 2952 juxta
1109 2869 1417 2937 terminos
1450 2869 1739 2937 eiusdem
1771 2869 1925 2936 ville
1956 2868 2185 2953 Henel,
2219 2873 2285 2933 et
2316 2886 2397 2933 ex
2430 2872 2617 2952 parte

367 2973 523 3039 ville
546 2972 798 3040 Chetke
830 2973 1233 3056 aliquantum
1266 2976 1478 3045 eundo
1512 2979 1696 3044 iuxta
1724 2983 1931 3043 metas
1961 2975 2120 3042 ville
2153 2971 2377 3057 Gede;
2414 2971 2618 3042 tercia

368 3100 522 3149 uero
555 3101 709 3168 pars
744 3084 939 3149 cessit
964 3086 1279 3172 Tuneuni‚
1317 3084 1651 3153 Gothardo
1686 3093 1749 3151 et
1769 3087 1999 3171 Pouse,
2037 3101 2305 3168 quorum
2339 3069 2613 3147 comme-

363 3187 546 3255 tanei
595 3195 744 3255 sunt
783 3190 1010 3258 villani
1061 3190 1145 3258 de
1196 3190 1398 3275 Gede,
1449 3193 1972 3277 Micudhotuono‚
2027 3188 2615 3259 cukennshotuono

367 3316 450 3364 ex
482 3302 752 3380 utraque
785 3305 971 3382 parto
1022 3297 1204 3382 fluuij
1239 3298 1689 3385 prenominati,
1721 3298 2097 3385 porcionem
2130 3305 2301 3366 terre
2327 3295 2616 3383 ‘predicti

370 3403 638 3474 Comitis
671 3406 962 3473 Paznani
1010 3413 1074 3473 et
1103 3407 1372 3474 Zounuk
1430 3414 1695 3494 separat
1724 3429 1768 3474 a
1812 3408 2001 3475 terris
2032 3407 2225 3475 Pauli
2263 3404 2614 3488 Tuneunis,

367 3518 431 3579 et
463 3532 724 3580 suorum
747 3521 1170 3598 cognatorum
1191 3515 1392 3601 Fizeg
1413 3526 1566 3583 ante
1584 3516 1939 3584 nominata.
1973 3518 2072 3582 De
2092 3533 2357 3582 nemore
2376 3520 2613 3596 autem,

367 3621 541 3705 quod
591 3621 852 3689 adiacet
875 3623 1068 3707 juxta
1097 3622 1364 3690 fluuium
1402 3623 1818 3707 antedictum,
1870 3624 2067 3691 talem
2119 3622 2408 3690 fecerunt
2454 3619 2618 3687 diui-

367 3730 613 3796 sionem
647 3728 816 3796 inter
864 3738 1091 3816 partes
1125 3729 1516 3814 diuidentes,
1566 3731 1742 3818 quod
1774 3733 2069 3820 superior
2119 3751 2272 3818 pars
2307 3751 2389 3797 ex
2429 3737 2616 3815 parte

366 3837 636 3905 orientis
686 3859 890 3923 usque
941 3841 1027 3906 ad
1080 3840 1380 3908 arborem
1433 3843 1560 3928 piri
1607 3844 1853 3925 magni,
1906 3841 1976 3907 in
2025 3859 2155 3924 qua
2209 3845 2307 3906 est
2357 3838 2613 3923 signum

365 3948 596 4032 crucis,
649 3949 846 4016 cessit
878 3950 942 4014 in
999 3958 1251 4036 partem
1305 3950 1577 4018 Comitis
1627 3948 1916 4016 Paznani
1964 3955 2030 4014 et
2065 3947 2362 4030 Zounuk,
2410 3946 2617 4013 altera

363 4076 518 4123 uero
567 4077 723 4142 pars
776 4058 950 4123 ultra
1004 4059 1279 4125 eundem
1331 4058 1598 4124 fluuium
1652 4078 1733 4124 ex
1784 4063 1969 4144 parte
2011 4056 2369 4126 occidentis
2420 4055 2619 4122 cessit

365 4164 664 4231 Tuneuni
696 4171 762 4231 et
812 4166 1111 4250 cognatis
1145 4166 1300 4251 suis,
1352 4166 1634 4233 tenendo
1677 4173 1928 4234 tantum
1964 4165 2259 4252 spacium
2309 4164 2375 4230 iu
2411 4162 2617 4247 longi·

363 4270 610 4360 tudine,
664 4279 977 4357 quantum
1013 4275 1245 4342 Comes
1279 4278 1625 4343 Paznauus
1675 4282 1741 4345 et
1789 4275 2060 4342 Zounuk
2084 4325 2101 4358 ‚
2153 4274 2422 4340 terciam
2457 4291 2613 4339 uero

363 4386 614 4467 partem
665 4382 937 4449 inferius
971 4403 1051 4447 ex
1085 4389 1359 4468 utraque
1407 4389 1595 4470 parte
1626 4383 1808 4468 fluuii
1860 4384 2106 4470 optinet
2136 4383 2381 4449 Paulus
2434 4386 2612 4447 ante-

364 4488 595 4556 dictus.
651 4490 962 4557 Fenetum
997 4509 1151 4559 uero
1184 4511 1266 4558 ex
1296 4498 1573 4575 utraque
1605 4497 1796 4577 parte
1825 4490 2007 4575 fluuij
2041 4488 2353 4556 adiacens
2382 4488 2451 4554 in
2481 4493 2615 4555 tres

369 4602 595 4682 parles
614 4595 783 4663 inter
813 4605 1034 4683 partes
1055 4598 1434 4665 diuiserunt.
1464 4597 1762 4665 Ecclesia
1792 4617 1948 4666 uero
1983 4596 2189 4683 ipsius
2210 4595 2367 4668 ville
2385 4597 2613 4682 Bagou
