3359 5250
1874 369 1957 435 72

1859 908 1971 978 48.

781 1091 822 1155 1
831 1087 897 1155 V.
928 1086 1089 1155 Bao
1120 1090 1465 1177 laio-dlynak
1531 1091 1675 1178 Wys
1725 1094 1789 1157 ὅσ
1842 1089 2088 1158 ΟῙιοηΙσο
2137 1089 2519 1177 helyse'qeket
2560 1087 2865 1174 tdrqyazd
2889 1085 3043 1152 ado·

870 1200 1105 1283 mdnya
1134 1195 1354 1263 Simon
1387 1197 1655 1263 Ber-kazi
1693 1197 1881 1285 Belye
1906 1199 2244 1264 Jdnomak
2263 1196 2367 1282 fla
2396 1199 2714 1261 szdmdra.
2752 1194 2950 1258 1239.

999 1391 1216 1481 (B)ela
1248 1395 1374 1462 Dei
1420 1395 1652 1480 gracia
1674 1394 2034 1481 Hungarie,
2084 1391 2448 1478 Dalmacie,
2482 1389 2779 1475 Croacie,
2812 1393 3041 1476 Rame,

785 1501 1032 1587 Seruie,
1063 1499 1363 1588 Gallicis,
1398 1501 1781 1570 Lodomerie
1828 1501 2265 1586 Gomanieque
2296 1504 2437 1569 Rex
2472 1499 2769 1568 omnibus
2801 1498 3043 1566 Christi

783 1606 1085 1676 fidelibus
1115 1629 1389 1696 presens
1421 1611 1735 1696 scriptum
1771 1610 2165 1695 inspecturis
2213 1610 2492 1676 salutem
2523 1608 2593 1674 in
2626 1626 2781 1676 uero
2812 1607 3042 1674 Salua-

783 1723 941 1784 tore.
993 1715 1155 1785 Cum
1204 1716 1708 1803 obsequencium
1758 1715 2042 1784 fidelitas
2096 1717 2344 1802 polleat
2393 1714 2788 1799 sinceritate,
2842 1714 3041 1782 dono-

784 1845 928 1892 rum
959 1844 1087 1893 non
1136 1825 1457 1891 immerito
1491 1822 1675 1890 decet
1725 1824 1909 1910 ipsos
1940 1823 2222 1909 benigne
2271 1824 2564 1909 aspicere
2615 1840 2761 1888 cum
2791 1820 3041 1905 fauore,

784 1936 850 1998 et
888 1951 1110 2000 eorum
1161 1928 1435 1999 comoda
1487 1952 1606 2018 pro
1639 1931 1886 1998 viribus
1939 1930 2277 2016 ampliare.
2331 1928 2614 1997 Proinde
2668 1928 2756 1996 ad
2788 1930 3039 1995 Vniuer-

780 2057 998 2107 sorum
1051 2039 1363 2106 noticiam
1411 2041 1641 2107 harum
1694 2039 1863 2107 serie
1912 2039 2211 2108 volumus
2259 2037 2601 2126 peruenire
2623 2088 2641 2123 ,
2692 2036 2868 2122 quod
2918 2056 3038 2105 nos

779 2148 980 2233 digne
1010 2146 1080 2215 in
1104 2137 1482 2215 memoriam
1512 2147 1861 2233 reuocatis,
1894 2155 1961 2215 et
1992 2148 2213 2216 animo
2243 2147 2532 2233 gratuitu
2563 2143 2857 2232 pensatis
2889 2144 3042 2214 fide-

779 2255 939 2322 lium
990 2254 1450 2340 obsequiorum
1501 2255 1752 2323 meritis
1808 2254 2048 2323 nobilis
2095 2255 2220 2323 viri
2251 2253 2549 2339 magistri
2581 2252 2888 2338 Symonis
2922 2252 3038 2339 filij

782 2365 824 2431 J
827 2362 1101 2430 ohannis
1149 2361 1354 2447 Belye
1405 2363 1487 2429 de
1533 2362 1785 2432 Berkez
1835 2384 1919 2431 ex
1967 2361 2399 2449 generacione
2431 2361 2709 2429 condam
2739 2360 3042 2444 magistri

783 2464 1101 2539 Johannis
1148 2470 1409 2538 Fridrih
1459 2491 1699 2558 magno
1760 2471 2025 2539 laudem
2075 2469 2248 2560 (igy)
2298 2469 2608 2557 preconio
2669 2468 3040 2554 attolentes,

779 2579 1012 2664 quibus
1063 2580 1207 2667 ipse
1253 2579 1601 2649 aduertens
1650 2581 1990 2650 retroactis
2041 2580 2468 2667 temporibus,
2518 2577 2771 2646 trabem
2822 2585 3045 2647 nostre

782 2688 1145 2756 Maiestatis
1167 2688 1507 2777 imitando,
1528 2691 1767 2759 virtute
1789 2689 2119 2757 constanti
2137 2687 2315 2756 fideli
2335 2688 2589 2757 siucero
2611 2687 2772 2772 zelo,
2794 2684 3045 2755 viribus

786 2794 1142 2864 laboriosis
1173 2803 1238 2862 et
1258 2795 1703 2865 sollicitudine
1737 2797 2071 2865 indefessa
2110 2797 2525 2883 complacens
2557 2796 2627 2863 in
2658 2796 2906 2864 eunctis
2936 2816 3046 2864 no-

786 2902 938 2971 stris
981 2903 1277 2989 negociis
1310 2902 1662 2990 superinde
1693 2905 1822 2973 sibi
1854 2904 2241 2990 commissis,
2275 2904 2463 2972 uobis
2496 2910 2633 2972 toto
2683 2923 2798 2972 sue
2844 2923 3045 2991 posse

786 3010 1035 3079 studuit
1084 3012 1493 3100 complacere
1516 3064 1535 3098 ,
1585 3010 1868 3080 reddens
1921 3032 2177 3099 semper
2227 3032 2387 3099 erga
2433 3018 2720 3081 nostrum
2769 3011 3048 3097 Regium

789 3118 1059 3187 Oulmen
1091 3125 1349 3207 gratum
1382 3126 1447 3187 et
1476 3126 1817 3209 acceptum
1855 3120 2220 3188 seruicium.
2261 3120 2549 3201 Quorum
2580 3119 2842 3188 racione
2872 3121 3048 3207 cupi·

787 3233 970 3297 entes
1003 3248 1086 3296 ex
1117 3228 1333 3298 animo
1389 3229 1516 3296 sibi
1565 3229 1775 3315 Regie
1821 3228 2239 3297 liberalitatis
2269 3228 2443 3300 dono
2474 3236 2542 3297 et
2572 3227 3048 3298 remuneracio-

791 3336 896 3401 nis
928 3333 1222 3403 antidoto
1255 3355 1611 3423 occurrere,
1663 3343 1736 3403 vt
1781 3336 1980 3404 ceteri
2032 3356 2113 3405 eo
2163 3339 2464 3425 exemplo
2496 3337 2585 3405 ad
2613 3336 2951 3405 fidelitatis
2984 3343 3052 3405 et

792 3441 1101 3509 virtutum
1132 3461 1336 3527 opera
1369 3443 1735 3512 exercenda
1771 3443 2136 3514 feruencius
2166 3446 2621 3531 exardescant,
2657 3442 3052 3530 discantque

796 3548 917 3618 sub
949 3548 1251 3639 Principe
1272 3549 1563 3635 glorioso
1596 3550 1906 3620 deuocius
1939 3551 2284 3639 famulari;
2317 3552 2648 3638 quandam
2679 3553 2905 3620 villam
2938 3572 3045 3623 no

794 3663 998 3725 stram
1029 3657 1194 3745 Wys
1225 3665 1547 3746 vocatam,
1582 3658 1924 3729 simulcum
1956 3662 2241 3746 quadam
2269 3663 2738 3731 terranomine
2756 3660 3049 3749 Obenke,

794 3766 882 3834 ab
905 3768 1181 3836 aliorum
1200 3768 1462 3854 juribus
1481 3785 1600 3856 per
1631 3774 1838 3838 metas
1860 3768 2313 3858 infrascriptas
2334 3771 2594 3840 omnino
2621 3769 2964 3839 distinctas
2984 3778 3054 3840 et

794 3876 1154 3963 separatas,
1189 3874 1401 3944 eidem
1427 3877 1720 3965 Symoni,
1760 3885 1825 3946 et
1844 3896 1960 3968 per
1979 3899 2123 3947 eum
2156 3885 2511 3947 memorato
2532 3879 2819 3948 Johanni
2850 3881 3050 3968 patri,

796 4001 877 4049 ac
906 3984 948 4050 J
952 3983 1035 4050 ob
1067 3982 1200 4051 filio
1234 3983 1528 4051 eiusdem
1558 3985 1882 4072 Symonis,
1922 3986 2077 4053 item
2109 3986 2414 4056 Zwbuzlo
2447 3993 2512 4055 et
2542 3986 2734 4054 alteri
2765 3985 3051 4056 Johanni

795 4091 1128 4174 fratribus,
1177 4097 1243 4158 et
1289 4092 1794 4178 consanguineis
1825 4095 1982 4181 suis,
2017 4114 2366 4179 eorumque
2403 4094 2688 4182 posteris
2726 4094 3051 4165 vniuersis

797 4212 943 4267 cum
975 4200 1274 4269 omnibus
1306 4201 1701 4270 Vtilitatibus
1739 4210 1807 4270 et
1837 4204 2259 4291 pertinenciis
2288 4202 2709 4291 quibuslibet,
2760 4224 2841 4272 ac
2870 4204 3046 4273 vado

794 4306 863 4373 in
892 4305 1093 4375 fluuio
1126 4308 1433 4394 Bodrogh
1464 4311 1715 4394 habito,
1756 4312 1906 4397 jure
1943 4318 2259 4400 perpetuo
2293 4321 2359 4381 et
2389 4311 2907 4382 irreuoeabiliter
2936 4313 3044 4381 de-

797 4412 1008 4481 dimus
1044 4422 1109 4480 et
1138 4418 1544 4486 contulimus.
1578 4417 1868 4498 Quarum
1899 4421 2111 4507 prima
2137 4427 2310 4489 meta
2341 4423 2551 4508 primo
2582 4421 2813 4508 incipit
2845 4441 2888 4489 a
2906 4440 3050 4508 sep·

796 4522 1116 4590 tentrione
1147 4524 1332 4595 iuxta
1361 4527 1693 4613 quandam
1715 4550 1968 4598 wenam
1987 4531 2385 4600 Thewreker
2416 4537 2741 4616 vocatam,
2775 4529 2889 4596 vbi
2906 4527 3048 4597 alia

797 4649 968 4698 vena
998 4631 1289 4700 eiusdem
1340 4637 1514 4704 aluei
1565 4638 1778 4706 Dedel
1824 4639 2165 4726 appellata
2198 4640 2374 4708 cadit
2403 4640 2472 4708 in
2503 4636 2781 4707 eandem
2810 4650 3049 4704 venam
