3359 5250
1761 328 1892 393 378
1923 422 1975 430 --

1643 948 1656 961 ·
1744 923 1898 991 267.

703 1107 760 1170 A
793 1107 1023 1173 vdradi
1051 1107 1417 1171 konvcntnek
1461 1107 2002 1193 bizonysdqlevele,
2052 1108 2211 1190 hoyy
2258 1103 2444 1168 Vidol
2480 1102 2833 1169 Mztlcldsnak
2844 1103 2953 1185 fia

699 1216 1032 1280 ndve‘reivel
1081 1239 1156 1279 az
1188 1215 1317 1280 &ket
1362 1216 1532 1280 iicet&
1577 1215 2064 1302 lcdnyneqycdre
2112 1219 2290 1277 ne'zvc
2323 1212 2713 1300 eqyezkedett.
2756 1210 2950 1274 1254.

921 1411 1292 1480 Conuentus
1311 1413 1697 1498 Monasterij
1720 1412 2190 1499 Waradyensis
2212 1410 2511 1479 omnibus
2532 1408 2773 1477 Christi
2798 1406 2949 1475 fide-

705 1522 875 1588 libus
905 1529 1038 1588 tam
1092 1523 1505 1608 presentibus
1537 1543 1735 1607 quarn
1767 1522 1998 1589 futuris
2048 1541 2319 1607 presens
2350 1520 2662 1607 scriptum
2699 1518 2951 1586 intuen-

704 1631 876 1697 tibus
925 1630 1201 1698 salutem
1232 1630 1301 1697 in
1353 1630 1587 1698 salutis
1636 1641 1920 1698 auctore.
1972 1628 2398 1698 Vniuersitati
2442 1634 2659 1695 vestre
2688 1646 2949 1715 presen-

705 1738 872 1804 cium
905 1746 1130 1807 tenore
1161 1740 1300 1807 fieri
1330 1741 1629 1807 volumus
1679 1738 2118 1824 manifestum,
2171 1738 2348 1822 quod
2380 1735 2633 1803 nobiles
2666 1736 2948 1819 domine,

705 1847 1007 1915 videlicet
1055 1846 1321 1916 domina
1351 1852 1584 1935 Pynna
1614 1849 1750 1916 filia
1780 1850 1842 1916 N
1842 1847 2059 1936 ycolai
2097 1848 2214 1935 filij
2248 1845 2395 1934 Vyd
2427 1845 2510 1912 de
2559 1863 2801 1932 genere
2830 1846 2951 1911 Bu·

707 1958 854 2045 ken,
889 1978 1053 2025 uxor
1084 1957 1313 2025 Chuda
1345 1959 1429 2025 ab
1460 1977 1592 2025 nna
1619 1965 1844 2045 partc3
1889 1963 1954 2024 et
1983 1956 2250 2024 domina
2268 1956 2457 2022 Ilana
2486 1954 2627 2021 filia
2655 1950 2951 2020 eiusdem

705 2066 983 2153 Nycolai
1032 2066 1144 2151 filij
1181 2066 1348 2153 Vyd‚
1400 2086 1564 2133 uxor
1611 2066 1865 2133 scilicet
1907 2066 2191 2153 Myxeed
2238 2065 2323 2133 ab
2373 2065 2622 2148 altera;
2673 2081 2949 2130 vnacnm

709 2173 922 2259 Vydol
953 2175 1087 2242 filio
1119 2174 1391 2262 predicti
1424 2175 1706 2260 Nycolai
1736 2176 1938 2243 fratre
1969 2195 2192 2242 earnm
2225 2175 2472 2242 carnali
2503 2192 2722 2241 coram
2762 2170 2949 2239 nobis

706 2281 1138 2368 personaliter
1168 2290 1642 2371 comparentes,
1675 2302 1875 2369 super
1903 2290 2082 2351 terra
2112 2303 2334 2350 earum
2365 2284 2575 2351 Janus
2613 2284 2849 2348 uocata
2879 2278 2947 2344 in

707 2397 880 2456 terra
915 2391 1122 2458 Janus
1172 2390 1510 2477 existente,
1563 2412 1689 2477 que
1738 2392 2001 2460 racione
2051 2400 2299 2478 quarte,
2353 2391 2495 2458 siue
2544 2409 2664 2475 pro
2716 2396 2949 2474 quarta

708 2499 994 2583 ipsarum
1026 2518 1109 2566 ex
1138 2506 1325 2587 parte
1354 2500 1574 2590 Vydol
1603 2499 1720 2587 filij
1755 2500 2034 2587 predicti
2064 2501 2126 2567 N
2125 2500 2364 2586 ycolai,
2401 2498 2626 2566 fratris
2645 2496 2951 2565 videlicet

704 2605 986 2675 carnalis
1036 2607 1387 2676 earundem
1437 2606 1847 2675 dominarum
1897 2607 1963 2675 in
1998 2615 2175 2676 terra
2204 2605 2417 2676 Janus
2450 2610 2687 2675 vocata
2718 2627 2952 2675 memo·

704 2715 866 2782 ratis
898 2714 1287 2783 dominabus
1303 2715 1699 2785 dinosscitur
1730 2714 1935 2785 fuisse
1965 2714 2309 2802 deuoluta3
2349 2713 2800 2802 prenominato
2821 2715 2948 2800 Vy-

708 2825 902 2893 dolel
933 2826 1087 2912 alijs
1116 2826 1337 2913 probis
1370 2826 1529 2894 viris
1547 2826 1984 2895 mediantibus
2021 2834 2087 2895 et
2105 2827 2557 2896 ordinantibus
2578 2826 2750 2892 inter
2767 2825 2950 2910 ipsas

709 2936 1101 3004 diuisionem
1133 2935 1504 3005 huiusmodi
1534 2936 1917 3006 concordem
1949 2945 2014 3004 et
2043 2936 2386 3024 pacificam
2431 2955 2549 3024 per
2580 2942 2792 3003 certas
2823 2940 2947 3001 ter·

708 3048 1024 3114 minorum
1056 3045 1536 3132 distincciones,
1587 3045 1758 3114 sicut
1787 3046 1917 3114 iam
1949 3045 2015 3113 in
2063 3046 2474 3133 presentibus
2521 3042 2794 3112 inferius
2842 3063 2949 3110 ex-

707 3155 1019 3243 primitur,
1053 3154 1222 3222 inter
1241 3174 1313 3223 se
1344 3155 1583 3223 factam
1615 3154 1819 3223 fuisse
1845 3156 2238 3240 retulerunt;
2279 3153 2453 3239 quod
2483 3172 2614 3220 vna
2631 3151 2949 3219 medietas

705 3265 878 3334 dicte
909 3272 1080 3333 terre
1110 3285 1226 3333 seu
1247 3264 1574 3351 porcionis
1607 3263 1898 3350 ipsarum
1917 3262 2126 3330 Janus
2158 3267 2391 3330 uocate
2418 3261 2488 3329 in
2526 3261 2693 3329 duas
2726 3267 2951 3348 partes

702 3374 916 3442 diuisa
949 3373 1166 3459 equali
1196 3373 1518 3441 diuisione
1535 3372 1868 3440 mediante
1900 3372 2184 3440 existens
2223 3373 2309 3438 ab
2331 3369 2688 3457 occidente,
2721 3390 2847 3456 que
2879 3371 2947 3436 in

704 3483 891 3551 terris
922 3482 1284 3550 arabilibus
1314 3482 1400 3549 ab
1433 3481 1571 3550 alia
1602 3481 2009 3549 dimidietate
2062 3480 2353 3549 eiusdem
2382 3489 2553 3550 terre
2586 3481 2669 3547 ab
2702 3480 2952 3547 oriente

710 3599 1086 3659 remanente
1117 3611 1237 3678 per
1267 3595 1551 3658 ueterem
1601 3598 1884 3659 meatum
1919 3588 2256 3658 cuiusdam
2293 3588 2487 3656 riuuli
2517 3608 2560 3656 a
2592 3595 2778 3674 parte
2810 3609 2953 3675 sep-

714 3701 1104 3770 temtrionali
1152 3719 1380 3768 uersus
1410 3698 1746 3767 meridiem
1775 3699 2178 3768 decurrentis
2210 3699 2602 3768 dinosseitur
2630 3699 2952 3786 separari,

710 3830 852 3878 cum
888 3809 1236 3878 medietate
1286 3809 1452 3877 silue
1486 3807 1573 3874 ad
1605 3806 1879 3875 eandem
1926 3815 2167 3876 terram
2199 3809 2581 3897 pertinentis
2633 3808 2956 3877 existente

710 3941 751 3986 a
783 3919 1260 4005 septemtrione,
1294 3937 1419 4004 que
1451 3918 1538 3985 ab
1569 3917 1708 3984 alia
1726 3917 2075 3985 medietate
2106 3916 2395 3985 ciusdem
2426 3916 2590 3985 silue
2609 3936 2653 3983 a
2683 3915 2956 3984 meridie

708 4029 1027 4095 existente
1059 4046 1177 4113 per
1208 4027 1536 4113 quandam
1569 4028 1812 4094 vallem
1844 4027 2178 4113 wlgariter
2208 4030 2680 4115 boloqusqudur
2710 4027 2953 4096 dictam

708 4140 794 4205 ab
824 4138 1074 4205 oriente
1105 4157 1331 4205 uersus
1361 4136 1767 4204 occidentem
1798 4157 1871 4204 se
1892 4136 2380 4224 protendentem
2402 4134 2726 4203 nosscitur
2761 4154 2951 4221 sepa-

707 4244 838 4312 rari
868 4252 933 4312 et
963 4244 1255 4332 distingi,
1308 4246 1474 4313 sicut
1505 4245 1653 4312 viuc
1687 4245 1865 4314 uocis
1917 4248 2178 4313 oraculo
2211 4245 2399 4312 nobis
2451 4244 2807 4311 recitarunt
2837 4243 2951 4312 do-

706 4356 878 4421 mine
908 4364 1282 4442 memorate,
1317 4375 1461 4422 eum
1492 4355 1629 4422 suis
1663 4354 2052 4422 vtilitatibus
2103 4354 2398 4423 omnibns
2431 4360 2497 4421 et
2531 4354 2955 4440 pertinencijs

707 4485 787 4529 ac
837 4463 1345 4550 circumstancijs
1378 4462 1792 4549 quibuslibet,
1843 4464 2120 4531 cessisse
2166 4464 2234 4531 in
2280 4463 2650 4552 porcionem
2698 4461 2953 4549 prefate

665 4575 670 4579 ’
706 4574 962 4641 domine
993 4574 1219 4660 Pynne
1271 4573 1463 4640 simul
1496 4583 1560 4640 et
1591 4573 1881 4641 eiusdem
1922 4574 2372 4659 posteritatum
2411 4571 2948 4639 descendencium

710 4684 797 4749 ab
828 4681 1058 4751 eadem
1107 4685 1173 4749 in
1224 4690 1606 4771 perpetuum
1648 4693 1713 4751 et
1763 4681 2276 4750 irreuocabiliter
2322 4680 2760 4769 possidenda;
2813 4682 2949 4750 alia
