3359 5250
1725 364 1940 467 —170

755 563 1218 652 Dapiferorum
1266 571 1333 631 et
1366 562 1618 632 Comite
1653 561 2098 647 Supruniensi,
2149 560 2466 628 Mauricio
2511 558 2834 645 Magistro
2864 559 3011 626 Pin·

755 693 1094 741 cernarum
1145 677 1211 738 et
1241 671 1490 740 Gemite
1522 671 1861 758 Jeuriensi,
1898 671 2235 758 Stephano
2269 668 2592 753 Magistro
2635 668 3014 753 Agazonum

753 788 819 851 ct
849 779 1103 851 comite
1135 783 1217 849 de
1250 783 1485 870 Vrbaz,
1538 780 1860 850 Balduino
1916 779 2166 849 Comite
2199 778 2530 866 Nitriensi,
2580 779 2860 846 Henrico
2891 776 3013 844 Co-

754 892 910 960 mite
938 893 1185 978 Ferrey
1217 889 1450 978 Castri,
1487 910 1567 958 ac
1598 889 1827 958 ceteris
1845 890 2270 976 Magistratus
2309 894 2375 955 et
2407 886 2770 955 Comitatus
2799 884 3014 972 Regni

754 997 964 1067 nostri
1012 997 1406 1066 tenentibus.
1462 999 1650 1067 Anno
1690 997 1772 1065 ab
1820 995 2287 1064 Incarnacione
2339 992 2606 1060 Domini
2663 992 3013 1060 millesimo

754 1107 885 1177 00⁰
896 1107 1038 1175 XL⁰
1054 1107 1225 1174 11110.
1250 1106 1536 1176 secundo
1557 1106 1875 1175 kalendas
1893 1104 2315 1191 Nouembris,
2335 1102 2552 1190 Regni
2572 1107 2792 1171 autem
2809 1102 3016 1170 nostri

757 1237 928 1286 anno
963 1217 1230 1286 decimo.

764 1412 835 1483 (A
860 1414 1011 1472 haesi
1035 1413 1412 1487 kaptalannak
1437 1419 1658 1472 labe-ki
1683 1414 1992 1482 atiratabol,
2029 1417 2174 1483 mely
2198 1432 2235 1469 a
2262 1416 2426 1470 budai
2450 1415 2553 1468 kir-
2577 1415 2829 1478 kamarai
2850 1411 3017 1467 level·

1620 1503 1815 1561 tarban
1859 1504 2153 1572 6riztetik.)

1819 2260 1974 2328 110.

761 2442 805 2509 Ι
814 2441 882 2508 V.
901 2442 1061 2509 Bela
1080 2443 1289 2531 kirdly
1309 2442 1581 2530 Stepkdt,
1603 2444 1948 2509 Robertnek
1963 2444 2117 2527 ficit,
2154 2442 2630 2508 Uszticsernoczi
2657 2441 3023 2507 binokdban

1586 2556 1944 2642 meqcrc'ise'ti.
1994 2552 2189 2618 1244.

969 2753 1133 2819 Bela
1172 2753 1299 2819 Dei
1349 2752 1579 2838 gracia
1622 2750 1977 2836 Hungarie,
2028 2750 2391 2836 Dalmacie,
2443 2748 2737 2836 Oroacie,
2786 2751 3017 2836 Rame,

761 2860 1012 2947 Seruie,
1045 2862 1345 2948 Gallicie,
1368 2861 1758 2930 Lodomerie
1778 2861 2221 2946 Cumanieque
2251 2862 2392 2928 Rex
2423 2859 2750 2926 vniuersis
2774 2857 3022 2926 Christi

759 2969 1058 3038 fidelibus
1075 2971 1478 3058 presencium
1496 2970 1809 3038 noticiam
1828 2968 2151 3036 habituris
2171 2970 2458 3037 salutem
2475 2970 2545 3035 in
2567 2988 2666 3054 eo,
2698 2969 2807 3053 qui
2828 2971 3023 3055 Regi-

759 3080 886 3147 bus
934 3079 1051 3146 dat
1100 3081 1399 3148 salutem.
1434 3079 1534 3145 Ex
1576 3078 1797 3147 debito
1849 3078 2135 3165 suscepti
2187 3077 2527 3162 regiminis
2576 3085 2890 3162 tenemur,
2943 3085 3022 3145 vt

761 3186 1310 3272 quemadmodum
1342 3188 1512 3273 legis
1562 3188 1798 3255 author
1827 3207 2049 3255 sumus
2077 3207 2120 3253 a
2152 3188 2429 3254 Domino
2463 3206 2663 3274 super
2704 3206 2890 3253 suam
2924 3186 3018 3253 fa·

764 3297 1010 3365 miliam
1052 3296 1426 3381 constituti3
1479 3295 1574 3363 sic
1606 3295 1897 3362 eiusdem
1927 3294 2095 3379 legis
2128 3301 2551 3362 conseruator
2597 3294 2800 3362 simus
2839 3295 3020 3361 beni-

763 3423 930 3489 gnus
981 3423 1062 3471 ac
1111 3404 1321 3470 eciam
1372 3401 1900 3489 circumspectus.
1951 3404 2124 3469 Nam
2161 3422 2306 3470 cum
2356 3402 2566 3472 nostri
2615 3400 2844 3469 fideles
2895 3403 3020 3469 sub

763 3518 988 3581 nostro
1005 3511 1323 3600 regimine
1344 3513 1513 3599 juris
1534 3512 1845 3580 beneficio
1877 3518 2337 3599 sustentantur,
2376 3532 2459 3580 ex
2489 3512 2614 3580 hoc
2644 3512 2879 3578 solium
2910 3533 3020 3579 no-

768 3630 901 3689 stre
933 3620 1352 3690 Celsitudinis
1381 3623 1658 3690 nitorem
1690 3621 1965 3709 suscipit
1994 3625 2060 3686 et
2088 3621 2401 3708 vigorem.
2451 3618 2734 3687 Proinde
2765 3618 2851 3685 ad
2883 3621 3020 3686 vni-

763 3748 1094 3797 uersorum
1155 3730 1562 3816 presencium
1611 3736 1679 3798 et
1728 3734 2132 3817 posterorum
2183 3729 2492 3797 noticiam
2552 3727 2787 3796 harum
2849 3729 3021 3795 serie

762 3838 1063 3905 volumus
1114 3838 1490 3924 peruenire3
1546 3838 1722 3924 quod
1773 3837 2092 3905 accedens
2146 3838 2235 3904 ad
2264 3845 2558 3906 nostram
2607 3836 3021 3923 presenciam

763 3945 975 4015 fidelis
1024 3952 1247 4015 noster
1279 3947 1563 4034 Stephco
1609 3948 1781 4015 filius
1815 3946 2088 4041 Roberti·
2112 3966 2306 4033 super
2357 3947 2642 4034 quadam
2691 3952 2869 4013 terra
2897 3964 3022 4012 sua

763 4054 1023 4123 nomine
1052 4055 1605 4141 Wsticherneuch,
1659 4076 1858 4142 quam
1889 4055 2247 4142 empcionis
2268 4056 2421 4139 jure
2451 4073 2524 4123 se
2554 4054 2892 4142 possidere
2921 4053 3014 4121 di-

761 4166 969 4248 cebat,
1005 4162 1207 4252 peeijt
1239 4185 1282 4231 a
1309 4163 1499 4232 nobis
1548 4162 1881 4233 eaucionis
1930 4170 2247 4251 perpetue
2298 4162 2783 4231 munimentum.
2834 4162 3015 4230 Oete·

759 4295 903 4342 rum
931 4273 1225 4368 volentes
1256 4271 1339 4340 de
1370 4272 1889 4359 circumstancijs
1921 4269 2217 4338 eiusdem
2238 4279 2405 4337 terre
2436 4270 2789 4356 certiorari,
2823 4268 2997 4337 dilec

757 4388 895 4450 tum
945 4386 1012 4449 et
1040 4379 1295 4449 fidelem
1350 4387 1642 4449 nostrum
1674 4381 2020 4449 Nicolaum
2051 4379 2461 4465 Prepositum
2498 4379 2885 4466 Agricnsem
2935 4376 3028 4444 ad

764 4490 1205 4575 inspiciendas
1256 4498 1464 4558 metas
1498 4490 1789 4559 eiusdem
1838 4495 2010 4557 terre
2041 4489 2540 4574 transmisimus,
2597 4495 2663 4556 et
2700 4489 2786 4555 ad
2818 4487 3024 4572 inqui·

761 4597 1035 4666 rendum
1066 4597 1442 4684 diligenter,
1495 4618 1625 4684 quo
1646 4598 1798 4684 Jure
1829 4602 2009 4663 terra
2041 4596 2271 4665 eadem
2323 4597 2410 4663 ad
2444 4596 2659 4683 ipsum
2699 4594 3023 4681 pertinere

761 4713 1088 4776 noscatur.
1125 4704 1252 4784 Qui
1283 4706 1371 4775 ad
1402 4707 1715 4777 maiorem
1746 4707 2071 4775 cautelam
2091 4706 2333 4793 petitos
2367 4724 2409 4771 a
2440 4704 2741 4772 fidelibus
2779 4702 3022 4772 nostris
