3359 5250
1823 322 1912 394 80

734 525 925 614 Saar,
978 533 1043 594 et
1075 525 1476 595 conuentum
1508 521 1591 591 de
1621 521 1799 608 Beel,
1852 528 1919 588 et
1948 520 2162 610 ipsum
2195 520 2516 591 Abbatcm
2549 522 2992 609 judicauimus

734 641 1030 725 prestare
1062 640 1562 715 sacramentum,
1615 630 1957 699 terminum
1993 631 2430 715 assignantes.
2473 630 2604 698 Sed
2634 632 2791 718 quia
2820 631 2993 701 inter

734 745 943 833 ipsius
976 764 1172 813 cause
1205 742 1698 812 deuolucionem
1733 741 1961 828 populi
1983 740 2065 807 de
2095 741 2257 809 villa
2275 741 2503 829 Kayar
2535 740 2810 830 prefata,
2848 756 2994 831 pre·

732 860 830 922 ter
861 854 1169 942 Ipolitum
1204 859 1269 920 et
1301 873 1455 922 suos
1488 858 1825 937 cognatos,
1884 851 2051 919 sicut
2083 851 2272 920 nobis
2306 851 2722 938 postmodum
2759 852 2997 920 consti·

733 963 830 1047 tit,
866 962 1195 1049 mancipia
1225 960 1435 1048 ipsius
1470 959 1750 1026 Abbatis
1785 967 1850 1026 et
1880 978 2106 1027 seruos
2137 959 2382 1026 ibidem
2406 960 2780 1047 existentes,
2822 960 2995 1028 sicut

731 1071 958 1140 Abbas
984 1076 1050 1137 et
1069 1066 1304 1135 fratres
1325 1067 1646 1153 dicebant,
1684 1067 2158 1152 destruxerant,
2188 1067 2483 1136 faciendo
2518 1068 2729 1137 eidem
2762 1068 2987 1154 damp-

731 1200 883 1247 num
914 1176 1391 1265 quinquaginta
1411 1184 1476 1244 et
1509 1196 1625 1244 sex
1648 1196 2011 1244 marcarum
2037 1202 2052 1262 3
2088 1183 2152 1243 et
2183 1176 2349 1264 ipsis
2367 1179 2623 1266 populis
2662 1197 2736 1246 se
2757 1175 2995 1245 fecisse

733 1285 1149 1372 negantibus,
1181 1285 1481 1353 dominus
1503 1285 1727 1352 Abbas
1762 1292 1827 1351 et
1856 1285 2087 1353 fratres
2106 1292 2335 1354 contra
2354 1307 2466 1354 eos
2501 1285 2991 1354 euidentissime

734 1395 1303 1483 comprobassent;
1348 1395 1816 1480 judicauimus,
1870 1401 1940 1460 vt
1972 1394 2055 1461 de
2085 1394 2361 1462 testibus
2414 1395 2658 1462 domini
2710 1393 2988 1460 Abbatis

734 1509 1011 1590 quatuor
1041 1505 1334 1572 homines
1365 1503 1899 1588 intelligeremus,
1946 1511 2316 1589 prestarent
2348 1510 2847 1588 sacramentum,
2881 1501 2987 1569 vel

734 1614 992 1701 pugiles
1025 1633 1412 1700 congressos
1442 1614 1841 1681 adducerent
1872 1614 1960 1680 ad
1991 1615 2413 1700 pugnandum
2439 1637 2454 1696 ;
2489 1622 2556 1681 et
2588 1634 2733 1680 cum
2770 1611 2992 1699 populi

734 1722 1114 1807 hesitarent,
1148 1723 1344 1807 quale
1377 1721 1460 1788 de
1493 1719 1749 1789 duobus
1770 1721 2093 1806 eligerent
2116 1722 2407 1808 judiciJS,
2441 1724 2779 1809 pecierunt
2809 1742 2853 1788 a
2881 1739 2993 1787 no·

734 1831 836 1898 bis
870 1831 957 1898 ad
1006 1831 1348 1899 consilium
1382 1830 1548 1897 inter
1578 1849 1652 1898 se
1687 1827 2164 1916 accipiendum.
2217 1828 2504 1909 Quorum
2545 1828 2993 1915 acquieuimus

736 1939 1087 2025 peticioni;
1140 1940 1258 2009 sed
1288 1947 1638 2024 antequam
1673 1939 1763 2006 ad
1792 1958 1912 2006 nos
1946 1937 2230 2005 redirent
2260 1939 2348 2006 ad
2390 1939 2714 2026 judicium
2752 1937 2991 2022 eligen-

737 2049 910 2133 dum,
946 2055 1078 2116 tam
1111 2049 1353 2133 Abbas,
1402 2068 1599 2133 quam
1631 2046 1831 2135 ijdem
1863 2048 2092 2135 populi
2125 2068 2168 2114 a
2199 2047 2390 2117 nobis
2440 2068 2513 2116 se
2549 2044 2852 2133 componi
2883 2063 2995 2131 pe-

738 2157 1021 2245 cierunt3
1075 2155 1208 2240 qui,
1241 2156 1514 2223 licencia
1564 2162 1629 2222 et
1658 2155 2092 2243 permissione
2133 2176 2174 2223 a
2206 2157 2392 2224 nobis
2425 2154 2710 2240 obtenta,
2764 2172 2990 2221 rursus

740 2266 985 2332 eisdem
1017 2285 1235 2333 coram
1264 2265 1454 2332 nobis
1486 2264 1879 2349 constitutis,
1913 2265 2081 2332 sicut
2106 2263 2575 2350 compositores
2607 2263 2988 2343 retulerunt,

739 2373 965 2459 populi
1013 2373 1454 2457 cuiuscunque
1503 2372 1904 2441 condicionis
1935 2373 2004 2439 in
2032 2373 2194 2441 villa
2224 2372 2497 2459 prefata,
2548 2378 2766 2458 preter
2795 2370 2994 2459 Ipoli-

739 2491 880 2549 tum
914 2488 980 2548 et
1010 2500 1162 2548 suos
1183 2487 1501 2567 cognatos
1533 2482 1910 2565 existentes,
1944 2499 2142 2569 super
2172 2481 2458 2568 dampno
2490 2479 2813 2567 premisso
2851 2484 2994 2544 tan-

739 2608 935 2676 quam
955 2588 1048 2657 rei
1080 2608 1297 2657 coram
1332 2588 1519 2656 nobis
1541 2587 2091 2675 supplicauerunt,
2124 2596 2496 2673 terramque
2526 2588 2821 2657 fimosam
2842 2604 2993 2654 cum

738 2696 1024 2767 funiculo
1057 2696 1281 2765 decem
1312 2699 1612 2764 vlnarum
1657 2716 1925 2766 numero
1957 2697 2319 2785 nonaginta
2351 2717 2491 2784 sex,
2531 2697 2640 2764 vbi
2672 2696 2993 2765 contineri

740 2804 1037 2872 dicuntur
1087 2801 1784 2889 centumquadraginta
1813 2804 2045 2890 iugera
2077 2811 2143 2871 et
2174 2806 2388 2891 sylua,
2429 2804 2499 2871 in
2531 2804 2751 2890 quiete
2781 2811 2848 2874 et
2878 2822 2993 2893 pa·

741 2913 944 2998 cifice,
977 2913 1148 2980 sicut
1175 2911 1359 3000 prius
1389 2910 1836 2999 possidebant,
1878 2911 2052 2981 omni
2083 2918 2382 2981 cessante
2419 2912 2817 2999 reliquerunt
2846 2933 2993 2981 con-

740 3021 1159 3090 tradiccione.
1208 3021 1423 3089 Pouca
1456 3021 1667 3088 eciam
1699 3028 1764 3089 et
1794 3021 1897 3088 sui
1929 3020 2214 3107 cognati,
2250 3042 2321 3089 se
2353 3027 2894 3107 recognoscentes
2924 3022 2992 3089 in

740 3129 967 3199 eodem
1000 3130 1296 3216 termino,
1350 3147 1477 3213 quo
1507 3129 1736 3196 Abbas
1769 3149 1915 3198 cum
1946 3129 2084 3197 suis
2114 3129 2334 3196 iurare
2392 3129 2677 3197 debebat
2719 3128 2996 3196 testibus

740 3258 961 3306 coram
993 3238 1180 3325 ipsis,
1214 3239 1300 3305 ad
1349 3258 1565 3324 genua
1597 3237 1871 3305 Abbatis
1903 3244 1970 3304 et
2018 3239 2290 3306 fratrum
2321 3238 2414 3304 ibi
2464 3238 2893 3306 existencium
2924 3245 2996 3304 vt

740 3345 838 3411 rei
867 3343 1308 3431 prociderunt,
1362 3344 1445 3411 de
1479 3345 1731 3412 offensa
1763 3346 1956 3412 simul
1989 3351 2052 3412 et
2082 3345 2490 3415 contumacia
2521 3345 2782 3413 veniam
2811 3345 2997 3413 flebi-

738 3451 890 3518 liter
910 3452 1340 3539 postulantes,
1375 3458 1441 3519 et
1459 3460 1529 3519 vt
1560 3451 1722 3519 nihil
1755 3471 1921 3537 pene
1952 3473 2072 3540 pro
2095 3451 2466 3521 huiusmodi
2496 3453 2995 3541 presumpcione

740 3565 805 3627 et
836 3558 1150 3645 elacione,
1185 3580 1381 3646 quam
1413 3560 1889 3647 commiserant,
1928 3561 2025 3628 eis
2056 3561 2417 3628 inferretur.
2452 3559 2741 3640 Quorum
2761 3559 2994 3627 Abbas

738 3678 805 3736 et
831 3668 1065 3736 fratres
1116 3668 1270 3736 moti
1305 3668 1626 3755 precibus,
1679 3676 1908 3736 nostra
1958 3669 2166 3737 eciam
2201 3691 2319 3756 pro
2371 3670 2469 3736 eis
2520 3666 2995 3736 interueniente

735 3777 1083 3865 peticione,
1116 3775 1620 3843 misericorditer
1652 3775 2137 3863 condescendit,
2173 3785 2240 3845 et
2257 3777 2623 3845 commissis
2654 3774 2997 3860 indulgen·

741 3887 911 3953 ciam
943 3883 1268 3970 faciende,
1303 3891 1368 3952 et
1398 3892 1467 3952 vt
1497 3885 1797 3972 seruicijs
1832 3892 1894 3952 et
1927 3885 2250 3969 libertate,
2291 3886 2528 3970 quibus
2560 3883 2743 3971 prius
2776 3884 2997 3950 Eccle-

739 3995 838 4063 sie
856 3995 1263 4079 tenebantur,
1297 3993 1527 4061 fierent
1548 3993 1834 4062 obnoxii.
1870 3995 2004 4060 Nos
2024 3994 2248 4078 itaque
2282 4001 2352 4060 vt
2373 3995 2601 4079 judex,
2636 4012 2783 4061 cum
2805 3991 2999 4078 justi-

740 4105 844 4172 cia
870 4103 1151 4170 Abbatis
1201 4110 1267 4170 et
1298 4103 1567 4169 fratrum
1617 4101 1973 4170 secundum
2011 4100 2273 4170 modum
2321 4103 2644 4189 patuisset
2688 4107 2995 4187 pretaxa—

738 4223 899 4299 tum,
952 4221 1085 4282 tam
1116 4218 1358 4280 terram
1408 4232 1607 4297 quam
1654 4213 1914 4296 syluum
1964 4220 2030 4279 et
2060 4210 2404 4280 libertinos
2450 4211 2835 4296 antedictos,
2889 4231 2996 4277 eo-

738 4342 1008 4406 rumque
1038 4324 1335 4407 heredes,
1367 4343 1487 4408 per
1518 4330 1808 4390 nostrum
1840 4322 2227 4409 pristaldnm
2252 4320 2570 4389 Comitem
2602 4318 2994 4407 Dionysium

740 4434 822 4500 de
841 4432 983 4499 Toh
1015 4429 1407 4500 monasterio
1441 4432 1778 4518 sepedicto
1801 4430 2001 4500 statui
2029 4430 2301 4499 fecimus
2332 4437 2647 4518 perpetuo
2681 4436 2748 4496 et
2780 4429 2997 4513 quiete

740 4540 1160 4627 possidenda.
1209 4543 1294 4608 Et
1323 4549 1395 4607 vt
1424 4543 1555 4608 ista
1586 4545 1774 4609 firma
1825 4547 1892 4607 et
1920 4542 2175 4609 illibata
2212 4542 2281 4608 in
2315 4546 2699 4629 perpetuum
2737 4539 2995 4626 possint

740 4667 1144 4737 permanere,
1179 4650 1589 4734 presentibus
1608 4650 1845 4718 litteris
1878 4650 2149 4718 fecimus
2174 4650 2515 4737 interponi,
2551 4648 2754 4734 sigilli
2787 4646 2995 4715 nostri
