3359 5250
1775 902 1932 970 353.

721 1085 984 1170 Spalato
1013 1090 1201 1149 vciros
1229 1083 1476 1169 lco‘zseye
1506 1105 1620 1169 eyy
1656 1084 1870 1148 vdrosi
1897 1083 2155 1147 malmot
2185 1083 2275 1146 ad
2300 1083 2721 1150 haszonbesrbe.
2781 1081 2978 1148 1258.

935 1284 1013 1349 In
1045 1279 1303 1350 nomine
1335 1278 1538 1345 eterni
1575 1285 1639 1345 et
1669 1278 1905 1346 summi
1938 1279 2062 1345 Dei
2096 1280 2326 1347 Amen.
2361 1280 2551 1349 Anno
2584 1282 2979 1350 lnearnatio-

721 1390 827 1457 nis
875 1387 1166 1455 eiusdem
1215 1386 1563 1453 millesimo
1617 1384 2063 1454 ducentesimo
2125 1386 2667 1472 quinquagesimo
2720 1397 2978 1475 octavo,

723 1497 1075 1565 indictione
1124 1494 1430 1577 secunda,
1500 1492 1698 1562 tertia
1749 1493 2004 1561 decima
2053 1493 2163 1561 die
2211 1496 2508 1562 exeuntis
2568 1497 2982 1565 Novembris.

717 1605 1150 1695 Temporibus
1213 1603 1461 1670 domini
1515 1601 1779 1688 Rogerij
1832 1601 2231 1669 venerabilis
2292 1602 2707 1691 spalatensis
2756 1605 2982 1672 Archi-

723 1714 1053 1805 episcopi,
1106 1713 1346 1780 nobilis
1400 1709 1525 1775 viri
1576 1709 1899 1777 Guidonis
1950 1709 2221 1777 Comitis
2273 1711 2503 1796 Veglie
2559 1713 2867 1780 Modruse
2918 1724 2984 1782 et

723 1822 1029 1893 Vinodoli
1063 1819 1430 1904 Potestatis,
1477 1821 1669 1885 Sreze
1703 1818 1958 1903 Gazete,
1995 1819 2294 1905 Gregorii
2327 1817 2552 1907 Grubi,
2596 1821 2817 1889 Dobre
2853 1826 2985 1891 Du-

722 1954 875 2002 saze
892 1934 935 2000 J
940 1932 1238 2016 udicum;
1281 1926 1670 1995 Laurentius
1690 1924 1935 1995 domini
1956 1927 2310 1995 Potestatis
2351 1928 2673 2014 vicarius,
2711 1930 2984 2000 Judices

724 2050 791 2112 et
821 2039 1214 2125 consiliarii,
1249 2057 1366 2124 pro
1399 2034 1679 2103 utilitate
1713 2042 1779 2102 et
1808 2037 2202 2105 necessitate
2240 2037 2436 2106 totius
2479 2039 2985 2109 communitatis

723 2151 1157 2219 vendiderunt
1174 2145 1377 2215 Sabbi
1394 2143 1683 2211 Trauaie
1705 2144 2045 2211 introbitus
2067 2146 2581 2214 molendinorum
2602 2147 2755 2215 hinc
2773 2170 2983 2237 usque

724 2259 812 2326 ad
844 2257 1154 2325 tredecim
1190 2275 1443 2322 menses
1477 2250 1776 2338 proximo
1827 2261 2130 2322 uenturos
2162 2253 2343 2322 finito
2377 2248 2587 2342 pretio
2621 2264 2687 2323 et
2718 2262 2983 2345 precisa

729 2367 1102 2435 uenditione
1135 2372 1589 2431 sexcentarum
1622 2364 1937 2438 librarum
1969 2364 2385 2433 denariorum
2408 2387 2778 2454 paruorum,
2816 2387 2982 2453 quas

727 2475 932 2542 libras
981 2474 1127 2559 ipse
1175 2472 1431 2539 soluere
1483 2472 1680 2537 debet
1721 2473 2184 2540 Communitati
2234 2473 2407 2540 infra
2444 2475 2571 2541 hiis
2624 2475 2977 2561 mensibuS,

727 2580 979 2650 scilicet
1028 2579 1094 2646 in
1143 2579 1435 2665 quolibet
1496 2598 1719 2645 mense
1768 2578 2246 2665 quinquaginta
2294 2580 2499 2649 libras
2561 2580 2979 2652 denariorum

725 2710 1077 2779 paruorum
1111 2708 1315 2771 usque
1347 2687 1435 2753 ad
1467 2688 1728 2773 plenam
1755 2689 2145 2755 solutionem
2181 2686 2618 2776 predictarum
2641 2691 2986 2776 librarum,

725 2819 869 2867 cum
902 2800 1217 2866 bonorum
1267 2816 1526 2863 suorum
1577 2796 1980 2882 obligatione
2014 2803 2078 2863 et
2109 2797 2230 2864 sub
2263 2817 2438 2883 pena
2487 2795 2688 2884 dupli.
2728 2801 2982 2870 Molen-

726 2906 885 2973 dina
903 2928 1057 2974 vero
1091 2910 1241 2971 sunt
1268 2903 1335 2970 in
1354 2903 1624 2986 Salona,
1659 2903 1727 2969 in
1762 2904 2000 2989 quibus
2021 2905 2268 2972 molunt
2287 2911 2431 2973 octo
2464 2906 2654 2991 mole,
2688 2913 2752 2973 et
2783 2905 2986 2974 debet

724 3016 1064 3107 percipere
1096 3012 1310 3079 dictus
1329 3012 1550 3079 Sabbe
1584 3032 1626 3077 a
1658 3013 2138 3080 macinantibus
2168 3013 2235 3080 in
2258 3015 2354 3080 eis
2388 3012 2731 3082 duodecim
2762 3021 2826 3081 et
2848 3036 2984 3082 non

724 3127 897 3214 plus.
931 3125 1275 3210 Expensas
1329 3129 1544 3187 autem
1579 3125 1643 3184 et
1693 3120 1827 3187 alia
1857 3123 2255 3206 necessaria,
2307 3140 2433 3205 que
2474 3123 2650 3188 circa
2682 3121 2982 3208 predicta

725 3233 1100 3302 molendina
1126 3228 1490 3317 oportuerit
1520 3226 1756 3314 facere,
1794 3228 1874 3295 de
1907 3249 2025 3296 suo
2059 3228 2327 3316 proprio
2358 3228 2579 3297 facere
2629 3230 2982 3314 tenebitur,

725 3352 791 3411 et
819 3343 966 3430 ipsa
1000 3337 1377 3407 molendina
1409 3336 1477 3401 in
1528 3338 1750 3423 capite
1802 3336 1959 3403 anni
2010 3338 2258 3404 reversi
2293 3357 2437 3404 cnm
2477 3337 2779 3405 omnibus
2828 3339 2985 3404 arti-

724 3452 877 3521 fitiis
909 3456 975 3518 et
1007 3444 1397 3515 necessariis
1449 3465 1618 3513 sana
1668 3445 1843 3512 dicte
1876 3444 2338 3511 Communitati
2389 3444 2573 3512 dabit
2623 3452 2687 3512 et
2725 3446 2979 3532 reddet,

725 3565 997 3647 excepto
1046 3557 1100 3625 si
1136 3557 1311 3624 mola
1362 3553 1786 3641 frangeretur,
1844 3573 2038 3638 quam
2073 3575 2203 3622 non
2255 3561 2525 3639 mutare,
2579 3554 2695 3621 sed
2748 3562 2981 3641 aptare

723 3669 830 3737 vel
865 3685 1175 3754 reparare
1226 3663 1565 3731 tenebitur.
1616 3662 1689 3730 Si
1720 3662 1961 3730 ferrum
1996 3681 2150 3729 vero
2199 3660 2625 3748 frangeretur,
2682 3663 2977 3731 Commu·

722 3777 899 3845 nitas
949 3775 1008 3841 ei
1042 3794 1124 3841 ex
1174 3772 1391 3859 gratia
1423 3771 1625 3838 alium
1680 3770 2110 3839 accomodare
2158 3770 2470 3856 promisit.
2524 3772 2609 3837 Et
2635 3769 2694 3837 si
2741 3790 2981 3855 guerra

722 3883 937 3953 medio
970 3890 1257 3971 tempore
1287 3879 1772 3970 supervenisset
1802 3878 2283 3964 Communitati,
2319 3900 2515 3965 quam
2557 3879 2856 3948 homines
2890 3876 2975 3945 ad

723 3993 1164 4063 molendinum
1196 3992 1290 4059 ire
1320 4013 1450 4060 non
1482 3993 1788 4078 possent5
1824 3996 2134 4074 quantum
2169 3987 2428 4056 durabit
2458 3988 2573 4057 ille
2594 3988 2807 4075 timor,
2839 3996 2977 4055 tan·

719 4108 856 4172 tum
906 4101 1205 4189 predicta
1251 4099 1698 4168 Communitas
1750 4104 2042 4183 tempore
2091 4097 2277 4182 pacis
2329 4097 2656 4165 tenebitur
2701 4097 2976 4165 redinte-

720 4230 913 4297 grare
962 4214 1028 4276 et
1057 4215 1424 4276 restaurare
1454 4205 1746 4293 predicto
1793 4203 2018 4272 Sabbi.
2070 4207 2156 4273 Et
2185 4205 2242 4273 si
2294 4206 2583 4274 latrones
2617 4206 2725 4273 vel
2771 4202 2977 4289 aliqui

720 4319 879 4386 mali
908 4315 1203 4386 homines
1238 4315 1613 4383 molendina
1645 4314 1752 4382 uel
1785 4312 1997 4381 molas
2031 4312 2427 4401 frangerent,
2469 4313 2772 4381 similiter
2801 4313 2980 4381 Com-

720 4425 999 4494 munitas
1029 4424 1355 4492 tenebitur
1388 4421 1473 4491 de
1506 4442 1624 4490 suo
1673 4421 1933 4509 proprio
1988 4440 2325 4506 reparare.
2373 4421 2610 4487 Actum
2643 4422 2708 4487 in
2742 4419 2979 4508 ospitio

719 4532 965 4602 domini
1013 4532 1369 4600 Potestatis
1421 4531 1487 4599 in
1549 4529 1893 4619 presencia
1943 4528 2137 4597 Curie
2189 4537 2257 4597 et
2304 4528 2630 4598 Johannis
2682 4525 2976 4615 Cigaide,
3040 4604 3056 4613 ,

717 4639 942 4710 Duimi
973 4639 1284 4726 Cassarij,
1316 4639 1528 4707 Micbe
1560 4638 1765 4706 Madii
1797 4645 1864 4705 et
1895 4637 2181 4724 plurium
2213 4638 2510 4708 aliorum.
