3359 5250
1371 361 1495 430 461

310 568 456 636 sine
483 564 732 633 Divina
757 561 1189 650 inspiratione
1220 561 1456 647 redire,
1482 560 1856 659 juramento
1889 559 2168 648 prestito
2187 559 2571 646 promisisti,

308 673 609 745 Ecclesie
638 672 937 761 predicte
967 679 1306 758 tamquam
1342 670 1560 740 fidelis
1578 669 1725 755 ejus
1743 670 1920 739 filius
1952 669 2239 755 obedire,
2271 690 2351 738 ac
2381 669 2573 739 fidem

311 782 742 869 catholicam,
775 782 946 850 sicut
999 780 1121 847 alii
1155 777 1518 848 orthodoxi
1567 779 1800 847 mundi
1830 778 2169 865 Principes
2201 781 2572 848 obseruare.

307 894 585 979 Propter
617 889 792 976 quod
823 890 1130 959 Ecclesia
1163 887 1396 957 eadem
1428 888 1656 957 volens
1687 894 1756 956 te
1789 888 1860 957 in
1890 888 1996 956 sui
2027 886 2376 957 deuotione
2425 907 2573 956 con·

307 1002 494 1087 gruis
524 1002 781 1071 firmare
809 1000 1168 1086 favoribus,
1201 1006 1268 1068 et
1299 997 1647 1085 condignis
1678 997 1918 1082 gratiis
1950 996 2321 1084 confovere,
2352 1018 2574 1086 perso-

311 1132 469 1179 nam
502 1118 685 1179 tuam
716 1110 805 1179 ad
835 1109 1106 1196 Regalis
1137 1107 1486 1194 dignitatis
1535 1108 1792 1193 apicem
1823 1107 2219 1193 sublimavit,
2268 1105 2577 1177 faciendo

309 1227 377 1289 te
412 1220 647 1307 inungi
680 1217 874 1287 Sacri
908 1217 1256 1286 Crismatis
1289 1218 1453 1302 oleo,
1507 1222 1751 1301 tuoque
1785 1216 2031 1302 imponi
2064 1217 2267 1304 capiti
2299 1216 2576 1302 Regium

310 1327 643 1397 diadema.
690 1327 821 1395 Sed
854 1332 942 1413 tu,
973 1326 1143 1395 sicut
1176 1325 1263 1393 ad
1294 1325 1695 1394 audientiam
1721 1331 2013 1395 nostram
2037 1345 2165 1393 non
2185 1327 2329 1395 sine
2360 1324 2577 1394 cordis

312 1435 690 1506 turbatione
720 1437 1037 1525 pervenit,
1073 1442 1209 1503 tam
1241 1433 1708 1521 spiritualium,
1741 1453 1940 1520 quam
1970 1434 2436 1520 temporalium
2470 1435 2575 1503 be-

313 1544 697 1614 neficiorum
730 1546 943 1633 ipsius
973 1545 1275 1613 Ecclesie
1307 1545 1684 1629 immemor,
1733 1548 2043 1628 tantoque
2074 1544 2282 1627 gratie
2312 1560 2581 1630 prorsus

311 1653 638 1739 ingratus,
672 1653 929 1740 prestiti
942 1651 1306 1737 juramenti
1327 1651 1652 1736 religione
1672 1659 2063 1739 contempta,
2098 1651 2187 1738 id,
2205 1652 2380 1737 quod
2400 1651 2582 1719 eirea

311 1761 755 1830 obedientiam
788 1760 846 1845 ej
854 1762 1079 1830 usdem
1114 1758 1440 1847 Ecclesie,
1472 1780 1551 1828 ac
1570 1760 1862 1848 predicte
1881 1760 2407 1829 obseruationem
2426 1759 2580 1828 fidei

312 1869 708 1958 promisisse
739 1868 1125 1955 dinosceris,
1164 1869 1520 1937 observare
1550 1867 1963 1954 postmodum
2011 1887 2140 1937 non
2192 1869 2467 1953 curasti,
2513 1869 2581 1936 in

313 1979 540 2046 anime
569 1983 682 2045 tue
714 1978 1095 2064 periculum,
1143 1976 1352 2065 ipsius
1384 1976 1697 2064 injuriam
1728 1977 1917 2063 fidei,
1965 1976 2258 2046 Ecclesie
2288 1975 2581 2064 predicte

316 2094 766 2173 contemptum
793 2139 811 2174 ,
861 2094 926 2155 et
959 2087 1380 2174 obprobrium
1412 2085 1572 2155 Jesu
1606 2086 1874 2155 Christi.
1964 2088 2173 2173 Super
2222 2106 2351 2173 quo
2397 2092 2582 2154 tanto

314 2195 772 2264 vehementius
806 2197 1291 2280 contristamur,
1323 2203 1569 2281 quanto
1602 2194 1931 2265 faventius
1963 2216 2164 2282 super
2192 2195 2415 2266 omnia
2447 2217 2582 2263 eor·

314 2304 422 2372 dis
456 2304 665 2373 nostri
697 2305 1173 2375 desiderabilia
1203 2306 1516 2393 cupimus,
1568 2313 1640 2374 ut
1687 2307 1900 2373 cultus
1934 2303 2229 2393 ejusdem
2260 2304 2412 2374 fidei
2464 2325 2583 2393 per

317 2413 544 2480 orbem
577 2413 847 2497 longius
898 2412 1231 2496 latiusque
1264 2411 1565 2497 diffusus,
1595 2412 1973 2480 continuum
2007 2419 2272 2481 auctore
2302 2411 2583 2479 Domino

315 2520 642 2607 suscipiat
676 2522 1168 2590 incrementum:
1264 2521 1581 2589 Volentes
1628 2521 1831 2605 igitur
1860 2522 2264 2607 Apostolicis
2296 2521 2473 2607 apud
2520 2527 2589 2588 te

316 2651 522 2718 super
553 2629 676 2697 hoe
707 2631 1019 2699 insistere
1049 2630 1343 2716 monitis,
1379 2637 1445 2697 et
1478 2630 1564 2697 ad
1595 2631 1963 2717 veritatem,
1995 2652 2121 2718 que
2140 2630 2443 2700 Christus
2464 2638 2585 2716 est,

318 2739 625 2826 paternis
676 2744 741 2808 te
789 2739 1328 2824 persuasionibus
1379 2759 1710 2826 revocare,
1758 2761 1838 2808 ac
1886 2748 2228 2829 sperantes
2248 2793 2266 2828 ‚
2316 2740 2491 2827 quod
2521 2747 2588 2809 te

317 2849 618 2932 graviter
645 2855 875 2918 eontra
907 2851 1117 2918 Deum
1173 2855 1237 2917 et
1290 2849 1434 2935 ejus
1468 2849 1837 2919 Ecclesiam
1886 2849 2246 2935 deliquisse
2293 2850 2585 2920 conside·

318 2976 500 3041 rans,
546 2956 872 3041 condigne
902 2957 1225 3044 peniteas,
1279 2964 1344 3024 et
1377 2978 1663 3026 errorem
1715 2965 1900 3026 tuum
1949 2960 2276 3045 corrigere
2321 2958 2588 3027 studeas

320 3083 440 3149 per
469 3070 537 3131 te
569 3063 801 3151 ipsum,
835 3064 1357 3149 Magnitudinem
1388 3073 1569 3134 tuam
1601 3066 1992 3134 monendam
2022 3066 2329 3134 duximus
2378 3071 2588 3134 atten-

318 3176 460 3244 tius
508 3180 574 3242 et
629 3174 1063 3260 hortandam;
1099 3175 1411 3260 quatinus
1461 3176 1550 3244 ad
1597 3183 1781 3244 tuam
1829 3177 2206 3246 memoriam
2255 3195 2590 3262 revocans,

325 3288 580 3367 quanto
630 3283 847 3351 studio
870 3335 887 3370 ,
973 3291 1349 3369 quantaque
1399 3284 1847 3353 sollicitudine
1896 3285 2074 3354 circa
2122 3284 2590 3353 exaltationem

325 3399 510 3460 tuam
544 3391 751 3460 Sedes
803 3394 1188 3479 Apostolica
1239 3395 1608 3481 laboravit,
1658 3395 2079 3464 considerans
2130 3393 2328 3462 etiam
2346 3444 2368 3479 ,
2420 3392 2592 3478 quod

325 3521 466 3569 non
501 3501 911 3588 Ecclesiam3
964 3503 1082 3571 sed
1113 3510 1177 3570 te
1211 3505 1425 3589 ipsum
1460 3503 1733 3590 decipis,
1765 3510 1948 3573 tuum
1980 3505 2047 3570 in
2069 3504 2194 3572 hac
2221 3507 2411 3589 parte
2442 3521 2587 3587 pro·

329 3610 605 3676 missum
642 3607 1157 3696 dampnabiliter
1189 3630 1318 3678 non
1370 3610 1736 3696 servando,
1789 3610 2181 3698 perditionis
2212 3611 2407 3697 viam,
2462 3631 2592 3696 qua

326 3717 654 3803 graderis,
687 3739 820 3786 non
852 3719 1121 3788 differas
1158 3719 1468 3804 abjurare
1489 3773 1506 3805 ‚
1560 3726 1624 3786 et
1655 3720 1725 3787 id
1746 3772 1764 3806 ‚
1814 3719 1988 3806 quod
2021 3720 2102 3788 de
2134 3720 2342 3807 ipsius
2374 3722 2588 3788 obser-

328 3827 592 3894 vatione
627 3827 797 3910 fidei,
836 3833 900 3895 et
933 3828 1232 3912 predicte
1265 3828 1565 3895 Ecclesie
1619 3828 1994 3897 obedientia
2033 3830 2414 3916 juramento
2444 3849 2592 3914 pre-

327 3935 488 4002 stito
520 3936 901 4022 promisisti,
931 3936 1411 4004 inviolabiliter
1443 3938 1795 4006 observare
1828 3959 2156 4025 procureS.
2248 3937 2371 4023 Ita,
2422 3934 2595 4021 quod

329 4064 453 4110 nos
489 4051 746 4111 tuorum
783 4043 1214 4112 laudabilium
1249 4066 1517 4132 operum
1550 4045 1750 4114 odore
1766 4053 2096 4134 percepto,
2130 4048 2337 4114 multa
2357 4045 2594 4113 exinde

328 4150 585 4236 perfusi
618 4151 851 4237 letitia!
897 4152 1123 4220 dulcia
1155 4153 1365 4238 ipsius
1397 4153 1696 4222 Ecclesie
1729 4156 1953 4241 ubera,
2011 4175 2135 4240 que
2184 4155 2447 4241 copiose
2478 4154 2594 4222 du·

331 4259 489 4328 dum
520 4258 589 4325 iu
622 4261 976 4328 multorum
1010 4262 1472 4330 beneficiorum
1505 4265 1930 4350 perceptione
1980 4264 2258 4348 suxisti,
2311 4264 2431 4331 tibi
2461 4265 2593 4332 tuis

333 4370 752 4451 exigentibus
785 4370 1037 4438 meritis
1057 4370 1489 4440 affectuosius
1511 4374 1949 4459 porrigamus.
1996 4373 2307 4459 Alioquin
2328 4393 2595 4442 venera-

334 4475 578 4544 bilibus
613 4477 926 4567 fratribus
959 4480 1205 4547 nostris
1239 4532 1254 4547 .
1282 4531 1295 4546 .
1321 4532 1335 4547 .
1372 4480 1797 4550 Olomucensl
1831 4493 1895 4551 et
1930 4534 1945 4549 .
1971 4535 1985 4550 .
2010 4534 2026 4549 .
2061 4482 2593 4550 Wratislaviensi

335 4582 680 4670 Episcopis
713 4586 961 4654 litteris
995 4588 1236 4655 nostris
1268 4589 1694 4677 iujungimus,
1730 4598 1802 4658 ut
1821 4600 1887 4658 te
1906 4591 1993 4657 ad
2012 4591 2082 4659 id
2101 4611 2219 4677 per
2249 4609 2594 4657 censuram

337 4691 884 4781 ecclesiasticam,
919 4696 1372 4781 appellatione
1397 4706 1663 4784 remota,
1695 4699 2129 4786 compellant3
2162 4721 2293 4766 uon
2330 4702 2593 4768 obstan·
