3359 5250
1366 357 1500 431 479

519 558 647 643 Qui
677 582 830 631 vero
863 562 1178 631 antedicti
1207 563 1270 629 N
1272 562 1443 629 uncii
1473 569 1539 628 et
1566 561 2032 628 Procuratores
2063 560 2299 629 virtute
2347 566 2414 628 et
2442 579 2558 647 po—

293 674 539 738 testate
587 671 963 760 supradicte
1013 671 1491 742 commissionis
1522 690 1667 738 cum
1718 669 1925 739 nobili
1955 668 2093 738 viro
2146 669 2322 739 domi
2335 689 2419 737 no
2449 667 2560 735 Ja-

289 779 461 847 cobo
495 778 847 850 Contariuo
899 782 1176 867 Ragusii
1210 781 1462 851 Comite
1507 780 1859 866 antedicto,
1909 780 2270 865 Judicibus,
2324 778 2553 847 Consi-

291 888 508 956 liariis
542 896 606 959 et
627 889 1105 961 Communitate
1137 892 1449 960 universa
1469 891 1773 960 Civitatis
1806 890 2123 979 ejusdem,
2157 910 2303 958 cum
2336 888 2554 958 sonitu

289 1016 616 1084 campane
643 1019 765 1087 per
815 1000 1254 1068 laudationem
1305 1000 1536 1089 populi
1565 996 1886 1086 Ragusini
1938 999 2024 1065 ad
2054 998 2255 1065 talem
2299 1015 2551 1065 concor·

289 1103 473 1173 diam
521 1103 942 1176 devenerunt.
994 1107 1285 1195 Scilicet,
1316 1107 1490 1193 quod
1540 1126 1622 1174 ex
1656 1105 1940 1173 Civitate
1968 1105 2223 1194 Spalati
2276 1111 2555 1191 quatuor

292 1213 453 1283 boni
485 1215 779 1284 homines
811 1216 1162 1302 eligantur,
1196 1223 1262 1283 et
1291 1215 1491 1284 etiam
1521 1214 1797 1284 totidem
1826 1212 1909 1282 de
1928 1213 2245 1300 Ragusio,
2277 1213 2388 1299 qui
2421 1211 2555 1279 sint

285 1319 561 1390 Judices
591 1323 680 1390 ad
728 1324 941 1392 locum
992 1325 1432 1410 constitutum,
1484 1321 1739 1391 seilicet
1769 1321 1857 1389 ad
1893 1322 2251 1389 Stammum
2301 1319 2389 1389 ad
2423 1340 2552 1388 me-

286 1429 472 1499 dium
525 1449 814 1500 mensem
860 1430 1150 1501 Madium
1201 1432 1411 1521 primo
1461 1437 1801 1500 venturum
1824 1481 1841 1515 ,
1894 1430 1982 1499 ad
2028 1430 2251 1500 omnia
2299 1450 2548 1516 repres-

291 1543 489 1631 salia,
537 1543 855 1629 robarias,
908 1542 1133 1612 debita
1167 1581 1247 1595 -—
1283 1580 1373 1593 —
1404 1579 1491 1593 --
1521 1579 1611 1593 —-
1644 1548 1709 1610 et
1756 1542 2131 1629 questiones
2178 1537 2543 1621 tractanda,

289 1651 729 1739 terminanda,
776 1658 842 1719 et
873 1653 1070 1720 etiam
1101 1652 1527 1739 restituenda,
1561 1670 1690 1738 que
1719 1650 1971 1719 scilieet
1999 1651 2171 1719 inter
2213 1657 2551 1735 utramque

288 1759 668 1848 Civitatem,
719 1761 826 1830 vel
857 1761 1184 1847 quondam
1234 1761 1495 1829 fuerunt
1523 1796 2093 1812 —————
2125 1766 2241 1827 aut
2282 1756 2553 1846 aliquod

290 1867 652 1938 Commune
700 1869 1144 1958 predictarum
1194 1868 1546 1937 civitatum
1576 1868 1665 1937 ad
1696 1871 1910 1937 locum
1958 1869 2371 1936 constitutum
2423 1873 2550 1934 ter-

287 1979 470 2049 mino
503 1978 834 2047 antedicto
850 1979 1131 2049 noluerit
1160 2016 1728 2031 —————
1759 1981 2001 2048 iustum
2020 1977 2550 2066 impedimentum

285 2089 380 2156 sit
425 2088 759 2177 culpabile
789 2089 980 2157 alteri
1012 2089 1372 2159 Communi.
1421 2090 1737 2160 Homines
1769 2108 1923 2158 vero
1975 2088 2416 2176 predictarum
2446 2086 2553 2156 Gi·

283 2197 592 2285 vitatum,
644 2197 756 2284 qui
788 2236 876 2248 —-
906 2237 995 2250 —-
1024 2237 1116 2251 -
1144 2236 1232 2249 ——-
1265 2198 1617 2286 aliquibus,
1670 2205 1737 2265 et
1774 2218 1995 2267 coram
2035 2197 2404 2266 constitutis
2435 2198 2546 2265 Ju-

286 2307 551 2377 dicibus
602 2308 689 2377 ad
727 2307 971 2379 dietum
1019 2312 1231 2380 locum
1278 2309 1553 2379 termino
1603 2309 1930 2379 antedicto
1979 2309 2261 2378 noluerit
2314 2327 2548 2396 parere

286 2452 857 2470 —————
887 2418 1130 2495 iustum
1158 2418 1716 2506 impedimentum,
1769 2418 1838 2485 in
1875 2417 2265 2486 discretione
2313 2416 2546 2484 utrius-

287 2546 419 2612 que
471 2522 824 2594 civitatum
873 2526 1314 2615 predictorum
1343 2526 1651 2596 Judicum
1698 2525 1936 2595 debeat
1971 2545 2311 2594 remanere
2341 2563 2429 2575 -
2462 2560 2549 2575 -

283 2669 376 2686 —
408 2671 540 2721 -——‚
593 2636 707 2722 qui
746 2635 813 2704 in
844 2636 1154 2723 predictis
1186 2636 1579 2705 Civitatibus
1628 2646 1783 2705 tunc
1834 2657 1965 2706 non
2015 2637 2232 2722 fuerit,
2285 2655 2412 2703 non
2463 2635 2550 2702 sit

285 2764 409 2832 per
434 2743 759 2830 judicium
790 2764 912 2812 nec
930 2765 1309 2831 gravamen.
1340 2748 1427 2813 Et
1455 2745 1752 2815 homines
1783 2783 1871 2795 —
1904 2780 1983 2793 --
2022 2781 2110 2795 -·
2140 2779 2229 2794 —-
2262 2743 2331 2811 in
2352 2744 2548 2812 rebus

288 2859 356 2921 et
386 2854 691 2942 personis
743 2855 999 2942 possint
1028 2854 1253 2922 venire
1281 2855 1640 2940 Ragusium
1689 2876 1810 2942 pro
1842 2856 1979 2923 suis
2031 2853 2415 2923 utilitatibus
2450 2852 2547 2920 fa·

290 2960 585 3048 ciendis;
641 2968 706 3028 et
735 2980 773 3028 e
804 2981 1120 3031 converso
1149 2963 1403 3050 possint
1430 2963 1725 3030 homines
1755 2963 2028 3047 Ragusii
2058 2980 2261 3048 usque
2302 2961 2390 3028 ad
2418 2969 2543 3029 ter-

287 3071 540 3139 minum
590 3070 1008 3138 antedictum.
1059 3073 1166 3139 De
1192 3072 1317 3139 hoo
1348 3081 1567 3140 autem
1617 3069 1964 3140 concordio
2009 3080 2161 3138 sunt
2208 3070 2338 3138 due
2368 3078 2547 3140 carte

287 3179 566 3265 similes,
598 3180 719 3248 hec
749 3187 820 3250 et
848 3181 984 3248 alia
1017 3219 1103 3232 -—-
1131 3217 1222 3233 --·
1252 3218 1341 3232 --
1375 3218 1483 3249 —-.
1518 3181 1750 3250 Actum
1786 3186 1888 3248 est
1916 3180 2042 3247 hoc
2069 3178 2343 3265 Bagnsii
2377 3177 2543 3249 ordi·

287 3295 452 3356 nata
483 3286 681 3356 Curia
709 3310 856 3358 cum
886 3291 1098 3359 sonitu
1132 3328 1218 3339 ——-
1256 3329 1329 3358 -τ
1368 3330 1455 3343 —-
1487 3329 1574 3340 -—-
1623 3328 1701 3339 ·-
1736 3329 1823 3340 ·—-
1853 3291 1922 3376 (a
1950 3288 2160 3357 tanuk
2190 3293 2262 3359 es
2293 3310 2335 3357 a
2357 3290 2546 3378 jegy·

287 3397 504 3466 zonek
534 3400 726 3467 nevei
758 3400 1313 3488 olvashatlanok.)

289 3597 575 3668 (Erodetie
598 3603 729 3670 icen
755 3600 1097 3672 megrongalt
1122 3601 1455 3672 allapotbam
1482 3618 1517 3656 a
1538 3601 1686 3656 becsi
1712 3599 1943 3657 csiszari
1968 3603 2136 3658 titltos
2162 3599 2544 3674 levsltsrban.)
