3359 5250
1428 314 1560 385 379

364 536 520 583 vero
552 515 904 583 medietate
936 514 1145 603 ipsius
1179 524 1346 583 terre
1381 536 1524 582 cum
1558 516 1750 584 terris
1782 516 2144 583 arabilibus
2178 518 2496 583 existente
2529 515 2613 582 ab

363 624 617 710 orienti,
671 624 865 691 simul
896 643 1041 690 cum
1078 624 1217 691 alia
1266 624 1615 692 medietate
1654 624 1945 712 predicte
1992 624 2159 693 silue
2200 626 2287 692 ad
2336 625 2611 692 eandem

365 739 607 799 terram
655 731 1062 820 pertinentis,
1128 755 1170 801 a
1216 740 1406 819 parte
1455 734 1763 803 videlicet
1811 733 2220 802 meridionali
2270 733 2614 817 existente,

364 861 510 908 eum
541 840 840 910 omnibus
871 840 1263 909 vtilitatibus
1312 850 1378 909 et
1427 842 1845 929 pertinencijs
1894 843 2030 912 suis
2069 841 2469 928 quibuslibet
2517 860 2615 908 ce·

363 950 561 1017 dente
593 956 658 1017 et
687 958 1064 1017 remanente
1113 949 1448 1036 sepedicto
1481 950 1743 1017 domine
1772 952 1960 1018 Ilana
2010 955 2075 1017 et
2104 950 2241 1018 suis
2274 950 2615 1036 posterita-

362 1057 538 1125 tibus
571 1056 655 1123 ab
686 1056 916 1125 eadem
937 1056 1498 1142 descendentibus,
1534 1057 1833 1125 similiter
1868 1058 1935 1124 in
1966 1063 2351 1145 perpetuum
2372 1063 2438 1123 et
2466 1056 2615 1124 irre·

363 1165 750 1233 uocabiliter
801 1163 1204 1252 possidenda
1233 1172 1300 1233 et
1329 1162 1655 1233 habenda.
1711 1165 1863 1253 Ipse
1893 1173 2112 1234 autem
2144 1163 2405 1234 domine
2450 1165 2613 1232 obli·

362 1280 687 1360 gauerunt
705 1293 776 1341 se
808 1288 1028 1342 coram
1049 1271 1262 1356 nobis,
1301 1272 1476 1357 quod
1496 1272 1707 1356 siqua
1727 1273 2038 1360 ipsarum,
2072 1273 2180 1340 vel
2197 1272 2614 1358 posteritates

357 1381 741 1469 earundem,
781 1380 1325 1467 transgrediendo
1346 1387 1411 1448 et
1443 1380 1841 1469 prosiliendo
1860 1388 2143 1450 ueterem
2164 1389 2446 1450 meatum
2479 1401 2616 1466 pre-

362 1494 525 1561 dicti
574 1492 768 1559 riuuli
816 1493 986 1559 inter
1036 1492 1221 1579 ipsas
1271 1488 1437 1558 duas
1484 1492 1832 1578 porciones
1887 1499 2059 1558 terre
2110 1489 2499 1577 separantis,
2533 1490 2615 1558 de

360 1601 671 1691 porcione
699 1600 972 1667 alterius
1005 1599 1212 1684 partis
1244 1598 1312 1664 in
1345 1599 1535 1665 terris
1587 1598 1949 1666 arabilibus
1989 1598 2464 1683 quantumlibet
2496 1619 2613 1685 pro

361 1730 439 1778 se
471 1727 786 1794 usurpare
815 1705 1131 1773 niteretur
1161 1706 1714 1791 quandocunque3
1750 1707 1872 1776 hec
1903 1727 2058 1794 pars
2093 1705 2397 1774 violatrix
2440 1706 2613 1774 facte

362 1816 707 1885 diuisionis
739 1815 928 1882 alteri
959 1815 1151 1901 parti,
1185 1821 1337 1882 ante
1362 1813 1498 1883 litis
1529 1815 1918 1900 ingressum,
1955 1821 2020 1882 et
2052 1816 2300 1901 absque
2337 1815 2611 1902 strepitu

352 1923 591 2011 judicij
625 1924 922 2006 alicuiuS‚
962 1922 1188 1990 decem
1223 1943 1477 1991 marcas
1510 1924 1785 2011 pecunie
1816 1924 1972 1993 dare
2005 1933 2071 1991 et
2118 1924 2494 2011 persoluere
2522 1930 2611 1991 te-

359 2040 612 2102 neatur.
648 2031 750 2100 Ad
770 2031 951 2099 cuius
972 2031 1065 2099 rei
1087 2032 1465 2101 memoriam
1487 2039 1871 2120 perpetuam
1893 2038 1958 2100 et
1989 2034 2317 2101 munimen
2348 2052 2611 2119 presen-

361 2154 464 2212 tes
495 2144 745 2210 litteras
777 2141 1213 2209 concessimus
1245 2141 1463 2226 sigillo
1503 2148 1725 2209 nostro
1755 2141 2114 2208 roboratas.
2162 2143 2405 2209 Datum
2439 2161 2612 2209 anno

361 2256 452 2320 ab
482 2251 946 2321 Incarnacione
967 2249 1228 2318 Domini
1263 2249 1602 2318 millesimo
1628 2248 1760 2317 (30⁰
1779 2250 2318 2337 quinquagesimo
2350 2258 2607 2335 quarto.

363 2361 630 2429 Andrea
661 2362 926 2427 Decano
960 2367 1026 2426 et
1057 2359 1377 2444 Gregorio
1399 2357 1705 2444 Custode,
1740 2359 2102 2444 ceterisque
2133 2358 2444 2426 fratribus
2478 2360 2608 2427 exi-

362 2469 704 2553 stentibus,
737 2475 805 2536 et
833 2469 1172 2536 nobiseum
1204 2469 1345 2536 Deo
1392 2467 1859 2536 famulantibus
1890 2467 2224 2535 humiliter
2254 2474 2322 2537 et
2352 2467 2607 2537 deuote.

361 2653 636 2715 (Er-edetis
661 2649 1010 2720 biii-hartyan,
1048 2653 1269 2720 melyro'l
1297 2669 1333 2704 a
1359 2650 1622 2719 kaptalan
1648 2651 1886 2719 pecsetje
1910 2649 2370 2718 hartyazsinegen
2398 2652 2550 2718 fflgg,
2577 2667 2612 2701 a

815 2742 1003 2795 fdmelt
1046 2745 1136 2811 hg.
1164 2740 1500 2810 Eszterbazy
1524 2741 1708 2798 csalad
1734 2741 2148 2810 leveltara'zban.)

1222 3035 1758 3046 Μ

1406 3483 1562 3550 268.

359 3669 626 3732 Ancona
649 3671 835 3732 miros
863 3668 1166 3750 hatdsciqa
1187 3664 1471 3731 Gonzom‘
1501 3666 1684 3731 Mcite'
1706 3669 1903 3730 occani
1921 3668 2280 3753 polydrnalc
2303 3668 2615 3754 enqedelyt

361 3776 471 3855 ad,
520 3777 679 3861 hoqy
725 3777 993 3860 raquzai
1021 3774 1168 3859 hajo'
1204 3775 1363 3838 dltal
1398 3774 1735 3839 szenveclett
1763 3774 2270 3840 lca'rosodciscinak
2299 3774 2543 3860 sejeben
2572 3800 2614 3840 a

359 3887 626 3970 rayuzai
652 3883 1115 3948 kereskaecldknek
1163 3889 1494 3970 vayyoncin
1522 3883 1841 3969 maqdnak
1871 3883 2067 3969 cettleq
2104 3883 2392 3969 eleyldtelt
2420 3885 2614 3950 8831εὸ-

1195 3994 1515 4057 zo'lhessen.
1576 3991 1707 4057 125
1715 3992 1772 4055 4.

579 4191 656 4255 In
708 4190 964 4256 nomine
995 4188 1234 4256 Sancte
1283 4194 1348 4255 et
1397 4187 1741 4256 Individue
1772 4187 2110 4255 Trinitatis
2142 4190 2367 4258 Amen.
2422 4191 2608 4259 Anno

363 4298 627 4367 Domini
651 4299 734 4364 M.
750 4295 1050 4367 CC.LIV.
1079 4298 1501 4364 Pontificatus
1523 4297 1773 4364 domini
1789 4299 2151 4366 Innocentii
2170 4302 2352 4385 Pape
2375 4299 2607 4384 quarti,

364 4406 722 4475 Indictione
743 4408 885 4474 XII.
911 4407 1174 4474 civitate
1191 4406 1456 4475 Ancone
1478 4407 1584 4473 die
1601 4407 1744 4473 XV.
1769 4407 2007 4473 mensis
2031 4408 2451 4495 Septembris.
2473 4409 2610 4476 Nos

366 4515 744 4585 Gufferatus
777 4515 1274 4599 Guarcignellus
1295 4512 1599 4582 Civitatis
1630 4518 1898 4583 Ancone
1930 4516 2230 4583 Potestas
2264 4516 2385 4582 stb.
2419 4536 2611 4602 super

364 4622 654 4693 exhibita
703 4625 893 4692 nobis
925 4624 1237 4710 petitione
1289 4624 1545 4692 domine
1577 4622 2026 4692 Bellavederis
2068 4625 2285 4693 uxoris
2336 4627 2607 4693 Matthei
