3359 5250
1433 366 1519 434 51

358 558 495 644 bat,
532 558 600 624 in
636 559 895 626 modum
924 560 1158 646 insule,
1193 571 1259 630 et
1290 563 1385 630 sic
1415 564 1676 631 demum
1711 565 1800 632 ad
1832 572 2072 632 metam
2091 568 2376 654 priorem
2406 588 2623 637 reuer-

357 670 602 733 tuntur.
636 668 721 734 Et
748 666 1116 735 insimiliter
1168 670 1236 737 in
1268 670 1499 758 predio
1531 674 1745 758 Kyniz
1776 678 1985 739 metas
2012 683 2511 742 renouauerunt.
2549 680 2628 744 In

354 774 547 840 cuius
578 776 673 841 rei
725 776 1164 845 testimonium
1212 786 1549 865 presentes
1586 781 1839 847 litteras
1885 783 2327 850 concessimus
2378 784 2625 869 sigillo·

352 869 499 947 rum
530 888 897 951 nostrorum
931 885 1284 952 munimine
1315 888 1695 972 roboratas3
1733 907 1902 954 anno
1939 888 2277 956 Dominice
2311 891 2614 960 lucarna-

353 987 569 1055 cionis
602 989 951 1057 millesimo
984 987 1429 1060 ducentesimo
1461 995 1792 1062 tricesimo
1824 997 2124 1080 septimo.

346 1202 597 1274 (Matyas
634 1204 925 1272 kiralynak
958 1210 1176 1259 1489-111
1215 1206 1527 1271 atiratziboh
1572 1212 1714 1277 mely
1740 1226 1774 1262 a
1811 1211 2202 1278 szombathelyi
2241 1212 2613 1279 kaptalannak

1143 1296 1518 1353 leveltafflban
1546 1301 1840 1368 &ristetiko

1220 1616 1756 1627 ——-—-————--..-

1421 2159 1539 2228 33.

338 2376 514 2440 Arba
566 2376 755 2460 κείρει
811 2374 1141 2459 Ιοόεὸηεέρθ
1190 2373 1455 2458 keyytiri
1491 2379 1683 2459 joth
1729 2397 1772 2436 a
1823 2398 1907 2438 az.
1947 2375 2202 2439 Mdv-ton
2248 2376 2611 2442 tiszteletcire

654 2480 1069 2547 Barbatdban
1100 2483 1314 2565 epitett
1344 2482 1659 2566 eyyha'zra
1678 2479 2074 2566 sennam-eja.
2109 2484 2299 2548 1237.

564 2698 753 2765 Anno
786 2696 1045 2763 Domini
1100 2699 1287 2764 1237.
1340 2695 1705 2764 Indictione
1747 2698 1830 2762 X.
1867 2715 2089 2764 mense
2140 2699 2298 2783 Maji
2329 2700 2444 2765 XI.
2495 2700 2604 2767 die

338 2812 622 2870 exeunte
644 2805 878 2871 Arbae.
914 2806 1229 2890 Tempore
1263 2804 1525 2889 quidem
1555 2804 1806 2872 domini
1839 2805 2042 2871 nostri
2076 2806 2601 2893 JacobiTeupoli

344 2912 470 2978 Dei
490 2913 709 2998 gratia
726 2909 932 2977 incliti
954 2912 1154 2978 Ducis
1176 2912 1611 2994 venetiarum,
1636 2912 2008 2979 Dalmatiae
2035 2921 2231 2997 atque
2256 2912 2600 3000 Oroatiae;

342 3031 409 3087 et
460 3020 708 3087 domini
738 3019 1009 3087 Jordani
1056 3020 1452 3087 venerabilis
1493 3019 1803 3116 Episcopi
1837 3021 2187 3107 Arbensis3
2241 3030 2306 3088 et
2337 3025 2600 3107 Rogerii

342 3132 719 3198 Mauroceni
771 3130 1024 3216 egregii
1055 3128 1345 3197 Comitis.
1402 3131 1565 3197 Cum
1612 3132 1701 3197 sit
1751 3131 2243 3198 consuetudinis
2297 3131 2599 3198 Civitatis

342 3239 684 3326 Arbensis,
739 3246 806 3305 ut
835 3240 1138 3307 defuneto
1172 3241 1538 3327 Capellano
1591 3240 2052 3324 cuiuscumque
2083 3239 2420 3307 Ecclesiae
2468 3240 2602 3307 fun·

342 3346 612 3414 datores
642 3348 847 3433 ipsius
866 3348 1205 3413 Ecclesiae
1226 3346 1659 3432 Capellanum
1693 3346 1939 3430 eligere
1960 3347 2261 3433 debeant,
2297 3353 2362 3413 et
2394 3350 2601 3433 ipsius

346 3455 687 3522 electionis
719 3455 1121 3522 confirmatio
1154 3455 1239 3519 ad
1271 3455 1558 3540 ipsorum
1590 3455 1987 3542 Episcopum
2021 3463 2307 3542 spectet3
2359 3458 2598 3524 idcirco

343 3582 467 3629 nos
519 3584 767 3646 omnes,
819 3581 1086 3644 quorum
1120 3564 1384 3630 nomina
1435 3563 1701 3629 inferius
1746 3563 2171 3645 continentur,
2223 3562 2600 3631 fundatores

344 3670 685 3736 Ecclesiae
718 3671 939 3737 Sancti
972 3670 1233 3736 Martini
1284 3670 1366 3736 de
1397 3670 1687 3738 Barbato
1738 3671 2050 3737 Arbensis
2096 3671 2453 3756 Dioecesis‚
2510 3673 2598 3738 vi·

342 3774 574 3845 dentes
608 3776 950 3844 Civitatem
1000 3783 1292 3844 nostram
1326 3815 1412 3825 -—
1444 3815 1531 3826 —-
1563 3815 1649 3826 -—
1682 3783 1748 3845 et
1777 3779 2116 3862 ingruente
2153 3778 2354 3844 nimia
2385 3798 2598 3846 neces·

342 3882 539 3950 sitate
572 3883 654 3951 de
686 3885 831 3969 ipso
854 3882 1074 3952 debito
1106 3890 1328 3952 nostro
1353 3885 1690 3952 Communi
1725 3883 2057 3966 solvendo,
2093 3883 2175 3951 de
2197 3883 2339 3969 pari
2360 3890 2424 3950 et
2453 3905 2598 3952 con·

342 3990 526 4058 cordi
582 3991 918 4059 voluntate
948 3991 1399 4059 Praelatorum
1437 3996 1502 4058 et
1530 3992 1732 4059 totius
1762 3991 2075 4058 Arbensis
2118 3990 2429 4076 Capituli,
2479 4012 2599 4059 nec

339 4121 471 4166 nou
504 4099 591 4165 de
624 4099 1037 4185 beneplacito
1071 4099 1318 4167 domini
1350 4099 1642 4186 Comitis,
1685 4098 2218 4166 Consiliariorum
2250 4103 2316 4165 et
2351 4100 2599 4165 univer·

340 4228 459 4274 sae
493 4206 1009 4294 Communitatis‚
1061 4209 1317 4295 pignori
1351 4212 1573 4276 locare
1605 4208 2045 4295 disposuimus
2103 4206 2351 4273 reditus
2385 4207 2597 4273 Eccle-

340 4314 483 4382 siae
513 4316 907 4399 nominatae,
960 4316 1314 4383 secundum
1365 4315 1536 4400 quod
1572 4316 1635 4382 in
1688 4315 1947 4401 publico
1991 4316 2418 4380 instrumento
2469 4315 2596 4379 evi-

338 4420 572 4488 denter
590 4429 886 4508 apparet,
920 4443 1082 4507 quos
1104 4423 1421 4489 Arbensis
1441 4423 1887 4491 Communitas
1920 4421 2216 4505 termino,
2251 4440 2377 4505 quo
2399 4421 2596 4488 iidem

336 4529 1009 4596 reditus.tenebantur
1040 4549 1187 4595 esse
1208 4528 1467 4614 pignori
1501 4530 1797 4613 obligati,
1835 4530 1940 4595 vix
1986 4527 2403 4594 medietatem
2437 4528 2594 4594 redi·

337 4655 517 4703 mere
566 4644 894 4706 curarunt.
946 4637 1151 4720 Igitur
1181 4655 1323 4704 cum
1358 4638 1772 4706 Cathedralis
1823 4638 2120 4705 Ecclesia
2154 4636 2435 4704 Sanctae
2469 4637 2597 4702 Ma-

2203 4770 2275 4824 4*
