3359 5250
1827 349 1961 426 224

756 525 1260 622 subiacencium,
1313 542 1502 621 prout
1549 535 1740 605 nobis
1789 558 1906 626 per
1955 538 2169 627 ipsum
2218 538 2560 607 Albertum
2604 531 3022 628 Prepositum

752 644 1061 730 constitit,
1094 645 1218 713 hoc
1250 645 1476 713 ordine
1509 644 1990 731 distinguntur:
2040 647 2283 734 Incipit
2313 648 2485 716 enim
2517 649 2735 736 prima
2768 655 2945 717 meta
2972 670 3019 717 a

750 760 941 843 parte
972 752 1293 838 orientali,
1326 758 1393 818 et
1413 759 1862 821 commetanea
1892 760 1994 821 est
2009 760 2184 821 terre
2202 753 2481 823 Abbatis
2512 754 2597 823 de
2614 756 3016 843 Zerempch;

753 861 989 930 deinde
1020 860 1229 929 tendit
1260 860 1348 927 ad
1378 860 1619 928 flumen
1638 863 2019 949 Zerempch,
2056 869 2123 930 et
2152 862 2567 933 ascendendo
2586 862 2770 932 iuxta
2801 863 3018 951 ipsum

750 970 991 1038 flumen
1022 975 1198 1036 tenet
1229 973 1471 1035 metam
1502 987 1650 1036 cum
1682 974 1860 1036 terra
1889 970 2114 1056 Moza5
2150 969 2304 1037 hinc
2334 971 2730 1040 transeundo
2775 991 3019 1058 aquam

750 1078 931 1145 venit
962 1077 1050 1144 ad
1081 1087 1324 1144 terram
1353 1076 1633 1144 Abbatis
1672 1079 2036 1165 memorati,
2092 1085 2157 1145 et
2185 1077 2277 1145 ibi
2309 1077 2702 1146 circueundo
2734 1087 3020 1147 montem

750 1206 949 1253 vnum
996 1184 1207 1252 tendit
1256 1205 1483 1252 versus
1537 1184 1953 1271 aquilonem,
2016 1192 2081 1253 et
2128 1191 2306 1253 tenet
2352 1192 2592 1253 metam
2649 1206 2796 1254 cum
2841 1192 3024 1254 terra

749 1296 969 1377 Rege3
1002 1292 1239 1359 deinde
1268 1292 1454 1359 vadit
1503 1293 1592 1360 ad
1631 1293 1989 1379 predictum
2021 1294 2258 1361 flumen
2290 1294 2641 1381 Zeremch;
2694 1294 2846 1361 hinc
2877 1315 3021 1381 pro-

752 1401 1042 1469 cedendo
1074 1421 1192 1487 per
1210 1399 1562 1488 planiciem
1597 1402 1687 1469 ad
1715 1412 1954 1469 terram
1973 1403 2256 1488 Peturd3
2297 1401 2537 1469 deinde
2570 1408 2789 1470 autem
2807 1422 3022 1470 reuer-

751 1508 907 1576 titur
937 1508 1027 1575 ad
1057 1508 1340 1595 priorem
1372 1514 1652 1595 metam;
1707 1517 1776 1578 et
1807 1510 1904 1578 sic
1934 1518 2106 1578 mete
2140 1509 2662 1597 supradictarum
2691 1505 3019 1579 terrarum

753 1617 945 1686 Ound
976 1618 1424 1685 terminantur.
1480 1621 1565 1686 Vt
1596 1626 1816 1687 autem
1849 1622 1970 1688 hec
2000 1640 2043 1687 a
2073 1618 2264 1687 nobis
2297 1619 2475 1687 facta
2511 1617 2788 1688 donacio
2819 1621 3020 1688 robur

751 1725 1046 1795 obtineat
1093 1732 1406 1813 perpetue
1454 1724 1805 1814 firmitatis,
1864 1747 1985 1794 nec
2034 1726 2246 1814 possit
2295 1727 2382 1794 ab
2433 1726 2654 1813 aliquo
2704 1745 3016 1814 processu

753 1841 1113 1920 temporum
1146 1833 1216 1900 in
1247 1833 1497 1901 irritum
1529 1836 1850 1920 reuocari,
1900 1843 2240 1922 presentes
2273 1834 2714 1903 concessimus
2759 1834 3018 1903 litteras

751 1940 1032 2028 duplicis
1066 1942 1271 2027 sigilli
1303 1941 1516 2010 nostri
1535 1943 1893 2010 munimine
1911 1943 2276 2011 roboratas.
2307 1943 2552 2010 Datum
2585 1961 2758 2008 anno
2791 1941 3018 2026 gracie

751 2052 843 2116 Μο
864 2050 996 2116 00⁰
1016 2052 1165 2117 XL⁰
1195 2052 1495 2138 septimo,
1529 2052 1817 2120 secundo
1868 2071 2076 2121 nonas
2104 2050 2369 2138 Aprilis,
2411 2049 2624 2136 Regni
2654 2057 2872 2118 autem
2906 2071 3015 2120 no·

750 2158 865 2225 stri
900 2179 1073 2225 anno
1104 2157 1509 2229 duodecimo.

751 2355 817 2424 (Ι.
840 2355 1008 2421 Lajos
1034 2352 1322 2421 kiralynak
1360 2355 1580 2407 laco-ki
1624 2353 1946 2422 meger6s1t6
1982 2354 2482 2424 privilegiumibol,
2519 2372 2555 2409 a
2579 2356 2744 2408 budai
2781 2357 2886 2410 kir.
2914 2357 3013 2409 ka·

1595 2446 1765 2497 marai
1783 2441 2167 2512 leveltarbau.)

1607 2745 2128 2761 ψ

1801 3264 1956 3339 150.

748 3469 794 3535 Ῑ
802 3470 869 3536 V.
922 3470 1077 3536 Be'la
1125 3470 1334 3557 hircily
1385 3470 1648 3551 Farkas,
1700 3469 2020 3555 Zaqariai
2073 3470 2306 3536 Tamais
2332 3468 2563 3553 fia'nak
2611 3471 2999 3558 meqenqedt',

1095 3583 1254 3668 hoyy
1285 3581 1646 3647 birtokciban
1677 3586 1812 3646 ενὸε
1842 3582 2024 3645 υάναε
2052 3582 2400 3666 epithessen.
2447 3576 2648 3644 1247.

956 3794 1122 3860 Bela
1171 3793 1296 3860 Dei
1348 3791 1574 3877 gracia
1622 3789 1981 3877 Hungarie,
2021 3788 2386 3879 Dalmacie,
2440 3790 2729 3878 Croacie,
2781 3794 3009 3878 Rame,

747 3903 990 3988 Seruie,
1026 3900 1325 3987 Gallicie,
1346 3898 1756 3984 Lodomerie,
1796 3898 2236 3986 Cumanieque
2256 3900 2397 3967 Rex
2430 3900 2727 3967 omnibus
2758 3899 3005 3969 Christi

746 4009 1047 4077 fidelibus
1079 4015 1415 4095 presentes
1438 4008 1692 4077 litteras
1720 4008 2115 4096 inspecturis
2145 4009 2424 4075 salutem
2455 4008 2525 4075 in
2557 4007 2844 4076 omnium
2877 4010 3010 4077 sal·

746 4126 994 4187 uatore.
1030 4118 1549 4206 circumspeccio
1583 4120 1838 4203 Regum
1868 4116 2150 4203 prouida
2195 4116 2539 4204 condignis
2570 4117 2840 4205 premijs
2874 4116 3005 4185 sibi

746 4226 1256 4311 obsequentibus
1305 4245 1639 4294 occurrere
1674 4224 2035 4309 consueuit,
2078 4232 2147 4291 vt
2177 4224 2292 4312 alij
2327 4244 2549 4292 eorum
2583 4224 2883 4312 exemplo
2919 4224 3008 4292 ad

743 4334 1077 4401 fidelitatis
1111 4351 1315 4418 opera
1363 4331 1608 4400 forcius
1657 4330 2121 4398 accendantur.
2172 4329 2276 4396 Ad
2305 4331 2755 4399 vniuersorum
2802 4330 3005 4415 igitur

744 4440 1048 4509 noticiam
1083 4448 1216 4506 tam
1251 4439 1660 4526 presencium
1697 4460 1890 4525 quam
1930 4447 2340 4525 posterorum
2361 4438 2589 4506 harum
2624 4437 2794 4505 serie
2823 4438 3008 4508 volu·

743 4571 886 4617 mus
913 4550 1274 4636 peruenire,
1329 4549 1504 4633 quod
1538 4569 1683 4616 cum
1715 4548 2070 4616 Farcasius
2107 4548 2281 4616 filius
2311 4547 2561 4616 'rhome
2601 4547 2684 4615 de
2716 4549 3005 4633 Zagaria

741 4659 1131 4743 multiplicia
1162 4658 1440 4726 seruicia
1484 4657 1672 4725 nobis
1707 4656 2153 4745 impendisset,
2205 4655 2489 4724 maxime
2520 4662 2809 4742 tempore
2841 4656 3004 4722 Tar·
