3359 5250
1218 422 1520 521 —lfissffl

217 620 514 708 tulimuS,
573 618 777 707 sigilli
850 620 1057 691 nostri
1125 618 1481 689 munimine
1546 620 1939 690 roboratam.
1999 622 2189 690 Anno
2235 620 2497 691 Domini

217 727 635 798 MGGXLIV.

752 838 1003 906 (Farlati‚
1029 840 1316 911 Illyricum
1340 840 1564 895 Sacrum
1588 841 1654 897 V.
1683 842 1796 895 ket.
1825 839 1911 895 75.
1936 836 1998 911 1.)

1297 1654 1451 1726 123.

234 1837 278 1902 Ι
288 1836 354 1901 V.
390 1836 558 1904 Be'la
604 1836 951 1923 kirdlynalc·
982 1838 1345 1926 adomdnya
1393 1839 1610 1905 Ιεύυάπ
1654 1862 1849 1906 comes
1880 1846 1942 1905 εἰς
1972 1841 2330 1927 oraza'qbird
2358 1843 2496 1907 azzi-

1154 1952 1357 2016 mdra.
1386 1946 1583 2015 1245.

450 2143 623 2210 Bela
650 2143 781 2211 Dei
821 2143 1048 2226 gracia
1069 2144 1426 2233 Hungarie,
1458 2146 1822 2231 Dalmaeie,
1856 2146 2237 2228 Choroaoie‚
2270 2147 2494 2231 Rame,

228 2252 488 2334 Seruie,
513 2250 813 2336 Gallicie,
835 2250 1241 2339 Lodomerie,
1273 2253 1717 2340 Cumanieque
1745 2258 1885 2323 Rex
1915 2256 2235 2323 vniuersis
2255 2252 2496 2323 Christi

228 2360 541 2429 fidelibus
589 2360 1000 2447 presencium
1047 2361 1356 2430 noticiam
1387 2362 1709 2431 habituris
1739 2363 2015 2458 salutem
2046 2363 2112 2431 in
2145 2384 2221 2432 eo
2254 2363 2365 2450 qui
2396 2367 2499 2429 est

230 2472 444 2537 salus.
496 2466 708 2554 Regie
753 2469 1367 2557 circumspeccionis
1399 2471 1594 2559 oculi,
1634 2471 1747 2557 qui
1777 2471 2053 2559 prouide
2085 2472 2498 2541 considerant

232 2579 473 2649 merita
521 2579 946 2669 singulorum,
998 2578 1239 2649 debent
1284 2583 1422 2651 suis
1452 2581 1755 2651 fidelibus
1786 2582 1966 2651 clara
1996 2581 2163 2651 tanti
2195 2583 2494 2652 culminis

234 2691 544 2760 subsidia
591 2688 932 2780 impertiri,
981 2690 1266 2760 maxime
1314 2692 1717 2779 autemillis,
1769 2713 1884 2782 pro
1923 2693 2157 2779 quibus
2190 2692 2494 2778 multipli-

231 2807 388 2868 cata
418 2800 689 2889 propria
718 2799 1006 2869 seruicia
1055 2805 1120 2867 et
1150 2798 1556 2869 diuersarum
1604 2803 2003 2889 probitatum
2041 2803 2273 2871 merita
2302 2803 2493 2870 inter-

231 2908 495 2977 cedunt.
529 2909 699 2977 Hine
729 2914 850 2996 est,
890 2908 1064 2994 quod
1094 2908 1182 2977 ad
1214 2907 1658 2979 uniuersorum
1693 2916 1828 2977 tam
1861 2912 2268 2999 presencium
2297 2931 2492 2996 quam

228 3022 645 3108 posterorum
692 3014 1004 3083 noticiam
1051 3015 1283 3082 harum
1337 3015 1503 3084 serie
1552 3016 1853 3085 uolumus
1901 3018 2267 3105 peruenire,
2319 3015 2493 3101 quod

231 3148 383 3196 cum
432 3122 832 3213 predilectus
882 3132 947 3191 et
994 3121 1205 3191 fidelis
1255 3131 1479 3192 noster
1526 3124 1761 3195 Comes
1792 3127 2160 3215 Stephanus
2192 3126 2355 3193 Aule
2386 3143 2495 3190 no-

230 3241 372 3302 stre
403 3230 624 3302 Judex
656 3252 699 3298 a
728 3236 1021 3317 tempore
1052 3230 1265 3299 adhuc
1284 3231 1572 3318 pvericie
1601 3252 1718 3302 sue
1750 3233 1921 3320 patri
1952 3231 2215 3300 domino
2234 3231 2495 3300 Andree

228 3343 460 3411 inclite
486 3337 972 3409 recordacionis
1001 3340 1169 3427 Regi
1199 3340 1560 3426 Hungarie,
1594 3346 1660 3409 et
1692 3341 2029 3410 carissimo
2059 3340 2243 3410 fratri
2272 3348 2494 3410 nostro

226 3451 500 3519 Andree
529 3447 800 3517 illustris
831 3447 1183 3518 memoriae
1201 3449 1368 3517 Duci
1388 3447 1690 3539 Gallicie,
1729 3470 1809 3518 ae
1840 3451 2048 3519 eciam
2080 3450 2270 3519 nobis
2302 3459 2496 3537 grata

230 3579 500 3648 semper
532 3578 613 3625 ae
642 3558 820 3626 omni
838 3556 1300 3645 acceptacione
1328 3556 1535 3646 digna
1553 3557 1947 3646 impenderit
1960 3557 2297 3627 fidelitatis
2315 3561 2498 3629 obse-

229 3671 414 3757 quia,
466 3670 607 3733 tam
634 3666 722 3733 'in'
771 3665 1082 3753 pestifero
1131 3666 1597 3735 Tartharorum
1645 3666 1950 3753 aduentu,
2002 3687 2198 3753 quam
2249 3675 2403 3736 ante
2431 3674 2498 3735 et

230 3784 386 3868 post
415 3777 614 3845 lateri
644 3780 866 3845 nostro
896 3775 1288 3844 continuatis
1309 3776 1606 3845 seruiciis
1632 3777 2066 3846 eminentibus
2096 3775 2492 3865 adherendo,

226 3895 372 3955 tam
421 3885 605 3952 circa
651 3888 874 3973 partes
923 3882 1308 3971 maritimas,
1360 3904 1556 3970 quam
1603 3884 1843 3971 ubique
1887 3885 2177 3954 locorum
2206 3891 2496 3974 tempore

226 3992 662 4064 aduersitatis
691 3992 977 4061 maxime
1022 3991 1385 4063 officiosum
1414 4012 1489 4061 se
1518 4012 1722 4081 penes
1753 4013 1871 4062 nos
1901 3993 2220 4062 exhibens
2250 3999 2315 4062 et
2344 3993 2495 4063 fide-

225 4106 386 4191 lem,
417 4107 689 4189 propter
736 4119 865 4186 que
912 4101 979 4169 in
1028 4100 1414 4186 Magistrum
1460 4101 1845 4188 Agasonum
1875 4108 2240 4172 nostrorum
2271 4103 2497 4189 prefici

226 4216 565 4281 meruerat
609 4210 911 4297 primum,
961 4216 1029 4278 et
1073 4229 1248 4279 nunc
1291 4209 1361 4279 in
1397 4212 1440 4280 J
1440 4209 1695 4280 udieem
1733 4211 1903 4281 Aule
1950 4218 2176 4282 nostre
2222 4211 2495 4299 prouehi

225 4320 493 4406 meruit,
548 4317 638 4387 ad
683 4316 934 4389 alciora
982 4319 1191 4388 eciam
1221 4339 1734 4408 conscensurus3
1773 4321 1843 4389 in
1877 4320 2255 4388 memoriam
2287 4319 2497 4386 multi·

222 4427 505 4519 plicium
553 4426 979 4496 seruiciorum
1030 4426 1174 4494 eius
1221 4434 1289 4496 et
1338 4427 1669 4498 fidelitatis
1701 4429 1960 4515 eximie,
1992 4449 2125 4516 qua
2154 4419 2493 4516 prepollet,

222 4557 362 4606 non
395 4543 620 4605 tamen
650 4533 719 4602 in
748 4533 1015 4622 plenam
1061 4534 1764 4623 recompensacionem,
1817 4555 1963 4603 cum
1999 4542 2338 4603 teneamur
2366 4534 2494 4603 sibi

230 4644 539 4733 graciam
588 4643 812 4730 gracie
857 4644 1210 4731 cumulare,
1262 4651 1470 4714 terras
1509 4644 1830 4730 quasdam
1860 4643 2351 4713 habotatoribus
2383 4664 2498 4712 ua-

225 4774 417 4844 cuae,
459 4752 767 4826 uidelicet
794 4758 1038 4827 terram
1067 4750 1337 4845 Halasz,
1386 4753 1499 4826 ubi
1529 4755 1855 4844 quondam
1889 4754 2087 4827 castri
2116 4753 2375 4827 fuerant
2402 4746 2496 4846 'pi-
