3359 5250
1781 342 1915 408 348

711 552 900 630 regat
939 553 1002 611 et
1031 545 1312 611 instruat
1361 539 1714 608 secundum
1755 538 2263 607 ecclesiasticam
2306 536 2747 623 disciplinam.
2796 537 2879 604 Et
2910 536 2967 603 si

712 654 997 739 aliquem
1032 653 1412 719 clericorum
1454 649 1767 736 repererit
1800 646 2138 731 excedere,
2197 648 2303 715 vel
2332 644 2603 713 deniare
2633 665 2676 711 a
2705 646 2969 712 tramite

712 759 909 846 officij
944 759 1286 845 clericalis,
1337 766 1472 825 tam
1506 757 1719 826 officio
1753 778 1956 843 quam
2009 757 2322 825 beneficio
2371 754 2703 844 spoliabit,
2753 760 2819 821 et
2848 752 2966 836 alij

710 866 999 933 conferet
1048 867 1133 932 ad
1184 886 1373 934 suum
1429 864 1764 932 arbitrium
1818 863 2198 949 voluntatis,
2262 872 2398 932 tam
2452 862 2847 952 prebendae,
2901 868 2967 928 et

712 975 1005 1042 ordinum
1041 972 1416 1061 dignitates,
1449 973 1611 1041 iuris
1644 983 1864 1040 tamen
1900 972 1967 1039 in
2002 974 2304 1041 omnibus
2339 970 2566 1040 ordine
2591 973 2962 1040 obseruato.

711 1082 959 1149 Eodem
1012 1089 1230 1149 autem
1282 1081 1608 1169 Episcopo
1654 1081 1959 1167 Tragurij
2010 1089 2468 1166 commorante,
2506 1080 2964 1169 Archipresbi-

709 1201 809 1258 ter
860 1209 976 1277 per
1025 1188 1421 1276 Episcopum
1471 1189 1805 1256 institutus
1858 1208 2100 1256 causas
2154 1189 2421 1275 audiat,
2476 1186 2967 1275 appellacioncs

710 1297 798 1364 ad
833 1296 1230 1385 Episcopum
1283 1295 1701 1381 transmittat,
1757 1303 1820 1363 et
1886 1298 2283 1364 sentenciam
2333 1296 2623 1364 eiusdem
2655 1296 2966 1383 Episcopi

708 1405 1085 1474 obedienter
1149 1410 1214 1469 et
1262 1402 1594 1470 humiliter
1641 1409 2083 1491 suscepturus.
2146 1403 2326 1471 Idem
2379 1425 2635 1489 quoque
2685 1403 2962 1491 Episco-

709 1534 830 1601 pus
879 1513 1055 1600 apud
1095 1512 1487 1598 Tragurium
1537 1512 1795 1581 clericis
1844 1512 2376 1581 Sibenicensibus
2424 1512 2687 1581 ordines
2736 1521 2804 1579 et
2840 1514 2962 1578 Ec-

711 1620 949 1689 clesias
1002 1643 1124 1690 con
1169 1620 1375 1705 ferat3
1427 1620 1954 1707 Archipresbiter
2002 1641 2299 1705 namque,
2352 1628 2420 1688 et
2468 1622 2670 1688 ceteri
2715 1620 2966 1689 Sibeni-

713 1748 943 1797 censes
993 1728 1235 1813 clerici,
1287 1726 1570 1794 maxime
1603 1728 1937 1796 Ecclesias
1972 1727 2407 1815 possidentes,
2459 1729 2649 1797 annis
2688 1728 2964 1814 singulis

706 1836 978 1904 visitent
1039 1856 1186 1904 eum
1240 1854 1383 1902 cum
1448 1834 1704 1919 exenijs
1765 1836 2279 1921 competentibus
2336 1837 2436 1904 bis
2498 1837 2564 1902 in
2624 1857 2746 1905 sua
2793 1835 2962 1904 Sede

713 1943 1108 2030 Episcopum
1148 1949 1594 2025 memoratum,
1648 1943 1717 2008 in
1748 1943 2114 2011 Natiuitate
2152 1943 2417 2013 Domini
2462 1952 2529 2015 et
2560 1944 2626 2010 in
2663 1945 2959 2030 Pascha;

711 2051 895 2117 citati
927 2051 1137 2119 eciam
1170 2052 1254 2119 ab
1305 2051 1534 2118 eodem
1567 2051 1898 2138 Episcopo
1948 2071 2066 2138 per
2094 2052 2351 2120 litteras
2382 2053 2489 2119 vel
2521 2052 2810 2138 sigillum
2844 2075 2960 2139 pro

713 2179 919 2227 causa
968 2160 1263 2247 qualibet
1295 2159 1688 2244 Tragurium
1742 2159 2029 2230 veniant.
2080 2160 2156 2227 In
2186 2160 2355 2228 festo
2387 2181 2542 2228 vero
2588 2162 2814 2229 Sancti
2850 2163 2961 2229 Mi-

707 2269 957 2337 chaelis
1009 2270 1348 2362 annuatim
1401 2268 1767 2337 venientem
1818 2268 2216 2355 Episcopum
2259 2269 2703 2338 Sibenicensis
2734 2270 2960 2337 Archi-

710 2376 1034 2462 presbiter
1061 2396 1178 2463 per
1208 2396 1281 2443 se
1310 2376 1525 2464 ipsum
1556 2377 1761 2443 semel
1792 2376 2186 2463 procurabit,
2242 2382 2308 2443 et
2336 2377 2561 2445 clerici
2607 2378 2957 2446 communi-

713 2493 812 2552 ter
863 2483 1390 2569 procuracionem
1443 2484 1720 2551 alteram
1771 2483 2208 2570 exhibebunt;
2262 2484 2346 2551 de
2376 2486 2565 2572 cujus
2600 2484 2749 2553 festi
2782 2486 2957 2554 obla-

713 2593 1030 2680 cionibus,
1065 2593 1316 2661 scilicet
1346 2593 1648 2680 panibus,
1701 2593 2012 2681 denar-ijs,
2050 2593 2361 2679 candelis,
2395 2615 2521 2681 que
2565 2596 2653 2664 ad
2680 2596 2959 2664 eandem

713 2702 1055 2769 ecclesiam
1092 2703 1487 2789 deferuntur,
1519 2702 1842 2771 medietas
1874 2703 2138 2771 dabitur
2155 2706 2508 2792 Episcopo,
2540 2705 2959 2774 medietatem

709 2809 983 2877 alteram
1018 2811 1480 2879 Sibenicenses
1514 2810 1733 2878 clerici
1764 2812 2128 2899 recepturi3
2183 2812 2406 2880 vinum
2436 2832 2614 2899 vero,
2664 2812 2841 2899 quod
2873 2813 2957 2879 ad

714 2937 1025 3004 vesperas
1075 2924 1477 3006 apportatur,
1529 2917 1897 3005 Episcopus
1930 2918 2135 3005 recipi
2165 2920 2388 3005 faciat,
2442 2921 2597 2990 dato
2629 2922 2813 3009 prius
2858 2907 2960 2988 ms

707 3029 818 3097 vel
846 3033 948 3094 ter
979 3028 1063 3095 de
1095 3026 1237 3115 ipso
1260 3026 1515 3093 clericis
1548 3032 1615 3092 et
1644 3025 1839 3093 laicis
1870 3026 1959 3093 ad
1979 3026 2349 3099 bibendum.
2379 3030 2481 3096 De
2507 3027 2961 3097 oblacionibus

708 3157 866 3204 vero
914 3135 1100 3204 festis
1149 3137 1533 3203 Sanctorum
1587 3134 1825 3202 Cosme
1877 3141 1944 3201 et
1998 3136 2312 3203 Damiani
2373 3136 2640 3205 terciam
2702 3145 2960 3225 partem

712 3246 1082 3332 Episcopus
1116 3243 1408 3332 recipiat.
1439 3246 1541 3310 De
1565 3242 1839 3311 decimis
1871 3251 2088 3313 autem
2112 3246 2431 3333 omnibus,
2466 3267 2591 3332 que
2622 3267 2737 3334 per
2756 3255 2960 3316 totam

705 3351 1080 3441 parochiam
1132 3353 1622 3421 Sibenicensem
1655 3372 1698 3419 a
1728 3350 2237 3422 decimatoribus
2287 3357 2666 3423 clericorum
2714 3355 2959 3424 Sibeni-

704 3460 991 3527 censium
1028 3480 1173 3528 cum
1205 3459 1442 3527 clerico
1474 3459 1789 3547 Episcopi
1823 3461 2236 3547 colliguntur,
2290 3462 2543 3531 decima
2584 3484 2739 3552 pars
2774 3463 2959 3532 dabi-

706 3577 808 3636 tur
840 3568 1076 3637 Comiti
1106 3570 1540 3654 Sibenicensi,
1572 3590 1751 3637 nona
1783 3591 1938 3657 pars
1968 3571 2554 3658 Archipresbitero,
2602 3579 2670 3640 et
2699 3571 2781 3639 de
2814 3580 2961 3641 octo

706 3677 986 3747 residuis
1019 3678 1436 3766 porcionibus
1469 3677 1885 3746 medietatem
1918 3679 2287 3767 Episcopus
2327 3682 2624 3768 plenarie
2660 3683 2958 3771 recipiat,

704 3794 770 3852 et
803 3804 1186 3872 quocunque
1217 3785 1495 3854 voluerit
1546 3807 1696 3853 eam
1737 3785 1942 3854 faciat
1974 3788 2181 3856 libere
2229 3790 2596 3876 asportari;
2650 3790 2959 3860 medieta—

700 3902 830 3961 tem
861 3914 1019 3961 vero
1070 3897 1346 3963 alteram
1376 3895 1837 3964 Sibenicenses
1871 3895 2091 3963 clerici
2138 3896 2462 3983 recipiant
2489 3899 2798 3967 vniuersi.
2859 3900 2961 3966 De

706 4001 1181 4088 oblacionibus,
1246 4023 1373 4087 que
1424 4002 1585 4069 fiunt
1632 4004 1699 4071 in
1755 4004 2369 4073 consecracionibus
2406 4006 2843 4102 ⁸ecclesiarum
2890 4009 2959 4076 in

701 4108 1026 4196 Sibenico,
1058 4110 1125 4176 in
1159 4131 1390 4196 campo
1422 4110 1694 4196 marine,
1730 4118 1796 4178 et
1826 4112 1894 4178 in
1934 4148 2006 4160 -—
2045 4149 2135 4161 —
2158 4150 2232 4162 --
2279 4149 2353 4162 —-
2397 4151 2471 4162 —
2510 4114 2778 4182 terciam
2811 4135 2959 4201 par·

699 4225 832 4283 tem
865 4218 1254 4304 Episcopus,
1299 4217 1568 4285 terciam
1616 4217 1838 4285 clerici
1868 4219 2364 4306 Tragurienses,
2416 4220 2685 4288 terciam
2732 4222 2957 4290 clerici

696 4324 1156 4394 Sibenicenses
1174 4327 1580 4395 obtinebunt.
1622 4325 1802 4404 Quas
1823 4327 2203 4397 oblaciones
2223 4329 2700 4415 Tragurienses
2732 4331 2956 4399 clerici

699 4435 1013 4518 colligent
1061 4433 1186 4522 (et)
1221 4434 1538 4521 diuident,
1572 4436 1741 4504 sicut
1778 4438 2078 4524 superius
2131 4443 2232 4506 est
2277 4457 2676 4525 expressum.
2727 4440 2954 4506 Archi·

697 4542 1018 4629 presbiter
1048 4562 1206 4611 vero
1240 4551 1308 4612 et
1336 4545 1561 4612 Abbas
1592 4543 2067 4632 Sibenicenses,
2117 4547 2183 4613 in
2214 4567 2331 4615 sue
2364 4547 2705 4634 dignitatis
2736 4547 2955 4617 officio

698 4671 813 4742 per
843 4651 1240 4748 Episcopum
1289 4654 1642 4742 constituti,
1678 4654 2071 4746 Tragurium
2102 4654 2389 4741 veniant,
2440 4675 2675 4724 manus
2724 4678 2950 4728 conse·
