3359 5250
1447 268 1580 388 4539

1434 856 1593 926 352.

376 1033 539 1101 Man
528 1033 689 1120 fred
720 1038 981 1099 tarentoi
1035 1035 1350 1121 fejedelem
1397 1042 1459 1101 e's
1488 1039 1722 1103 siciliai
1768 1038 2079 1126 kelytartd
2106 1065 2147 1107 α
2176 1041 2360 1125 Busi,
2405 1044 2639 1111 Lesina

376 1144 632 1209 malleni
661 1143 994 1209 dalmatiai
1043 1146 1308 1230 sziqeten
1338 1145 1471 1210 Ζέυό
1499 1158 1668 1210 szent
1700 1146 2030 1213 Szilvester
2074 1155 2137 1214 ἐς
2166 1149 2404 1217 ΜίΙείόε
2429 1174 2640 1220 mono-

921 1257 1116 1318 stordt
1137 1252 1520 1340 pcirtfoqcisa
1552 1254 1660 1320 ald
1695 1258 1873 1320 veszi.
1907 1255 2103 1322 1258.

599 1447 974 1517 Manfredus
1007 1449 1163 1516 Diui
1184 1449 1467 1535 Augusti
1499 1451 1922 1537 Imperatoris
1949 1452 2247 1521 Federici
2277 1453 2471 1539 filius,
2513 1454 2639 1522 Dei

377 1558 603 1642 gracia
625 1555 940 1644 Princeps
960 1556 1251 1641 Tarenti,
1274 1558 1512 1626 Montis
1539 1558 1764 1627 Sancti
1786 1560 2019 1646 Angeli
2037 1560 2380 1648 Dominus,
2403 1567 2470 1629 et
2487 1561 2637 1627 nlu-

375 1665 534 1732 stris
565 1664 768 1751 Regis
788 1663 1072 1733 Com-adi
1093 1665 1376 1732 Secundi
1406 1664 1475 1732 in
1498 1666 1727 1752 Regno
1756 1666 1980 1734 Sicilie
2007 1667 2234 1736 Balius
2266 1666 2633 1753 Generalis,

375 1794 495 1862 per
516 1792 791 1859 presens
819 1773 1131 1861 scriptum
1157 1781 1446 1842 nostrum
1471 1771 1755 1863 (notum)
1778 1774 1918 1842 fieri
1950 1775 2248 1844 volumus
2287 1774 2634 1861 vniuersis,

375 1884 551 1971 quod
586 1881 982 1951 venerabilis
1016 1882 1242 1949 Abbas
1294 1887 1359 1949 et
1391 1883 1764 1949 Conuentus
1817 1884 2197 1970 Monasterii
2246 1884 2636 1952 Sanctorum

375 1991 678 2060 Siluestri
709 1997 776 2058 et
801 1990 1064 2058 Nicolai
1099 1987 1183 2055 de
1215 1990 1430 2056 insula
1462 1991 1622 2057 Buci
1651 1990 2137 2076 Magnificentie
2173 1998 2390 2060 nostre
2420 1992 2630 2061 humi·-

375 2103 524 2168 liter
576 2100 1135 2187 supplicauerunt,
1186 2106 1255 2167 vt
1287 2100 1441 2185 quia
1473 2100 1538 2166 in
1573 2098 1803 2166 eadem
1855 2099 2074 2167 insula
2121 2099 2368 2187 degunt
2399 2100 2632 2168 deuote

375 2211 653 2278 Domino
677 2209 1086 2290 famulantes,
1122 2206 1365 2272 dictum
1390 2208 1714 2274 Abbatem
1737 2213 1801 2273 et
1820 2205 2243 2295 conuentum,
2277 2229 2358 2276 ac
2376 2215 2626 2277 ceteros

373 2322 610 2388 fratres
639 2316 1044 2401 monasterii,
1094 2315 1385 2383 eiusdem
1418 2337 1674 2402 quoque
1706 2315 2085 2387 Monasterii
2123 2318 2438 2405 homines,
2474 2336 2628 2406 pos-

373 2431 729 2511 sessiones,
781 2422 1118 2508 animalia,
1171 2443 1277 2490 res
1310 2445 1553 2511 omnes,
1609 2434 1674 2491 et
1708 2424 1881 2492 bona
1915 2444 2157 2511 eorum,
2209 2445 2336 2510 que
2384 2428 2453 2491 in
2483 2414 2630 2512 pre-

374 2537 742 2607 senciarum
795 2532 966 2600 iuste
1014 2530 1352 2618 possident
1404 2532 1581 2597 acin
1617 2539 1815 2599 antea
1865 2533 2033 2602 iusto
2085 2533 2272 2602 titulo
2323 2539 2631 2620 poterunt

372 2646 676 2736 adipisci,
710 2643 829 2712 sub
860 2640 1091 2725 Regia,
1125 2649 1480 2724 nostraque
1500 2643 1898 2727 protectione
1931 2643 2229 2728 recipere
2266 2642 2627 2711 miscricor-

374 2757 542 2825 diter
598 2753 1031 2837 dignaremur.
1085 2749 1223 2817 Nos
1255 2770 1413 2833 crgo
1469 2750 1881 2818 attendentes
1931 2752 2276 2819 honestam
2325 2750 2528 2818 vitam
2564 2755 2631 2817 et

372 2866 754 2950 religionem
805 2878 1046 2942 eorum,
1097 2864 1162 2923 et
1210 2866 1280 2926 vt
1313 2858 1379 2924 in
1411 2858 1640 2925 eadem
1697 2858 1914 2926 insula
1962 2859 2220 2946 possint
2268 2858 2508 2946 quieta,
2561 2865 2627 2924 et

368 2970 726 3058 tranquilla
756 2964 1066 3032 mentium
1097 2963 1445 3031 deuotione
1477 2966 1756 3032 Domino
1789 2965 2129 3051 famulari3
2183 2965 2460 3032 eundem
2492 2964 2625 3029 Ab·

371 3084 607 3163 batem,
643 3078 1068 3156 Conuentum,
1114 3071 1352 3139 fratres
1385 3093 1559 3158 suOS,
1595 3074 2077 3157 Monasterium,
2125 3073 2443 3157 homines,
2484 3071 2622 3137 ani-

373 3189 593 3271 malia,
642 3192 709 3252 et
739 3191 989 3250 ceteras
1023 3199 1151 3266 res,
1209 3189 1273 3246 et
1305 3179 1477 3246 bona
1510 3199 1731 3245 eorum
1762 3180 1830 3245 in
1865 3178 2342 3266 presentiarum
2372 3177 2622 3262 habita,

371 3299 475 3364 vel
508 3296 574 3360 in
608 3299 803 3359 antea
834 3290 1002 3357 iusto
1032 3287 1221 3355 titulo
1255 3287 1673 3372 acquirenda,
1708 3288 1831 3354 sub
1851 3285 2059 3372 Regia
2092 3292 2443 3373 nostraque
2474 3307 2620 3375 pro-

369 3404 649 3473 tectione
698 3398 1045 3484 recipimus
1096 3394 1389 3482 speciali,
1453 3395 1741 3481 presenti
1792 3394 2209 3480 prohibentes
2262 3393 2498 3481 edicto,
2553 3403 2625 3464 vt

367 3514 585 3580 nullus
618 3513 904 3594 quietem
936 3525 1159 3572 eorum
1189 3504 1570 3590 perturbare
1620 3511 1978 3589 presumat,
2035 3504 2141 3570 vel
2173 3504 2351 3590 ipsos
2382 3505 2450 3572 in
2483 3523 2624 3592 per·

371 3622 549 3690 sonis
600 3625 716 3684 aut
745 3614 933 3684 bonis
985 3633 1206 3680 eorum
1254 3611 1602 3698 offendere,
1657 3612 1764 3679 vel
1811 3611 1946 3679 suis
1978 3612 2196 3697 rebus,
2249 3621 2316 3680 et
2363 3629 2623 3680 suorum

370 3734 697 3799 hominum
746 3725 1065 3794 violenter
1097 3720 1365 3788 auffere.
1418 3720 1610 3800 Quod
1641 3720 1754 3804 qui
1804 3718 2292 3807 presumpserit,
2345 3720 2622 3806 Regiam

370 3850 436 3909 et
485 3844 771 3905 nostram
819 3829 1334 3915 indignationem
1384 3849 1459 3895 se
1499 3828 1754 3895 nouerit
1801 3828 2226 3895 incursurum.
2278 3826 2384 3893 Ad
2433 3828 2623 3896 huius

367 3952 587 4033 itaque
635 3939 1055 4031 protectionis
1087 3945 1305 4006 nostre
1357 3938 1732 4004 memoriam
1783 3945 1848 4004 et
1880 3936 2188 4002 stabilem
2235 3935 2625 4021 firmitatem,

368 4075 635 4146 presens
667 4050 978 4136 scriptum
1012 4047 1171 4130 fieri,
1226 4053 1292 4112 et
1322 4044 1540 4129 sigillo
1583 4050 1806 4112 nostro
1859 4041 2164 4110 iussimus
2213 4043 2618 4113 communiri.

366 4171 609 4235 Datum
641 4159 946 4227 Panormi
997 4178 1114 4244 per
1147 4175 1375 4222 manus
1410 4153 1728 4237 Gualterij
1778 4152 1860 4219 de
1893 4151 2053 4218 Orta
2082 4151 2291 4235 Regni
2323 4150 2620 4220 Hieroso-

368 4271 643 4345 limitani
695 4275 761 4335 et
808 4266 1032 4334 Sicilie
1082 4264 1475 4331 Cancellarii
1528 4282 1700 4330 anno
1748 4261 2089 4329 Dominice
2141 4255 2619 4328 Incarnationis

365 4390 455 4453 Μ0
479 4385 607 4451 CC⁰
629 4383 705 4448 12⁰
727 4379 907 4446 V111⁰
939 4397 1163 4444 mense
1193 4375 1376 4461 Junij
1413 4376 1622 4461 prime
1653 4373 2054 4441 Indictionis.

854 4542 1083 4608 (Lucius
1108 4542 1367 4593 Memoris
1394 4537 1635 4592 storiche
1659 4538 1750 4590 die
1772 4539 1919 4590 Trau
1949 4537 2069 4590 105.
2096 4535 2153 4602 1.)

2163 4739 2297 4799 32*
