3359 5250
1770 410 1855 476 36

1765 975 1879 1042 23.

685 1163 808 1230 IV.
852 1160 1012 1226 Βέία
1063 1159 1410 1245 kira'lynak
1458 1155 1768 1224 rendelctc
1815 1154 2067 1219 Arnold
2114 1153 2499 1242 zalameqyei
2531 1155 2945 1242 fflc‘spa'nhoz,

689 1269 993 1354 Goztolya
1042 1267 1286 1354 helysdg]
1335 1266 1595 1329 hatdrai
1629 1262 2188 1348 fenntartdsdnak
2238 1263 2611 1349 ta'rqydban‚
2664 1264 2949 1349 melynek

908 1372 1173 1460 solyma
1205 1373 1458 1439 Arnold
1473 1370 1753 1457 fb'ispcin
1786 1381 1876 1435 ott
1900 1371 2300 1456 hatdaejdrdst
2332 1381 2481 1435 tart.
2515 1372 2710 1437 1237.

901 1605 990 1616 —
1022 1606 1109 1616 -—
1141 1567 1438 1635 Prefatus
1459 1566 1782 1650 Georgius
1815 1566 1883 1631 in
1908 1584 2030 1632 sua
2061 1573 2127 1631 et
2156 1562 2434 1651 predicti
2454 1564 2775 1633 Johannis
2807 1585 2950 1652 per-

689 1677 869 1744 sonis
921 1672 1246 1759 quasdam
1294 1675 1461 1742 duas
1511 1675 1786 1757 litterae,
1840 1693 2034 1739 vnam
2079 1672 2323 1740 domini
2357 1674 2513 1738 Bele
2557 1674 2714 1740 olim
2746 1673 2948 1757 Regis

688 1784 1024 1867 Hungarie
1055 1783 1351 1848 clausam
1380 1803 1621 1848 annum
1654 1800 1771 1846 sue
1804 1780 2248 1846 emanacionis
2279 1802 2409 1847 non
2441 1780 2829 1864 habentem3
2880 1793 2948 1846 et

691 1889 1043 1958 secundam
1076 1891 1349 1959 Arnoldi
1382 1890 1653 1958 Comitis
1687 1888 2103 1956 Zaladiensis
2142 1889 2211 1953 in
2242 1909 2417 1955 anno
2449 1890 2713 1955 Domini
2745 1889 2947 1955 mille·

695 1999 858 2066 simo
889 2000 1331 2067 ducentesimo
1379 1999 1711 2066 tricesimo
1746 1998 2027 2085 septimo
2076 1998 2436 2064 confectam
2469 1997 2658 2064 nobis
2690 2017 2949 2083 presen-

688 2108 874 2172 tanit.
927 2109 1002 2172 In
1041 2128 1319 2191 quarum
1365 2109 1575 2191 vnius,
1627 2105 1939 2173 videlicet
1986 2105 2193 2191 ipsius
2246 2105 2488 2172 domini
2536 2106 2696 2171 Bele
2745 2105 2947 2189 Regis

687 2213 902 2280 littere
935 2214 1341 2281 continencia
1366 2214 1601 2282 Comiti
1633 2215 1924 2282 Arnoldo
1959 2215 2350 2281 transmissa
2386 2214 2551 2279 inter
2582 2220 2803 2280 cetera
2833 2212 2946 2278 ha·

691 2321 1004 2406 bebatur;
1057 2320 1233 2407 quod
1277 2321 1600 2389 accedens
1653 2324 1743 2389 ad
1791 2322 2200 2408 presenciam
2250 2322 2459 2407 ipsius
2510 2320 2756 2389 domini
2785 2319 2949 2387 Bele

687 2428 888 2513 Regis
922 2428 1154 2495 Comes
1187 2433 1408 2496 Panus
1446 2430 1574 2497 sibi
1625 2430 2083 2514 conquerendo
2138 2428 2433 2512 dixisset,
2485 2427 2661 2511 quod
2706 2426 2950 2493 Hahol-

699 2537 821 2603 dus
852 2536 1083 2604 Comes
1112 2538 1648 2626 composicionem
1682 2558 1799 2623 per
1832 2537 2045 2625 ipsum
2077 2534 2393 2603 Comitem
2420 2535 2781 2603 Arnoldum
2818 2533 2949 2600 fac-

687 2653 823 2712 tam
872 2654 936 2712 et
985 2647 1353 2714 ordinatam
1406 2646 1927 2731 transgrediens,
1981 2654 2190 2712 metas
2238 2652 2406 2711 terre
2458 2665 2577 2710 sue
2624 2643 2944 2728 Gostolia,

687 2760 879 2839 prout
926 2755 993 2819 in
1023 2754 1260 2821 litteris
1313 2756 1448 2821 suis
1480 2755 1836 2840 Regalibus
1888 2754 2339 2838 contineretur,
2393 2773 2513 2839 per
2551 2750 2811 2818 fidelem
2844 2772 2948 2817 ca·

690 2859 1024 2945 pellanum
1056 2881 1244 2932 suum
1276 2861 1553 2928 Paulum
1586 2860 1997 2929 sacerdotem
2030 2861 2173 2947 ipso
2207 2859 2456 2926 Comite
2487 2860 2776 2928 Arnoldo
2808 2880 2947 2946 pre·

688 2971 873 3033 sente
904 2966 1298 3054 assignatas,
1350 2968 1821 3052 destruxisset3
1875 2969 2046 3034 vnde
2100 2968 2245 3054 ipse
2278 2966 2574 3034 dominus
2606 2966 2772 3033 Bela
2802 2968 2946 3032 Rex

687 3075 811 3160 hys
861 3074 1191 3160 perceptis
1255 3073 1469 3142 eidem
1521 3074 1762 3144 Comiti
1811 3074 2100 3143 Arnoldo
2147 3075 2558 3161 mandasset,
2625 3083 2945 3160 quatenus

687 3183 846 3248 visis
880 3181 1126 3248 eisdem
1179 3183 1414 3251 litteris
1446 3185 1581 3251 suis
1612 3184 1701 3250 ad
1736 3184 1978 3250 dictam
2010 3190 2250 3249 terram
2300 3183 2735 3269 personaliter
2765 3202 2944 3248 acce-

687 3290 874 3354 deret
903 3308 1047 3355 cum
1078 3297 1422 3375 prenotato
1454 3292 1661 3357 Paulo
1697 3291 2060 3374 sacerdote,
2103 3299 2170 3357 et
2206 3291 2263 3357 si
2296 3291 2536 3357 dictum
2566 3289 2942 3356 Haholdum

688 3397 1000 3462 Comitem
1036 3397 1285 3480 aliquid
1315 3407 1538 3465 contra
1570 3399 2114 3486 composicionem
2145 3399 2387 3465 factam
2417 3398 2651 3464 fecisse
2668 3399 2943 3483 videret,

688 3511 980 3573 moneret
1027 3503 1151 3569 hoc
1181 3503 1249 3569 in
1280 3506 1511 3571 melius
1563 3505 1939 3590 reformari3
1994 3506 2283 3589 alioquin
2335 3505 2547 3572 eidem
2599 3505 2941 3572 terminum

688 3615 1059 3698 assignaret
1110 3631 1329 3677 coram
1358 3614 1491 3679 Sua
1522 3613 1733 3696 Regia
1764 3613 2185 3679 Excellencia
2235 3612 2656 3699 comparendi
2691 3632 2940 3699 compe·

686 3726 952 3804 tentem,
985 3725 1051 3785 et
1071 3739 1266 3807 super
1288 3721 1624 3807 premissis
1646 3728 1876 3790 contra
1895 3724 2113 3788 Panus
2141 3721 2456 3788 Comitem
2476 3719 2938 3806 respondendi,

690 3836 755 3894 et
804 3827 1187 3894 citacionem
1238 3829 1304 3894 in
1338 3832 1745 3915 presenciam
1794 3850 1981 3898 suam
2028 3831 2306 3914 Regiam
2356 3828 2597 3896 factam
2649 3849 2793 3895 cum
2843 3828 2940 3895 rei

685 3934 854 4001 serie
887 3934 1016 4000 sibi
1045 3935 1113 4001 in
1146 3937 1282 4003 suis
1314 3937 1548 4004 litteris
1578 3938 1726 4024 ipse
1760 3938 1994 4006 Comes
2016 3938 2345 4004 Arnoldus
2385 3934 2666 4003 fideliter
2689 3937 2940 4004 inlima-

684 4048 800 4110 ret.
837 4043 913 4107 In
947 4043 1231 4109 secunde
1261 4064 1437 4131 vere,
1479 4046 1732 4112 scilicet
1763 4045 1969 4131 ipsius
1990 4045 2266 4112 Arnoldi
2299 4044 2569 4110 Comitis
2601 4045 2938 4111 Zaladien-

684 4148 778 4215 sis
809 4149 1028 4215 littere
1059 4151 1495 4236 priuilegialis
1546 4162 1774 4219 tenore
1822 4152 1992 4219 inter
2023 4152 2159 4218 alia
2189 4150 2577 4234 habebatur,
2629 4152 2804 4234 quod
2835 4153 2942 4219 do·

682 4257 895 4324 minus
927 4258 1088 4324 Bela
1119 4261 1260 4327 Rex
1290 4283 1407 4348 per
1455 4263 1709 4329 litteras
1743 4283 1898 4329 suas
1951 4263 2079 4348 ipsi
2116 4262 2352 4329 Comiti
2385 4257 2675 4327 Arnoldo
2729 4279 2941 4345 prece·

680 4366 904 4452 pisset,
958 4372 1029 4432 vt
1061 4367 1147 4433 ad
1178 4376 1418 4435 terram
1450 4371 1669 4436 Panus
1721 4371 1805 4437 de
1841 4371 2182 4455 Goztolya,
2227 4389 2422 4454 qnam
2470 4375 2710 4434 terram
2762 4373 2939 4433 ante·

680 4490 972 4538 cessores
1021 4473 1124 4538 sui
1157 4475 1667 4559 descendissent,
1719 4477 1803 4542 de
1835 4496 1966 4560 qua
2005 4483 2182 4541 terra
2211 4476 2432 4541 Pauus
2485 4473 2779 4559 predicto
2832 4473 2940 4539 do·

680 4578 853 4646 mino
885 4578 1041 4645 Bele
1072 4583 1238 4666 Regi
1270 4583 1504 4650 fuisset
1552 4589 1964 4669 conquestus,
2015 4583 2186 4667 quod
2220 4584 2306 4649 ab
2338 4603 2417 4650 eo
2450 4583 2668 4668 ipsam
2698 4586 2937 4647 terram

676 4685 852 4752 idem
904 4684 1138 4754 Comes
1188 4690 1514 4759 Arnoldus
1566 4692 1883 4760 voluisset
1937 4690 2232 4776 auferre;
2298 4689 2442 4776 ipse
2491 4708 2649 4756 vero
2701 4687 2935 4756 Comes
