3359 5250
1390 331 1523 405 207

1384 875 1537 945 136.

326 1038 367 1101 I
382 1037 447 1101 V.
508 1037 668 1102 Be'la
719 1039 925 1124 kr'rdly
976 1039 1304 1124 okma'nyce,
1353 1038 1512 1123 melgj
1562 1039 1722 1102 rfltal
1757 1039 2020 1102 Lemmlo
2079 1039 2322 1103 Bolaema
2360 1041 2592 1122 flcimdr

326 1149 569 1210 ruro'ezi
615 1147 849 1210 hirtoka
883 1147 1125 1232 feje'lwn
1178 1147 1521 1233 eset-eke'pen
1571 1159 1869 1211 nannetes
1905 1147 2275 1230 jdsza'qokat
2331 1147 2591 1214 adoma'-

1259 1277 1435 1338 myos.
1470 1253 1663 1320 1246.

543 1414 705 1480 Bela
737 1415 865 1483 Dei
913 1416 1140 1498 gracia
1190 1415 1546 1498 Hungarie‚
1596 1415 1957 1495 Dalmacie,
2014 1416 2303 1498 Croacie,
2357 1417 2580 1498 Rame‚

324 1520 572 1606 Seruis,
610 1522 918 1606 Gallicie‚
962 1522 1292 1608 Bulgarie,
1329 1522 1735 1605 Lodomerie,
1779 1523 2221 1606 Cumanieque
2271 1526 2410 1590 Rex
2456 1525 2585 1589 vni·

324 1629 533 1695 uersis
555 1628 796 1697 Christi
830 1630 1130 1698 fidelibus
1173 1630 1585 1716 presentibus
1619 1635 1684 1696 et
1716 1629 1948 1695 futuris
1969 1630 2275 1715 scriptum
2311 1649 2580 1715 presens

322 1736 717 1822 inspecturis
738 1738 1020 1804 salutem
1052 1739 1120 1803 in
1145 1738 1444 1820 Domino,
1487 1739 1596 1820 qui
1630 1738 2036 1804 credencium
2072 1743 2170 1803 est
2187 1759 2346 1804 vera
2378 1738 2580 1804 salus.

323 1844 539 1910 Debet
572 1846 782 1929 Regia
815 1846 1147 1929 Magestas
1179 1844 1583 1911 subditorum
1613 1843 1964 1928 inuigilare
2006 1846 2382 1928 commodis,
2415 1852 2484 1909 vt
2520 1853 2586 1912 et

321 1950 449 2035 ipsi
468 1949 716 2017 Celesti
737 1951 1029 2038 Principi
1052 1952 1459 2039 Principibus
1482 1953 1609 2039 pijs
1642 1963 1968 2019 terrenum
1989 1952 2362 2037 Principem
2384 1951 2580 2039 digne

322 2061 582 2144 possint
614 2061 1086 2128 commendare.
1141 2062 1422 2130 Proinde
1455 2061 1904 2127 vniuersitatis
1953 2067 2167 2127 vestre
2220 2061 2457 2126 noticie
2489 2068 2581 2128 te-

322 2186 479 2234 nore
501 2169 905 2253 presencium
928 2168 1361 2252 declaramus3
1403 2170 1577 2252 quod
1597 2170 1757 2253 quia
1777 2176 1963 2255 pater
1994 2175 2216 2235 noster
2236 2168 2302 2234 in
2325 2167 2579 2236 Christo

325 2277 719 2344 karissimus
738 2276 1056 2361 Andreas,
1082 2278 1205 2344 Dei
1228 2278 1454 2362 gracia
1475 2276 1754 2344 Illustris
1775 2279 1914 2343 Rex
1937 2278 1999 2342 H
2007 2277 2294 2360 ungarie,
2327 2278 2582 2342 Bohma

324 2385 527 2450 filium
580 2383 831 2469 Gyurk,
884 2385 1065 2451 cuius
1116 2392 1410 2452 attauum
1460 2385 1763 2451 similiter
1813 2385 2062 2451 Bohma
2118 2384 2406 2470 nomine,
2460 2405 2577 2469 pro

323 2492 749 2561 fidelitatibus
803 2493 1324 2578 progenitoribus
1376 2495 1632 2576 nostriS,
1687 2495 1888 2561 Sacre
1925 2492 2220 2560 Chorone
2255 2500 2318 2558 et
2351 2495 2578 2575 Regno

324 2599 679 2687 exbybiti8‚
712 2599 967 2686 Petrus,
999 2602 1110 2685 qui
1144 2602 1470 2686 quandam
1492 2602 1705 2685 Regni
1739 2601 2248 2689 gubernaculam
2281 2606 2578 2686 potenter

326 2709 631 2777 obtinens
663 2729 899 2775 nomen
925 2709 1123 2794 Regis
1157 2717 1591 2795 usurpauerat
1610 2708 1734 2775 sibi
1771 2708 1850 2774 de
1872 2710 2096 2792 Regno
2131 2708 2482 2791 Hungarie,
2516 2713 2580 2773 et

325 2824 574 2884 terram
606 2817 865 2883 Turuch
897 2816 1061 2903 ipsis
1107 2817 1427 2897 auferens,
1483 2836 1627 2880 cum
1683 2816 1817 2881 suis
1868 2815 2181 2900 proximis
2220 2814 2577 2902 expulerat,

321 2926 474 2992 dum
509 2945 630 3011 pro
664 2923 1039 2993 defensione
1073 2935 1242 2993 terre
1262 2931 1487 2993 sancte
1522 2929 1586 2990 et
1617 2925 1801 2991 Sacri
1833 2924 2128 3011 Sepulcri
2147 2923 2410 2990 Domini
2432 2943 2578 2988 cum

322 3034 555 3101 ceteris
576 3034 867 3117 Regibus
903 3040 965 3100 et
985 3034 1279 3100 Ducibus
1302 3032 1710 3115 Christianis,
1747 3053 1966 3101 eorum
1989 3055 2106 3118 pro
2126 3032 2368 3098 Christi
2401 3051 2575 3096 cruo-

323 3162 396 3208 re
416 3141 811 3209 affectantes
833 3142 1163 3207 effundere
1184 3141 1588 3226 sanguinem,
1616 3161 1794 3207 mare
1826 3141 2305 3223 transiuissent,
2342 3140 2408 3204 in
2438 3140 2580 3206 acie

324 3260 390 3318 et
421 3252 549 3317 sub
582 3249 828 3316 vexillo
861 3251 1063 3317 Ducis
1096 3251 1365 3318 Polonie
1396 3271 1513 3335 per
1545 3270 1664 3315 sua
1698 3258 1845 3316 acta
1879 3249 2171 3314 virtuosa
2205 3253 2268 3313 et
2301 3246 2581 3314 seruicia

323 3357 554 3425 fidelia
584 3364 956 3441 nauantem,
992 3378 1145 3425 suos
1180 3359 1627 3444 progenitores
1683 3357 1820 3424 sine
1856 3376 2073 3423 eorum
2107 3355 2485 3423 excessibus
2516 3363 2581 3421 et

323 3468 536 3551 culpis
572 3466 654 3531 de
687 3467 912 3549 Regno
932 3464 1266 3550 Hungarie
1300 3468 1609 3553 expulsos
1641 3465 1957 3547 extitisse,
1992 3467 2132 3532 veri
2155 3484 2331 3531 more
2362 3471 2577 3549 pasto-

320 3574 409 3640 ris
463 3593 963 3659 recognoscen8‚
1016 3573 1209 3642 velud
1244 3594 1431 3640 ouem
1462 3581 1784 3640 errantem
1817 3575 1884 3641 in
1916 3575 2209 3658 Regnum
2260 3594 2448 3639 suum
2487 3593 2574 3637 re-

322 3680 641 3765 duxisset,
679 3688 1010 3766 totamque
1029 3690 1267 3748 terram
1288 3680 1608 3766 Thuruch,
1644 3702 1773 3764 que
1806 3701 2065 3747 suorum
2087 3680 2572 3765 progenitorum

318 3788 537 3855 fuerat
572 3788 967 3856 hereditaria
1000 3791 1086 3855 ab
1108 3790 1377 3872 antiquo
1414 3798 1479 3855 et
1508 3789 2013 3874 patrimonialiS,
2056 3789 2225 3854 sicut
2254 3789 2322 3854 in
2341 3788 2578 3854 litteris

316 3897 479 3965 dicti
539 3898 749 3985 patris
802 3899 1005 3965 nostri
1056 3898 1334 3965 vidimus
1368 3898 1629 3971 clarius
1686 3898 2002 3964 contineri
2024 3948 2041 3981 ‚
2098 3903 2160 3963 et
2212 3898 2358 3981 ipsa
2408 3902 2582 3961 terra

309 4007 410 4074 Tu
424 4010 586 4076 ruch
618 4014 767 4094 post
818 4009 1106 4093 ipsorum
1139 4007 1587 4093 expulsionem
1635 4006 1867 4075 fuisset
1900 4008 2213 4093 populata
2254 4012 2318 4070 et
2350 4004 2575 4090 ampli-

312 4121 562 4201 ficata;
618 4116 977 4204 populique
1008 4119 1074 4182 iu
1110 4117 1254 4204 ipsa
1303 4118 1654 4185 existentes
1700 4114 2002 4184 defuncto
2053 4117 2199 4201 ipso
2234 4114 2482 4180 Bohma
2515 4113 2583 4179 in

311 4226 633 4312 partibus
666 4225 1013 4292 Solanonie
1062 4227 1129 4291 in
1161 4226 1400 4292 nostris
1449 4226 1744 4310 seruicijs
1797 4233 2020 4292 contra
2058 4223 2345 4290 Leustah
2380 4220 2582 4287 filium

314 4334 577 4399 Bohma
628 4340 696 4399 et
726 4351 880 4399 suos
930 4332 1265 4417 proximos
1316 4333 1753 4417 querimonias
1803 4333 2212 4418 frequencius
2265 4329 2582 4417 plurimas

312 4441 808 4528 porrexissent3
863 4462 984 4510 nos
1017 4462 1162 4509 cum
1216 4443 1427 4525 Regni
1457 4442 1662 4512 nostri
1695 4441 2060 4508 Batonibus
2100 4438 2319 4507 debito
2354 4437 2581 4524 preha-

316 4552 450 4620 bito
516 4559 801 4620 traotatu
834 4559 899 4619 et
931 4551 1199 4619 consilio
1255 4572 1372 4637 pro
1406 4552 1736 4635 Vtriusque
1788 4552 1997 4636 partis
2043 4546 2399 4631 commodo,
2451 4554 2584 4611 tam

322 4659 624 4729 Leustah
658 4666 723 4727 ct
754 4659 1199 4747 proximorum
1234 4678 1515 4743 suorum,
1550 4677 1746 4741 quam
1778 4657 2160 4745 populorum
2193 4655 2272 4721 de
2305 4651 2579 4747 Turuch7
