3359 5250
353 539 460 605 cia
491 538 840 625 gratulari3
875 546 944 605 vt
977 560 1054 605 eo
1089 540 1367 625 amplius
1399 540 1687 628 ipsorum
1721 541 2018 627 exemplo
2056 541 2254 608 ceteri
2290 540 2377 607 ad
2407 538 2609 606 fideli-

354 646 511 713 tatis
544 667 746 734 opera
777 647 1230 717 vehemencius
1280 648 1658 716 inuitentur.
1711 646 1992 715 Proinde
2038 647 2126 714 ad
2160 649 2609 716 vniuersorum

354 763 489 822 tam
521 756 932 843 presencium
951 776 1146 842 quam
1166 757 1521 825 futurorum
1540 758 1849 824 noticiam
1869 756 2099 825 harum
2121 757 2292 825 serie
2312 756 2610 825 volumus

357 866 738 951 peruenire:
772 866 947 951 quod
980 866 1411 934 consideratis
1433 866 1862 934 fidelitatibus
1884 873 1948 933 et
1968 865 2386 934 seruiciorum
2429 864 2613 931 meri-

354 974 441 1040 tis
474 972 745 1041 Comitis
779 973 1072 1040 Perchini
1103 973 1290 1042 nobis
1324 982 1387 1040 et
1417 976 1627 1059 Regni
1659 974 1869 1043 nostri
1920 974 2356 1061 gubernaculo
2395 993 2612 1041 sucee-

357 1078 661 1147 dentibus
701 1083 1037 1149 cumomni
1068 1081 1319 1150 feruore
1356 1082 1709 1169 fidelitatis,
1753 1083 1986 1149 cumin
2023 1080 2390 1148 deferendis
2415 1081 2610 1147 rebus

357 1209 474 1257 seu
506 1190 828 1256 mercibus
878 1189 1198 1276 preciosis
1232 1190 1315 1257 de
1347 1192 1669 1278 Venecijs,
1721 1212 1849 1260 non
1883 1190 2213 1276 parcendo
2265 1190 2461 1257 rebus
2491 1208 2612 1254 nec

358 1318 657 1385 persone,
685 1298 963 1365 fideliter
993 1298 1292 1385 inpendit
1322 1306 1387 1365 et
1419 1299 1671 1381 deuote,
1727 1318 1807 1365 ac
1847 1319 1965 1385 pro
1999 1299 2196 1365 rebus
2239 1297 2529 1366 eiusdem
2561 1293 2610 1360 O

360 1413 423 1474 et
455 1406 586 1472 XX
619 1406 877 1492 marcis,
929 1407 1166 1493 quibus
1193 1427 1312 1476 nos
1366 1406 1578 1474 eidem
1609 1407 1928 1473 Per-chino
1960 1406 2367 1495 tenebamur,
2415 1425 2613 1489 quan-

360 1512 512 1580 dam
546 1520 784 1580 terram
809 1535 924 1583 seu
944 1515 1427 1602 possessionem
1450 1513 1820 1583 Glaunicha
1847 1519 2167 1598 vocatam,
2203 1532 2398 1600 super
2417 1532 2613 1598 quam

361 1625 731 1692 Welezlaus
763 1631 825 1691 et
858 1625 1054 1692 ceteri
1087 1625 1350 1711 cognati
1382 1624 1481 1692 sui
1513 1624 1911 1708 residebant,
1947 1642 2071 1708 que
2104 1628 2281 1688 terra
2299 1620 2385 1688 ad
2419 1621 2613 1689 homi-

360 1752 477 1799 nes
501 1734 699 1801 castri
732 1733 814 1800 de
832 1734 1138 1802 Morocha
1159 1733 1526 1822 pertinebat
1551 1733 1616 1798 in
1638 1731 1967 1801 Comitatu
1991 1731 2281 1799 eiusdem
2305 1731 2614 1815 existen8‚

362 1842 444 1907 de
464 1841 910 1908 munificencia
930 1842 1140 1927 Regia
1173 1848 1236 1907 et
1257 1861 1572 1909 consensu
1601 1842 1884 1908 omnium
1907 1843 2231 1909 Baronum
2251 1846 2616 1907 nostrorum

363 1949 697 2017 nobiscum
730 1950 1205 2035 assedencium,
1240 1950 1765 2037 Archiepiscopis
1800 1957 1863 2017 et
1884 1948 2230 2035 Episcopis
2261 1946 2471 2033 Regni
2501 1968 2609 2013 no-

362 2059 498 2143 stri,
534 2078 871 2143 consensu,
922 2056 1136 2126 eidem
1169 2059 1405 2126 Comiti
1439 2058 1776 2138 Perchino,
1831 2065 1894 2123 et
1925 2077 2043 2142 per
2077 2077 2223 2123 eum
2264 2055 2400 2121 suis
2433 2055 2613 2120 here·

364 2166 577 2250 dibus,
628 2164 1070 2249 heredumque
1101 2186 1363 2234 suorum
1397 2164 1881 2233 successoribus
1904 2165 2055 2249 ,iure
2087 2168 2397 2249 perpetuo
2437 2160 2615 2227 dedi·

363 2293 524 2360 muS‚
574 2273 963 2342 contulimus
997 2280 1061 2342 et
1094 2276 1478 2343 donauimus
1534 2273 1998 2362 possidendam
2033 2277 2098 2340 et
2141 2270 2517 2340 habendam
2547 2269 2617 2337 in

364 2381 534 2451 filios
558 2383 832 2451 filiorum
852 2403 1131 2469 suorum,
1154 2384 1331 2452 nullo
1354 2384 1832 2451 contradictore
1852 2381 2171 2449 existente
2194 2407 2208 2467 ;
2244 2401 2392 2447 cum
2413 2377 2614 2447 omni-

367 2491 484 2558 bus
516 2491 908 2559 vtilitatibus
958 2492 1114 2576 suis,
1171 2494 1384 2576 metis,
1421 2492 1651 2575 vineis,
1704 2491 1961 2576 fenetis,
2011 2491 2218 2573 siluis,
2270 2487 2618 2574 montibus,

366 2599 577 2684 aquis,
610 2598 794 2686 locys
826 2599 1341 2668 molendinorum
1374 2599 1588 2667 eidem
1623 2596 2033 2683 tradidimus,
2084 2604 2149 2665 et
2179 2603 2523 2683 exceptam
2552 2595 2619 2662 in

366 2707 663 2795 seruicijs
680 2710 861 2793 ipsos
885 2707 1278 2792 jobagiones
1311 2731 1352 2774 a
1375 2708 1606 2776 Castro
1640 2706 1725 2772 de
1746 2708 2077 2793 Morocha,
2113 2712 2178 2773 et
2200 2706 2352 2791 alijs
2386 2705 2620 2773 castris

367 2819 628 2885 omnino
680 2821 1056 2884 extractam.
1104 2817 1177 2883 In
1210 2817 1391 2885 cuius
1426 2818 1522 2884 rei
1571 2816 2013 2884 testimonium
2062 2815 2313 2882 litteras
2361 2820 2619 2883 nostras

366 2925 812 3011 priuilegiales
865 2925 1324 3009 concessimu8‚
1379 2931 1448 2990 vt
1481 2925 1673 2992 robur
1724 2930 2034 3011 perpetue
2083 2922 2408 2991 firmitatis
2453 2921 2620 3021 obti-

366 3040 536 3102 neat.
571 3036 812 3101 Datum
846 3052 963 3119 per
994 3054 1224 3100 manus
1257 3034 1556 3119 Magistri
1588 3032 1935 3119 Smaragdi
1966 3031 2290 3117 Prepositi
2318 3029 2621 3096 Albensis

371 3145 521 3212 aule
551 3149 769 3211 nostre
801 3142 1404 3229 Vico-Cancellarij‚
1453 3164 1626 3209 anno
1661 3142 1920 3210 Domini
1951 3142 2040 3207 Μο
2060 3139 2373 3223 CG⁰LX⁰‚
2414 3137 2622 3222 Regni

370 3261 584 3322 autem
616 3252 821 3321 nostri
852 3273 1026 3321 anno
1057 3253 1375 3338 vigesimo
1408 3257 1661 3320 octauo.

370 3453 438 3510 (A
468 3449 925 3505 szekessehervdri
950 3450 1331 3520 kaptalannak
1359 3455 1514 3503 1329.
1546 3454 1603 3502 in
1625 3453 1836 3505 octauis
1856 3451 2200 3537 Epiphaniae
2227 3447 2439 3501 kesztilt
2458 3443 2621 3499 atita-

370 3542 537 3607 tabbl,
568 3544 889 3610 „Magistter
915 3543 1161 3596 Andreas
1206 3542 1348 3593 filius
1377 3544 1604 3594 Comitis
1631 3543 1925 3594 Merklini“
1956 3539 2221 3606 heresem,
2269 3555 2303 3590 a
2328 3539 2493 3594 budai
2518 3540 2620 3590 kir.

1168 3634 1412 3687 kamarai
1448 3631 1832 3700 leveltarban.)
