3359 5250
1454 427 1541 492 83

358 629 776 711 occupasset,
830 630 896 690 et
944 627 1333 709 occupatam
1382 642 1501 710 pro
1545 643 1664 690 sue
1714 622 2035 691 detineret
2085 626 2354 693 arbitrio
2406 628 2629 696 uolun-

357 735 536 802 tatis.
589 731 696 799 Ad
727 750 854 818 que
887 728 1096 797 dictus
1127 728 1427 796 Andreas
1480 729 1885 816 respondens
1916 731 2101 798 illam
2153 732 2430 801 eandem
2459 740 2630 803 terre

355 839 756 928 particulam
806 837 896 907 ad
947 858 1137 905 suum
1189 839 1289 906 ius
1351 836 1820 905 hereditarium
1868 840 2198 926 pertinere
2260 842 2627 911 asserebat.

354 950 496 1017 Nos
529 947 734 1033 igitur
782 964 930 1011 cum
961 944 1193 1013 ordine
1242 945 1472 1031 iudicij
1507 945 1811 1030 exigente
1861 947 1992 1035 ipsi
2023 948 2270 1017 Abbati
2307 949 2395 1017 ad
2453 949 2630 1018 exhi·

355 1055 645 1124 bendum
675 1072 861 1121 suum
915 1052 1333 1139 priuilegium
1384 1052 1734 1121 terminum
1764 1061 2245 1144 competentem
2296 1056 2626 1141 assignas·

353 1184 574 1232 semus
594 1212 614 1247 ,
683 1159 975 1227 exhibuit
1022 1166 1091 1227 ut
1146 1159 1470 1246 debebat,
1524 1180 1752 1229 verum
1803 1163 1958 1250 quia
2006 1162 2077 1231 in
2126 1164 2242 1234 illo
2273 1164 2623 1251 priuilegio

356 1277 530 1340 mete
580 1278 695 1339 aut
743 1265 1004 1336 termini
1054 1267 1236 1335 illius
1267 1275 1439 1335 terre
1495 1289 1626 1336 non
1675 1270 2208 1360 exprimebantur
2258 1271 2613 1356 euidenter,

354 1381 445 1447 ad
476 1377 794 1447 maiorem
829 1374 1018 1446 huius
1049 1376 1145 1444 rei
1180 1375 1585 1443 euidenciam
1614 1374 2118 1463 produccionem
2149 1379 2415 1447 testium
2445 1399 2620 1449 com·

353 1491 800 1555 metaneorum
864 1504 1064 1572 super
1113 1484 1589 1552 certificacione
1640 1491 1960 1552 metarum
2021 1503 2139 1553 seu
2200 1486 2620 1556 terminorum

355 1594 651 1676 eiusdem
700 1603 870 1662 terre
920 1614 1039 1680 per
1091 1594 1369 1661 eundem
1420 1593 1747 1661 Abbatem
1798 1592 2169 1662 censuimus
2222 1593 2616 1663 faciendam.

350 1700 545 1780 Quod
593 1721 740 1767 cum
789 1720 947 1785 sepe
995 1701 1207 1768 dictus
1246 1700 1479 1768 Abbas
1529 1701 2019 1786 elegantissime
2069 1701 2373 1787 fecisset,
2432 1700 2618 1771 iuxta

354 1810 562 1877 nostri
590 1808 817 1894 iudicii
861 1808 1141 1877 formam
1174 1815 1240 1875 et
1288 1828 1668 1895 processum
1720 1815 1999 1897 quatuor
2029 1807 2114 1879 de
2164 1811 2439 1878 testibus
2471 1831 2625 1896 pro-.

353 1916 569 1984 ductis
619 1936 662 1983 a
695 1922 882 2004 parte
928 1916 1214 1984 aduersa
1264 1919 1508 1986 electos
1561 1938 1758 2005 super
1807 1918 2149 2005 premissis
2196 1917 2287 1985 ad
2323 1923 2613 2005 prestan-

353 2023 508 2090 dum
539 2023 850 2090 duximus
903 2032 1388 2092 sacramentum
1439 2024 1849 2093 iudicandos.
1901 2026 2045 2105 Quo
2076 2025 2251 2094 facto
2302 2026 2449 2113 ipse
2478 2026 2610 2093 An·

354 2131 546 2199 dreas
576 2153 702 2219 pro
732 2132 902 2200 bono
951 2133 1137 2220 pacis
1170 2141 1324 2200 ante
1358 2135 1805 2220 recepcionem
1843 2133 2241 2202 sacramenti
2271 2133 2613 2203 memorati

352 2240 744 2310 multociens
792 2240 965 2309 dicte
1014 2247 1187 2309 terre
1234 2242 1625 2328 particulam
1648 2294 1667 2329 ,
1720 2251 1795 2310 ut
1842 2242 2142 2328 superius
2192 2246 2439 2310 tactum
2487 2248 2608 2328 est,

347 2346 514 2415 infra
551 2349 873 2416 fossatum
904 2349 1245 2433 iacentem,
1281 2348 1529 2417 dimisit
1557 2350 1857 2418 Ecclesie
1902 2358 2259 2419 memorate
2289 2351 2430 2419 iure
2469 2370 2612 2438 per-

345 2465 547 2544 petuo
578 2456 1074 2544 possidendam.
1121 2457 1450 2526 Pristaldo
1481 2457 1674 2526 huius
1707 2477 1906 2526 cause
1930 2458 2213 2527 Martino
2244 2447 2329 2526 de
2359 2459 2610 2528 Damas

347 2563 535 2634 iuxta
564 2563 837 2633 fluuium
856 2565 1080 2634 Goron
1114 2565 1453 2635 existente.
1496 2565 1584 2633 Vt
1601 2573 1824 2634 autem
1855 2564 2047 2635 huius
2067 2566 2165 2634 rei
2195 2565 2399 2634 series
2418 2566 2611 2636 salua

345 2692 606 2759 semper
655 2672 991 2757 consistat,
1058 2679 1123 2740 et
1170 2692 1254 2741 ne
1304 2675 1389 2741 ab
1443 2673 1577 2742 ullo
1629 2694 1916 2760 unquam
1967 2676 2230 2743 omnino
2277 2675 2610 2744 hominum

349 2789 549 2866 queat
578 2780 841 2866 irritari,
894 2788 1232 2866 presentes
1264 2781 1704 2850 concessimus
1734 2780 2008 2869 litteras,
2052 2782 2123 2849 in
2155 2788 2607 2869 argumentum

345 2888 690 2976 amplioris
718 2885 872 2954 fidei
901 2886 1106 2973 sigilli
1153 2886 1362 2955 nostri
1391 2888 1818 2976 apposicione
1850 2890 2303 2960 communitas.
2357 2891 2605 2960 Datum

345 3016 520 3064 auno
551 2995 775 3082 gracie
805 2990 1054 3103 Mjgcc⁰
1072 2996 1292 3063 ΧΧΧο
1311 2996 1550 3066 V11110.

339 3190 624 3261 (Eredetie
648 3190 997 3259 &thar-tyria,
1025 3193 1249 3259 melyrffl
1275 3208 1310 3244 a
1333 3193 1522 3260 pecset
1557 3190 2014 3261 hartyazsinegen
2041 3194 2196 3261 ἔθεε,
2242 3210 2277 3247 a
2302 3196 2467 3247 budai
2493 3195 2596 3247 kir.

1139 3281 1389 3334 kamarai
1426 3280 1805 3349 leveltkrban.)

1416 4032 1528 4101 55.

325 4214 576 4280 Melam
606 4212 1200 4300 al-orequbirdmk
1228 4212 1428 4280 italae
1458 4235 1502 4277 a
1533 4213 1837 4281 Salomon
1885 4215 2215 4300 nomzetse'y
2245 4214 2507 4280 nemaei
2537 4217 2600 4278 6⁸

742 4321 1232 4409 Pozsonymeqye
1276 4320 1735 4409 vmobbaqyai
1779 4322 1938 4388 lcb'zt.
1992 4321 2186 4386 1239.

551 4517 801 4584 Amicis
852 4516 987 4584 suis
1030 4515 1414 4585 Reuerendo
1465 4513 1772 4601 Capitulo
1824 4517 2121 4585 Ecclesie
2171 4517 2592 4585 Posoniensis

328 4624 572 4690 Comes
605 4623 980 4709 Stephanus
1033 4625 1115 4691 de
1145 4624 1388 4689 Bathor
1422 4620 1639 4689 Judex
1673 4622 1866 4690 Curie
1914 4622 2160 4689 domini
2190 4622 2592 4709 Sigismundi

323 4731 460 4797 Dei
491 4729 1193 4819 gracia2Romanorum
1227 4733 1650 4817 Imperatoris
1683 4734 1951 4815 Semper
1969 4732 2266 4815 Augusti,
2302 4751 2381 4796 ac
2413 4734 2593 4797 Hun-

2180 4849 2212 4901 6
2239 4851 2270 4883 8
