3359 5250
1776 407 1899 472 118

1785 978 1891 1046 76.

708 1166 824 1231 IX.
848 1165 1119 1252 Geryely
1147 1161 1457 1251 pdpcinak
1477 1159 1861 1226 intdzkeddse
1886 1181 1926 1221 α
1948 1177 2047 1222 cea
2057 1157 2214 1221 midi
2236 1154 2486 1243 pnepb’k
2509 1155 2967 1242 coadjutorcira

1614 1268 1816 1332 ndzve.
1863 1265 2057 1331 1241.

930 1467 1289 1555 Gregorius
1324 1470 1695 1557 Episcopus
1731 1488 1957 1536 seruus
1991 1487 2323 1535 seruorum
2356 1465 2480 1532 Dei
2512 1463 2770 1533 dilectis
2818 1463 2970 1531 filiis

716 1629 730 1645 .
770 1627 783 1644 .
824 1626 839 1642 .
872 1576 1113 1643 Abbati
1147 1576 1229 1643 de
1258 1577 1437 1644 Pelis
1471 1575 1923 1645 Cistereiensis
1967 1575 2250 1659 Ordinis,
2284 1572 2792 1661 Vesprimiensis
2818 1573 2974 1640 Dio-

712 1683 903 1769 cesis,
939 1689 1003 1750 et
1032 1686 1083 1750 Ι.
1116 1684 1200 1751 de
1232 1684 1539 1752 Civitella
1571 1684 1985 1752 Subdiacono
2036 1690 2101 1749 et
2133 1684 2493 1770 capellano
2546 1689 2768 1751 nostro
2803 1684 2973 1750 salu-

717 1802 846 1861 tem
898 1802 964 1861 et
1010 1792 1461 1879 Apostolicam
1511 1790 2045 1860 benedictionem.
2103 1793 2266 1858 Cum
2317 1792 2473 1859 olim
2507 1790 2745 1860 nostris
2800 1796 2977 1858 esset

720 1903 989 1970 auribus
1021 1901 1410 1988 intimatum,
1466 1901 1640 1986 quod
1677 1901 2073 1968 venerabilis
2117 1899 2319 1966 frater
2366 1907 2586 1967 noster
2619 1952 2633 1967 .
2670 1950 2684 1965 .
2723 1953 2737 1967 .
2773 1899 2980 1967 Cena-

718 2010 968 2077 diensis
1002 2010 1368 2097 Episcopus
1421 2010 1754 2076 oculorum
1786 2014 1960 2075 esset
1990 2007 2231 2074 lumine
2273 2006 2642 2091 destitutus,
2696 2014 2760 2073 et
2792 2008 2979 2084 senio

717 2119 813 2186 sic
846 2117 1236 2206 confractus,
1289 2125 1360 2185 ut
1391 2136 1616 2184 curam
1647 2137 1778 2184 non
1809 2115 2061 2181 valeret
2111 2134 2335 2199 gerere
2383 2117 2803 2201 pastoralem,
2854 2137 2980 2183 nos

716 2246 914 2312 super
944 2225 1066 2293 boc
1102 2276 1115 2290 .
1155 2275 1169 2290 .
1201 2277 1214 2292 .
1264 2226 1581 2309 Magistro
1615 2223 2001 2311 Hospitalis,
2035 2272 2050 2288 .
2088 2273 2101 2288 .
2141 2271 2155 2287 .
2207 2224 2454 2290 Abbati
2501 2222 2584 2290 de
2614 2225 2879 2293 Beehon
2911 2232 2981 2291 et

719 2335 896 2399 Luce
947 2332 1274 2400 Canonieo
1307 2333 1640 2400 ‚lauriensi
1694 2332 1815 2399 sub
1864 2337 2042 2399 certa
2072 2331 2283 2398 forma
2322 2329 2678 2400 direximus
2730 2334 2981 2422 scripta

720 2447 941 2510 nostra
977 2466 991 2506 t
1025 2461 1245 2508 verum
1281 2443 1447 2509 sicut
1479 2441 1941 2526 intelleximus,
1993 2439 2202 2507 dictus
2236 2440 2551 2525 Magister
2583 2447 2646 2508 et
2679 2442 2818 2509 eius
2851 2442 2980 2509 col-

720 2552 870 2638 lege
920 2552 1134 2638 ipsum
1168 2549 1567 2639 Episcopum
1620 2548 1842 2636 iniquo
1876 2548 2101 2616 favore
2146 2548 2460 2635 foventes,
2514 2556 2578 2615 et
2611 2549 2979 2617 deferentes

720 2660 969 2727 homini
1020 2666 1245 2728 contra
1277 2662 1505 2743 Deum,
1563 2659 1628 2741 in
1677 2659 2055 2727 executione
2105 2657 2397 2724 mandati
2431 2659 2793 2746 Apostolici
2843 2660 2980 2726 iam

724 2768 953 2852 elapso
1003 2767 1279 2833 triennio
1312 2774 1378 2832 et
1429 2767 1714 2853 amplius
1766 2765 2122 2854 procedere
2173 2766 2618 2852 neglexerunt,
2677 2768 2743 2832 in
2775 2765 2980 2834 Cena-

724 2875 975 2941 diensis
998 2874 1310 2960 Ecclesie,
1346 2895 1470 2960 que
1492 2877 1680 2960 quasi
1701 2875 1871 2944 iacet
1892 2873 2204 2942 destituta
2222 2883 2511 2962 pastore,
2547 2895 2806 2944 enorme
2839 2897 2982 2963 pre·

724 2981 1036 3051 iudicium
1070 2990 1135 3051 et
1166 3003 1541 3068 gravamen.
1577 2983 1741 3051 Hine
1775 2992 1895 3070 est,
1945 2982 2121 3070 quod
2153 2983 2448 3051 nolentes
2483 2985 2603 3052 hoc
2638 2986 2759 3052 sub
2792 2984 2982 3053 dissi-

724 3093 1082 3162 mulatione
1117 3093 1415 3178 transire,
1470 3091 1879 3177 mandamus,
1917 3098 2232 3177 quatenus
2267 3093 2579 3178 inquisita
2617 3114 2811 3180 super
2843 3113 2981 3182 pre-

725 3201 947 3271 missis
997 3202 1254 3290 plenius
1288 3203 1585 3286 veritate,
1641 3201 1696 3267 si
1731 3220 1876 3268 eum
1924 3199 2258 3268 oculorum
2311 3201 2551 3269 lumine
2586 3200 2979 3287 destitutum,

730 3315 845 3375 aut
895 3308 1076 3375 senio
1130 3308 1508 3376 inveneritis
1542 3310 1637 3376 sic
1691 3328 1837 3375 esse
1887 3308 2303 3393 confractum,
2357 3310 2803 3397 coadjutorem
2849 3310 2984 3380 ido-

727 3435 921 3483 neum
954 3413 1330 3500 adiungatis
1370 3414 1618 3502 eidem3
1656 3415 2188 3505 contradictores,
2223 3417 2279 3484 si
2314 3419 2422 3502 qui
2455 3416 2712 3503 fuerint,
2747 3418 2855 3485 vel
2885 3438 2983 3484 re-

728 3522 958 3608 belles,
990 3541 1108 3607 per
1140 3539 1479 3588 censuram
1504 3522 2020 3590 ecclesiasticam
2043 3525 2163 3590 sub
2194 3522 2572 3611 Apostolica
2610 3525 2983 3592 obedientia

726 3625 1222 3717 compescendo.
1257 3626 1502 3695 Datum
1534 3629 1844 3697 Laterani
1874 3631 2015 3698 VII.
2052 3629 2195 3699 idus
2227 3632 2588 3699 Februarii.
2642 3633 2984 3700 Pontifica-

726 3743 828 3805 tus
861 3735 1068 3804 nostri
1102 3755 1271 3803 anno
1304 3735 1516 3804 XIIII.

1391 3935 1653 4000 (Theiner
1690 3940 1761 3990 id.
1789 3955 1857 3989 m.
1885 3940 1928 3989 Ι.
1956 3940 2068 3992 ket.
2102 3943 2218 3992 177.
2245 3940 2301 4007 l.)

1555 4222 2085 4235 ——.-—.———
