3359 5250
1831 353 1963 421 338

761 557 1003 625 Dumin
1037 577 1118 621 m.
1142 576 1223 621 m.
1249 574 1336 621 ss.
1369 591 1455 603 —
1489 552 1631 638 Ego
1663 553 1895 621 Petrus
1916 550 2380 619 Scandolarius
2401 551 2751 636 Presbyter
2782 553 3015 621 Sancti

759 663 1207 752 Appollinaris
1246 656 1491 729 Jadrae
1521 661 1861 748 Notarius,
1893 660 1995 728 his
2024 659 2380 747 praedictis
2422 660 2684 728 interfui
2716 671 3011 749 rogatus,

758 782 830 843 ut
878 772 1100 841 audivi
1154 772 1323 839 banc
1370 780 1620 840 cartam
1669 768 1940 857 scripsi,
1989 768 2296 837 roboravi
2346 774 2412 835 et
2459 770 2649 855 signo
2700 782 3012 845 consveto

758 881 1041 968 signavi.

1952 989 2094 1073 Ego
2127 987 2395 1056 Gabriel
2425 988 2741 1056 Paulinus
2772 997 2839 1056 et
2870 991 3011 1056 Du—

833 1101 986 1190 (Hic
1016 1097 1195 1168 cadit
1223 1100 1407 1168 locus
1439 1100 1610 1187 signi
1828 1098 1992 1164 calis
2029 1098 2241 1164 Aulae
2273 1096 2698 1164 Venetiarum
2744 1096 3011 1164 Cancel-

1079 1206 1366 1296 Notarii)
1827 1206 2034 1274 larius
2054 1203 2408 1292 praedictis
2438 1205 2702 1274 interfui
2729 1215 2795 1273 et
2823 1225 3015 1291 roga-

1828 1321 1933 1381 tus
1953 1314 2210 1400 scripsi,
2243 1313 2567 1400 complevi
2585 1321 2651 1382 et
2680 1315 3015 1383 roboravi.

887 1514 957 1579 (A
982 1514 1255 1569 velenczei
1278 1517 1447 1568 Liber
1472 1515 1764 1567 Paetorum
1790 1510 1965 1564 czimii
1990 1510 2434 1579 allamkbnyvbffl
2457 1514 2528 1565 11.
2556 1515 2672 1568 ket.
2700 1515 2785 1566 ⁷5.
2817 1510 2882 1581 l.)

1626 1790 1662 1795 —
1790 1791 1849 1795 —--
1912 1788 2133 1795 Μ*

1808 2232 1965 2301 235.

751 2413 868 2478 IV.
903 2413 1061 2478 Be'la
1109 2414 1444 2501 kircilynak
1498 2415 1692 2479 Ozlcir
1722 2414 1988 2479 biv-coluit
2026 2416 2330 2500 tcirqyazo
2379 2414 2737 2500 adomcinya
2783 2412 3006 2479 Gurka

1007 2523 1459 2609 nemzetse'qbeli
1494 2522 1812 2601 Oltuman,
1846 2521 2178 2604 Petrusfia
2215 2525 2526 2589 szd‘mdra.
2560 2518 2752 2585 1252.

962 2720 1128 2786 Bcla
1177 2722 1302 2787 Dei
1351 2720 1582 2805 gracia
1630 2719 1989 2807 Hungarie,
2044 2720 2406 2805 Dalmacie,
2447 2719 2740 2804 Groacie‚
2774 2721 3001 2804 Rame,

742 2828 990 2912 Scruie,
1013 2828 1312 2916 Gallicis,
1348 2830 1748 2913 Lodomerie,
1771 2829 2214 2915 Cumanieque
2230 2832 2371 2897 Rex
2408 2830 2726 2897 vniuersis
2760 2828 3002 2896 Christi

745 2935 1047 3003 fidelibus
1078 2956 1348 3024 presens
1381 2939 1692 3024 scriptum
1726 2939 2114 3025 inspecturis
2145 2939 2430 3006 salutem
2450 2940 2516 3005 in
2549 2957 2648 3022 eo,
2682 2938 2796 3019 qui
2818 2937 3004 3003 silus

747 3050 849 3111 est
896 3043 1202 3112 omnium.
1245 3046 1504 3131 Regum
1552 3045 1887 3115 celsitudo
1936 3046 2259 3131 conuenit,
2309 3054 2375 3113 et
2420 3046 2791 3114 sublimium
2844 3065 2995 3113 con-

746 3154 924 3220 uenit
973 3152 1302 3239 dignitati,
1353 3159 1425 3218 ut
1454 3172 1717 3220 suorum
1750 3154 2078 3221 oculorum
2130 3153 2401 3220 intuitus
2430 3159 2615 3221 tanto
2652 3152 2998 3220 iocundius

743 3260 810 3325 in
842 3279 995 3327 suos
1034 3259 1261 3328 fideles
1293 3260 1540 3346 iniciat,
1576 3268 1818 3346 quanto
1850 3262 1999 3348 ipsa
2028 3260 2333 3346 fidelitas,
2369 3282 2489 3346 per
2517 3281 2714 3345 quam
2743 3262 2998 3345 Regum

743 3369 1243 3453 Regnorumque
1290 3369 1577 3436 omnium
1607 3370 1915 3454 potencia
1962 3370 2331 3455 roboratur,
2367 3370 2602 3437 ceteris
2642 3367 2996 3437 uirtutibus

740 3474 1051 3560 polliticis
1101 3483 1202 3543 est
1250 3475 1640 3561 preferenda
1690 3485 1755 3544 et
1805 3478 2236 3565 amplioribus
2285 3477 2554 3565 premiis
2604 3477 2998 3546 attollenda.

738 3583 880 3649 Hac
931 3583 1131 3669 igitur
1184 3584 1716 3653 consideracione
1768 3584 2017 3654 inducti
2054 3585 2143 3652 ad
2188 3586 2635 3655 uniuersorum
2687 3585 2995 3652 noticiam

739 3697 874 3758 tam
905 3693 1311 3778 presencium
1361 3713 1556 3777 quam
1605 3701 2013 3780 posterorum
2063 3695 2362 3762 uolumus
2393 3695 2760 3779 peruenire,
2813 3693 2993 3778 quod

739 3818 883 3865 cum
937 3799 1150 3868 fidelis
1183 3805 1404 3868 noster
1434 3799 1824 3869 Oltumanus
1873 3801 2044 3869 filius
2074 3802 2309 3870 Petrus
2358 3802 2440 3870 de
2470 3822 2710 3888 genere
2760 3802 2993 3870 Gurka

739 3904 1033 3986 Comitis,
1085 3908 1303 3975 multis
1330 3907 1667 3975 fidelitatis
1701 3909 2032 3993 obsequiis
2081 3907 2526 3978 indesinenter
2563 3914 2632 3977 et
2660 3909 2991 3978 indefesse

735 4012 924 4081 nobis
957 4018 1021 4079 et
1051 4013 1305 4083 Corone
1336 4016 1602 4084 exibitis
1633 4037 1854 4086 coram
1887 4025 2107 4086 nostre
2128 4018 2493 4086 Maiestatis
2524 4018 2732 4086 oculis
2764 4017 2990 4085 lauda·

736 4118 954 4188 biliter
982 4122 1333 4208 effulsisset,
1384 4125 1679 4192 nolentes
1709 4145 1826 4193 sue
1859 4125 2207 4210 probitatis
2241 4144 2441 4212 opera
2470 4133 2538 4192 et
2581 4124 2820 4193 merita
2848 4130 2988 4192 tam

736 4229 1100 4297 attollenda
1149 4232 1271 4298 sub
1302 4232 1571 4298 silencio
1601 4234 1936 4319 preterire,
1988 4232 2215 4316 aliqua
2247 4234 2329 4300 de
2376 4233 2510 4300 illis
2545 4232 2633 4299 ad
2681 4232 2992 4300 reforma·

734 4337 988 4406 cionem
1019 4339 1194 4427 (igy)
1227 4341 1722 4409 succedencium
1773 4341 2075 4409 duximus
2116 4342 2182 4407 in
2215 4340 2499 4408 medium
2535 4339 2987 4427 proponenda.

734 4447 889 4532 Ipse
937 4447 1260 4532 siquidem
1290 4469 1334 4515 a
1376 4450 1691 4536 primeuis
1740 4470 1858 4519 sue
1905 4451 2263 4519 iuuentutis
2312 4449 2716 4537 temporibus
2770 4446 2989 4516 fidelis

732 4554 952 4620 extitit
999 4557 1189 4623 nobis
1238 4563 1305 4624 et
1351 4557 1623 4642 Corone,
1679 4566 1745 4626 et
1795 4579 1998 4646 opera
2045 4557 2381 4627 fidelitatis
2433 4578 2690 4644 semper
2737 4556 2989 4624 studuit

733 4662 1014 4732 exibere.
1047 4663 1209 4730 Cum
1241 4665 1413 4732 enim
1446 4666 1722 4734 accincti
1756 4667 2007 4735 milicia
2037 4667 2248 4752 Regni
2278 4665 2484 4734 nostri
2515 4684 2659 4734 cum
2692 4664 2987 4734 exercitu
