3359 5250
1465 371 1587 436 119

1367 459 1666 469 ..η--ῌ

1469 933 1579 1002 77.

377 1117 494 1180 IX.
528 1115 800 1203 Gerqely
819 1117 1136 1203 pdpdnak
1169 1115 1574 1184 inte'zkede‘oei
1603 1138 1645 1179 α
1675 1116 1765 1180 ΙΙ.
1807 1116 2064 1205 Friqyos
2087 1122 2342 1183 csdszdr
2362 1117 2514 1184 allen
2548 1119 2640 1184 in-

771 1223 1043 1289 ditandd
1070 1223 1370 1288 keresztcs
1400 1222 1641 1288 heiberti
1673 1223 2045 1311 tcirqydban.
2079 1227 2273 1290 1241.

601 1420 961 1505 Gregorius
994 1419 1361 1507 Episcopus
1413 1440 1642 1488 seruus
1675 1440 2008 1488 seruorum
2043 1423 2167 1489 Dei
2219 1422 2457 1494 dilecto
2502 1425 2637 1494 filio

378 1529 671 1598 Johanni
702 1527 786 1595 de
819 1526 1122 1595 Civitella
1153 1526 1566 1596 Subdiacono
1598 1535 1666 1596 et
1690 1527 2054 1615 Capellano
2086 1536 2328 1614 nostro,
2362 1531 2639 1600 salutem

380 1644 445 1704 et
477 1635 925 1724 Apostolicam
958 1635 1500 1703 benedictionem.
1552 1636 1711 1703 Cum
1744 1636 1863 1703 tibi
1897 1635 2273 1704 duxerimus
2304 1637 2640 1725 iniungen-

381 1745 557 1829 dum,
612 1753 682 1812 ut
731 1751 957 1813 contra
985 1743 1386 1812 Fridericum
1438 1744 1683 1812 dictum
1715 1747 2199 1832 Imperatorem,
2252 1744 2639 1833 perditionis

382 1853 613 1937 filium,
639 1851 706 1918 in
730 1852 1020 1938 Ungarie
1040 1855 1266 1938 Regno
1290 1854 1555 1920 verbum
1577 1854 1785 1920 crucis
1805 1872 2224 1940 proponeres,
2260 1860 2325 1920 et
2346 1855 2639 1923 nonnulli

380 1963 448 2029 in
485 1962 660 2030 dicto
690 1962 913 2046 Regno
944 1962 1012 2026 in
1043 1969 1211 2029 terre
1244 1964 1478 2030 Sancte
1519 1962 1882 2030 subsidium
1934 1963 2341 2049 susceperint
2380 1961 2639 2046 signum

380 2069 616 2154 crucia,
673 2090 752 2136 ex
784 2089 910 2153 quo
942 2069 1477 2156 impedimentum
1511 2092 1639 2139 non
1671 2070 1996 2140 modicum
2026 2077 2135 2137 tuo
2167 2071 2502 2158 proposito
2534 2092 2638 2156 ge-

383 2185 693 2262 neratur3
727 2197 844 2245 nos
877 2177 1301 2266 attendentes,
1338 2179 1514 2265 quod
1543 2185 1727 2247 tanto
1770 2179 2097 2247 salubrius
2130 2189 2229 2248 est
2262 2179 2639 2267 Apostolice

380 2285 540 2355 Sedi
573 2287 638 2352 in
674 2285 796 2352 hoc
827 2287 1241 2356 necessitatis
1273 2287 1549 2357 articulo
1571 2288 1937 2372 subvenire,
1974 2296 2214 2372 quanto
2248 2289 2398 2375 ipsa
2429 2296 2637 2356 mater

381 2402 448 2462 et
481 2401 682 2482 caput
731 2394 882 2462 fidei
915 2395 984 2461 in
1017 2395 1282 2480 gravius
1332 2395 1673 2463 christiani
1720 2395 2000 2464 nominis
2039 2397 2398 2483 periculum
2434 2396 2639 2482 impu-

384 2507 647 2587 gnatur,
700 2501 1042 2569 devocioni
1092 2509 1221 2586 tue,
1276 2511 1346 2568 ut
1387 2510 1543 2570 vota
1590 2503 2188 2588 crucesignatorum
2237 2504 2521 2589 ipsorum
2570 2504 2638 2570 in

377 2610 829 2678 defensionem
860 2609 1154 2677 Ecclesie
1187 2617 1410 2676 contra
1440 2608 1841 2677 Fridericum
1874 2609 2170 2699 eundem,
2209 2610 2265 2677 si
2299 2630 2516 2678 eorum
2550 2609 2638 2679 ad

379 2721 449 2788 id
484 2738 840 2786 consensus
890 2718 1264 2802 accesserit,
1319 2723 1715 2785 commutare
1749 2718 1998 2803 valeas,
2055 2739 2133 2785 ac
2167 2718 2330 2803 ipsis
2381 2724 2445 2784 et
2496 2719 2637 2786 reli-

378 2829 530 2914 quis
560 2826 1029 2894 redimentibus
1063 2833 1217 2892 vota
1248 2846 1387 2912 sua,
1431 2823 1779 2895 dummodo
1814 2844 2158 2914 expensas,
2211 2846 2376 2913 quas
2407 2827 2641 2895 facturi

379 2940 610 3005 essent
643 2933 852 3002 eundo
904 2933 972 3000 in
1008 2941 1248 3000 terram
1299 2933 1675 3019 predictam,
1730 2934 2044 3004 morando
2092 2935 2254 3001 inibi
2305 2941 2371 3000 et
2401 2933 2638 3001 exinde

379 3041 738 3128 redeundo,
790 3044 859 3108 in
888 3041 1190 3108 manibus
1238 3041 1366 3107 tuis
1402 3049 1467 3108 et
1499 3040 1724 3109 dilecti
1758 3041 1874 3108 filii
2039 3042 2315 3109 Abbatis
2350 3042 2432 3108 de
2462 3041 2639 3107 Pelis

377 3150 838 3219 cisterciensis
860 3146 1145 3231 Ordinis,
1186 3156 1251 3213 et
1278 3145 1614 3215 Benedicti
1636 3147 1951 3213 Canonici
1984 3147 2451 3232 strigoniensis
2475 3147 2639 3214 assi-

378 3264 608 3346 gnent,
642 3256 707 3323 in
740 3254 1189 3323 defensionem
1210 3252 1583 3321 huiusmodi
1613 3256 2172 3340 transmittendas,
2205 3255 2390 3323 illam
2422 3253 2637 3340 possis

377 3366 724 3451 indulgere
761 3362 1020 3430 veniam
1053 3368 1486 3448 peccatorum,
1539 3382 1665 3446 que
1697 3363 1990 3449 predicte
2021 3369 2193 3431 terre
2221 3363 2640 3431 succurrenti·

379 3477 506 3543 bus
555 3475 624 3541 in
675 3472 988 3540 Generali
1040 3469 1330 3539 Concilio
1381 3476 1484 3539 est
1534 3491 1866 3559 concessa,
1927 3474 2203 3541 liberam
2254 3471 2640 3539 auctoritate

381 3581 795 3671 presencium
842 3579 1254 3648 concedimus
1284 3578 1688 3649 facultatem.
1737 3583 1986 3649 Datum,
2011 3580 2324 3648 Laterani
2368 3579 2450 3645 ΙΙ.
2490 3576 2639 3645 idus

375 3690 723 3761 Februarii
753 3688 1207 3777 (Pontificatus
1240 3687 1476 3775 nostri)
1511 3708 1685 3756 anno
1718 3684 1903 3757 XIII.

1068 3886 1327 3950 (Theiuer
1351 3888 1422 3938 id.
1451 3908 1517 3942 m.
1545 3896 1590 3945 Ι.
1617 3893 1732 3946 k'ot.
1764 3889 1882 3939 179.
1908 3886 1967 3951 l.)

1256 4200 1769 4216 .——-——-——-·-——--——
