3359 5250
1359 392 1486 458 109

284 595 479 660 iuxta
511 597 723 658 metas
754 589 1119 655 destructas
1152 607 1271 674 per
1300 585 1578 655 eundem
1612 585 1938 653 hominem
1980 595 2266 655 nostrum
2298 589 2548 656 eleuari

283 700 635 767 facientes.
670 697 963 776 Quarum
984 701 1297 762 metarum
1319 713 1666 781 processus
1688 693 1840 761 talis
1861 702 1979 780 est,
2003 695 2354 762 secundum
2374 695 2550 779 quod

283 808 462 877 idem
495 807 833 874 Emericus
864 803 1057 874 homo
1090 811 1311 872 noster
1343 802 1467 871 sub
1500 802 1726 888 sigillo
1757 802 2040 871 Abbatis
2079 801 2161 872 de
2195 804 2328 872 Jak
2359 805 2549 874 nobis

284 914 643 981 intimauit.
676 912 896 979 Prima
928 918 1103 978 meta
1137 909 1435 978 eiusdem
1454 916 1624 977 terre
1657 909 1884 996 incipit
1913 909 2099 978 iuxta
2119 931 2357 996 aquam
2379 914 2551 981 Gun-

285 1043 436 1109 gus,
473 1031 541 1089 et
576 1020 762 1088 uadit
792 1037 1020 1086 uersus
1055 1017 1430 1104 aquilonem
1461 1016 1550 1084 ad
1582 1038 1823 1102 aquam
1852 1020 1994 1103 Sar,
2046 1024 2112 1087 et
2143 1027 2244 1087 est
2278 1026 2451 1088 meta
2482 1022 2547 1088 in

287 1131 567 1210 Sormv3
600 1128 843 1196 deinde
876 1148 992 1215 per
1025 1127 1202 1195 uiam
1234 1127 1582 1195 herbosam
1612 1126 1743 1194 itur
1773 1127 1859 1193 ad
1896 1133 2169 1195 stratam
2195 1130 2391 1219 viam,
2424 1151 2549 1215 que

289 1238 474 1304 ducit
506 1236 597 1304 ad
627 1235 997 1319 Sabariam,
1031 1242 1096 1302 et
1129 1234 1221 1301 ibi
1254 1242 1404 1302 sunt
1436 1234 1563 1301 due
1595 1242 1803 1320 mete;
1855 1234 2096 1303 abhinc
2128 1257 2246 1322 per
2274 1237 2551 1306 eandem

290 1348 470 1413 viam
519 1345 872 1412 herbosam
921 1342 1218 1429 procedit
1267 1342 1352 1409 ad
1386 1341 1642 1428 siluam,
1695 1350 1761 1410 et
1808 1344 2053 1412 directe
2107 1364 2225 1432 per
2274 1346 2549 1414 eandem

291 1456 472 1521 uiam
510 1453 856 1520 herbosam
889 1450 1125 1518 transit
1157 1450 1242 1517 ad
1275 1471 1581 1536 magnam
1613 1452 1809 1536 viam,
1844 1473 1968 1536 que
1992 1453 2171 1520 ducit
2205 1455 2290 1520 ad
2323 1454 2549 1521 uillam

291 1564 483 1648 Wep‚
518 1569 586 1628 et
609 1561 701 1627 ibi
733 1566 884 1626 sunt
914 1567 1043 1626 tres
1078 1566 1285 1646 mete3
1322 1568 1387 1626 et
1420 1580 1623 1644 usque
1642 1580 1900 1647 semper
1926 1562 2132 1628 tenuit
2164 1568 2372 1630 metas
2403 1584 2549 1630 cum

292 1670 559 1757 populis
610 1668 1006 1755 prefatorum
1058 1666 1381 1734 Comitum
1432 1667 1603 1733 Pous
1643 1673 1707 1734 et
1761 1670 1930 1753 Bas;
1984 1667 2221 1736 deinde
2269 1672 2549 1739 tenendo

295 1786 512 1845 metas
564 1797 711 1843 cum
761 1776 924 1842 villa
954 1777 1138 1862 Wep,
1198 1776 1417 1843 ueniet
1465 1796 1693 1843 uersus
1744 1777 2057 1843 orientem
2106 1800 2223 1866 per
2277 1781 2551 1848 eandem

294 1887 497 1970 uiam,
533 1892 601 1951 et
630 1888 784 1951 sunt
831 1888 1001 1949 mete
1038 1883 1167 1949 due
1219 1884 1282 1950 in
1337 1883 1550 1969 biuio;
1582 1884 1738 1951 inde
1771 1904 1926 1951 uero
1959 1905 2074 1972 per
2122 1886 2293 1953 uiam
2329 1888 2552 1956 herbo·

292 2014 438 2060 sam
492 1993 769 2060 flectitur
800 1990 888 2058 ad
942 1992 1279 2059 meridiem
1328 2013 1445 2079 per
1476 1998 1710 2076 metas,
1764 2001 1827 2058 et
1879 1991 2106 2059 incidit
2155 1996 2221 2061 in
2255 1994 2553 2062 (immas-

283 2103 547 2188 potoka,
603 2119 719 2186 per
751 2118 950 2181 qnam
982 2101 1204 2166 ueniet
1256 2098 1343 2166 ad
1374 2120 1612 2183 aquam
1654 2101 1947 2187 Gungus‚
2000 2101 2223 2185 ibique
2255 2106 2553 2171 termina·

295 2220 423 2276 tur.
483 2211 570 2276 vt
619 2209 822 2292 igitur
872 2207 1074 2276 series
1125 2210 1316 2276 huius
1369 2211 1461 2275 rei
1515 2208 1703 2275 firma
1753 2215 1817 2275 et
1847 2209 2291 2278 irreuocabilis
2341 2214 2553 2299 possit

296 2336 710 2404 permanere,
765 2316 978 2382 eidem
1028 2316 1332 2403 Capitulo
1384 2316 1632 2383 litteras
1684 2323 1942 2384 nostras
1991 2320 2422 2387 concessimus
2474 2323 2551 2388 si·

295 2425 440 2510 gilli
476 2424 685 2490 nostri
719 2424 1069 2492 munimine
1103 2425 1466 2493 roboratas.
1503 2424 1743 2491 Datum
1778 2424 1842 2492 in
1874 2426 2102 2511 predio
2122 2437 2344 2494 nostro
2379 2429 2553 2515 apud

297 2533 618 2599 Sanctum
657 2532 1008 2597 Martinum
1060 2533 1125 2596 in
1179 2531 1412 2616 uigilia
1462 2532 1684 2599 Sancti
1732 2532 1981 2599 Thome
2013 2533 2328 2620 Apostoli,
2383 2555 2551 2602 anno

297 2640 566 2706 Domini
599 2641 688 2706 Μο
709 2638 839 2707 000
861 2641 1022 2708 ΧΠ.

440 2839 721 2905 (Er-edetis
746 2835 1076 2905 borhartyan
1102 2855 1135 2891 a
1162 2840 1555 2907 szombathclyi
1583 2839 1959 2908 kaptalannak
1986 2841 2398 2909 leveltsraban.)

1165 3130 1678 3139 -—-.-—-——..-0-——-—

1369 3579 1481 3647 69.

297 3767 519 3833 Endre
580 3762 1075 3852 orsqubirduak
1123 3760 1305 3829 Zaka
1354 3759 1595 3849 helys69
1637 3761 1922 3828 Ῐιαίάναίί
1977 3764 2283 3850 tcirqynzd
2325 3764 2553 3831 ite‘lete.

1330 3871 1527 3935 1240.
1786 3904 1793 3913 ·

515 4066 926 4136 Wladislaus
958 4068 1085 4136 stb.
1117 4063 1485 4136 Conuentui
1517 4066 1811 4134 Ecclesie
1848 4064 1931 4135 de
1964 4066 2223 4137 Choma
2254 4076 2377 4138 etc.
2430 4070 2554 4143 No·

294 4178 549 4265 ueritis,
584 4174 759 4263 quod
789 4177 1103 4246 Nicolaus
1140 4175 1223 4244 de
1244 4176 1607 4244 Zelesthow
1625 4198 1745 4264 pro
1763 4175 1967 4245 nobili
1988 4182 2055 4245 et
2078 4176 2404 4262 religiosis
2423 4181 2548 4250 sra-

294 4289 510 4358 tribus
531 4286 884 4356 Valentino
904 4287 1162 4367 Abbate
1181 4285 1476 4355 Ecclesie
1513 4286 1597 4352 de
1627 4285 2124 4355 Borsmonostra
2149 4287 2273 4355 stb.
2308 4296 2373 4355 ct
2390 4287 2552 4358 Con-

296 4402 504 4467 nentu
531 4395 662 4468 loci
695 4393 990 4464 eiusdem
1021 4397 1145 4465 stb.
1178 4395 1246 4462 in
1275 4393 1690 4485 presentibus
1739 4395 1992 4463 octanis
2025 4394 2173 4463 festi
2217 4396 2406 4464 Beati
2442 4396 2557 4465 Mi·

294 4504 549 4573 chaelis
582 4502 979 4589 Archangeli
1012 4501 1273 4591 (1498.)
1305 4504 1372 4569 in
1402 4504 1617 4587 figura
1640 4501 1873 4589 judicij
1922 4508 2140 4569 nostre
2181 4504 2557 4574 Personalis

295 4610 651 4681 Presencie
684 4611 1123 4698 comparendo
1171 4617 1397 4684 contra
1427 4610 1782 4697 Egregium
1813 4610 2210 4678 Anthonium
2259 4613 2338 4680 de
2370 4615 2555 4683 Pook

293 4722 427 4790 stb.
465 4720 660 4809 (azon
692 4718 983 4807 ugyben)
1036 4718 1316 4804 qualiter
1348 4718 1615 4804 Egregij
1658 4721 1910 4807 Petrus,
1964 4726 2027 4787 et
2060 4720 2272 4789 dictus
2315 4722 2557 4791 Antho-
