3359 5250
1373 346 1505 417 363

309 546 482 635 ipsis
514 550 984 619 mercatoribus
1011 547 1504 637 persoluendaS,
1538 553 1727 635 prout
1757 546 1825 614 in
1858 547 2119 634 publico
2138 547 2565 617 instrumento

308 658 609 725 confecto
658 659 894 725 exinde
925 658 1183 746 plenius
1236 658 1640 743 continetur;
1694 655 2080 726 mandamus
2128 664 2469 743 quatenus,
2507 659 2563 725 si

306 766 638 853 predictus
669 766 1222 854 Archiepiscopus
1255 771 1320 833 et
1351 784 1762 833 successores
1798 765 2007 851 ipsius
2038 767 2107 834 in
2125 767 2387 834 statutis
2420 766 2560 834 loco

309 880 375 941 et
406 875 701 943 terminis
732 876 919 943 iuxta
947 874 1230 962 predicti
1262 881 1551 942 tenorem
1572 873 2009 957 instrumenti,
2048 874 2143 942 ita
2177 873 2353 960 quod
2382 875 2568 943 nulla

309 982 449 1049 alia
479 983 782 1069 probatio
816 984 920 1052 vel
954 982 1273 1051 certitudo
1326 1001 1524 1069 super
1554 981 1925 1049 huiusmodi
1972 981 2192 1049 debito
2242 982 2563 1070 exigatur,

312 1092 786 1161 mercatoribus
821 1095 1006 1179 ipsis,
1059 1093 1295 1179 quibus
1327 1092 1630 1161 nolumus
1680 1098 1979 1179 pretextu
2014 1094 2295 1161 alicuius
2337 1095 2572 1160 consti-

309 1201 587 1270 tutionis
640 1201 952 1267 canonice
985 1200 1088 1265 vel
1122 1200 1357 1284 civilis,
1410 1206 1525 1266 aut
1564 1198 2025 1284 cuiuscumque
2075 1200 2412 1287 privilegii
2462 1201 2567 1268 vel

313 1307 740 1395 indulgentie,
777 1309 858 1376 de
890 1308 1128 1393 quibus
1161 1309 1231 1375 in
1263 1309 1505 1375 nostris
1537 1308 1773 1375 litteris
1805 1308 1997 1395 plene
2027 1315 2093 1375 et
2124 1328 2454 1396 expresse,
2486 1328 2569 1376 ne

315 1418 399 1487 de
422 1418 621 1486 verbo
643 1415 729 1483 ad
751 1418 1023 1485 verbum
1043 1423 1342 1504 oporteat
1360 1415 1500 1483 fieri
1521 1418 1935 1501 mentionem,
1968 1416 2361 1499 incumbere,
2395 1417 2573 1502 quod

313 1528 398 1595 de
431 1526 726 1613 predicta
758 1528 1042 1613 pecunia
1073 1528 1139 1593 in
1174 1527 1525 1593 utilitatem
1557 1526 1770 1614 ipsius
1790 1526 2085 1592 Ecclesie
2116 1527 2204 1593 sit
2227 1545 2568 1614 conversa,

315 1637 401 1703 de
432 1636 712 1721 pecunia
742 1656 871 1704 non
924 1633 1362 1702 satisfecerint
1393 1640 1778 1720 memorata,
1830 1641 1903 1701 ut
1941 1640 2179 1701 extunc
2223 1635 2293 1699 in
2327 1634 2569 1701 dictum

323 1743 905 1831 Archiepiscopum
927 1745 1035 1810 vel
1055 1762 1496 1811 successorem
1518 1762 1727 1827 suum,
1767 1741 1876 1828 qui
1910 1762 2028 1829 pro
2048 1748 2339 1828 tempore
2356 1742 2573 1831 fuerit,

316 1852 708 1920 auctoritate
739 1857 984 1936 nostra,
1039 1852 1395 1920 monitione
1424 1854 1750 1938 premissa
1794 1851 2053 1918 sublato
2102 1851 2569 1939 appellationis

316 1961 677 2045 obstaculo,
709 1981 838 2028 non
871 1961 1141 2028 differas
1173 1961 1608 2046 promulgare,
1645 1979 1724 2026 ac
1753 1959 1935 2045 ipsos
1975 1961 2568 2029 excommunicatos

308 2069 538 2136 tandiu
580 2067 864 2157 {publice
885 2072 1162 2153 nunties,
1185 2075 1250 2137 et
1267 2068 1478 2137 facias
1500 2090 1616 2157 per
1635 2070 1803 2136 alios
1824 2069 1891 2134 in
1912 2067 2093 2152 locis,
2127 2068 2236 2136 ubi
2260 2069 2571 2158 expedire

307 2176 580 2260 videris,
614 2178 903 2244 nuntiari
934 2175 1167 2243 diebus
1201 2174 1546 2245 dominicis
1580 2181 1646 2241 et
1675 2174 1952 2263 festivis,
1992 2176 2275 2263 pulsatis
2307 2197 2568 2265 campa-

307 2285 415 2353 nis
446 2293 512 2352 et
543 2285 837 2353 candelis
869 2286 1183 2371 accensis,
1231 2284 1439 2353 donec
1472 2283 1746 2371 prefatis
1780 2288 2254 2354 mercatoribus
2302 2287 2388 2354 de
2419 2308 2561 2375 pre·

312 2393 491 2460 dicta
522 2396 805 2481 pecunia
850 2413 995 2461 cum
1027 2393 1219 2460 iustis
1252 2400 1318 2460 et
1349 2389 1705 2460 moderatis
1753 2394 2081 2481 expensis,
2117 2396 2455 2481 interesse,
2489 2416 2569 2463 ac

310 2500 554 2568 debita·
570 2502 1046 2569 restauratione
1080 2501 1529 2587 dampnorum,
1565 2522 1762 2588 super
1781 2503 2018 2586 quibus
2051 2504 2334 2590 simplici
2366 2504 2568 2571 verbo

309 2596 603 2698 ipso-rum
654 2616 1082 2679 mercatorum
1114 2609 1220 2678 vel
1275 2610 1565 2679 cuiusuis
1599 2631 1821 2679 eorum
1852 2614 1996 2680 sine
2045 2619 2454 2689 sacramento
2504 2619 2569 2680 et

306 2719 537 2804 aliqua
555 2718 693 2785 alia
711 2718 1104 2805 probatione
1136 2717 1294 2784 dicti
1314 2716 1867 2806 Archiepiscopus
1888 2728 1954 2788 et
1985 2737 2398 2788 successores
2435 2741 2565 2789 crc-

307 2826 468 2896 dere
496 2833 860 2913 teneantur,
895 2830 1114 2896 usuris
1149 2829 1411 2897 omnino
1445 2830 1874 2916 cessantibus,
1907 2829 2101 2898 fuerit
2133 2829 2561 2898 satisfactum.

307 2939 377 3006 Si
413 2957 571 3005 vero
605 2937 780 3004 idem
810 2937 1363 3024 Archiepiscopus
1395 2939 1463 3004 in
1497 2938 1870 3007 huiusmodi
1902 2942 2568 3009 excommunicatione

305 3067 428 3134 per
457 3047 623 3115 duos
671 3065 928 3114 menses
959 3047 1233 3131 steterit,
1284 3046 1369 3113 ab
1403 3044 1972 3124 administratione
2019 3050 2458 3136 spiritualium
2498 3059 2563 3118 et

306 3155 764 3243 temporalium
815 3151 1183 3241 suspendas
1216 3153 1515 3242 eundem,
1567 3158 1817 3242 prefixo
1849 3157 1909 3223 ei
1941 3157 2406 3225 nichilominus
2454 3178 2561 3244 pe-

304 3266 661 3352 remptorio
681 3264 962 3331 termino
994 3265 1412 3350 competenti,
1445 3283 1572 3350 quo
1605 3266 2040 3350 personaliter
2062 3271 2284 3334 nostro
2318 3286 2390 3335 se
2411 3287 2564 3335 con·
2652 3271 2658 3278 ’

306 3374 565 3461 spectui
597 3378 997 3457 representet
1028 3391 1146 3458 pro
1178 3374 1432 3460 meritis
1463 3380 1860 3459 recepturus.
1907 3374 2058 3440 Non
2089 3373 2387 3442 obstante
2418 3395 2564 3442 con-

304 3483 647 3550 stitutione
696 3481 1014 3567 predicta,
1068 3482 1172 3547 vel
1219 3483 1277 3547 si
1329 3480 1542 3549 dictus
1574 3481 2125 3569 Archiepiscopus
2177 3503 2260 3549 ex
2310 3481 2566 3551 indulto

309 3589 688 3675 Apostolico
723 3589 988 3673 habeat,
1038 3588 1145 3655 vel
1177 3589 1307 3656 sibi
1339 3595 1454 3656 aut
1502 3593 1644 3657 eius
1686 3591 2170 3659 successoribus
2221 3593 2567 3684 contigerit

304 3696 660 3780 indulgeri,
711 3695 887 3782 quod
938 3696 1509 3783 excommunicari,
1566 3697 1879 3783 suspendi
1929 3696 2037 3764 vel
2087 3699 2384 3766 interdici
2434 3717 2563 3767 non

303 3804 587 3893 possint,
640 3823 757 3872 seu
789 3811 978 3871 extra
1010 3824 1198 3871 suam
1248 3803 1652 3891 provinciam
1684 3805 1772 3872 ad
1802 3806 2119 3873 iudicium
2159 3806 2417 3872 evocari
2450 3826 2567 3892 per

303 3917 562 3983 litteras
591 3915 1033 3999 Apostolicas,
1066 3914 1136 3980 in
1168 3915 1403 3999 quibus
1435 3913 1518 3981 de
1549 3914 1800 3982 indulto
1839 3914 2207 3982 huiusmodi
2250 3933 2565 4002 expressa

305 4023 391 4089 de
421 4021 622 4089 verbo
675 4022 763 4090 ad
794 4022 1064 4089 verbum
1096 4024 1338 4090 mentio
1389 4043 1517 4090 non
1549 4021 1843 4107 habetur,
1896 4042 2013 4090 seu
2047 4022 2339 4107 qualibet
2387 4019 2563 4090 dicte

302 4131 500 4198 Sedis
532 4129 941 4217 indulgentia
969 4131 1338 4218 impetrata,
1374 4133 1481 4199 vel
1513 4132 1712 4198 etiam
1744 4130 2178 4219 impetranda,
2210 4150 2328 4218 per
2362 4150 2556 4218 quam

300 4238 430 4306 hoc
481 4237 789 4326 impediri
837 4237 1062 4306 valeat
1110 4238 1216 4307 vel
1244 4238 1514 4307 differri.
1569 4241 1813 4309 Datum
1864 4239 2170 4308 Laterani
2203 4240 2319 4308 III.
2353 4259 2563 4308 nonas

301 4347 543 4433 Martii,
572 4345 995 4416 Pontificatus
1028 4346 1235 4415 nostri
1266 4365 1439 4415 anno
1474 4347 1834 4418 undecimo.

397 4547 679 4614 (Theium,
705 4549 913 4602 Vetera
936 4550 1296 4602 Monumenta
1321 4546 1609 4599 Slavorum
1634 4546 2053 4601 Meridionalum
2078 4547 2121 4598 1.
2149 4549 2261 4599 ket.
2287 4544 2378 4600 81.
2403 4546 2467 4614 1.)
