3359 5250
1669 397 1794 461 182

1667 935 1823 1006 118.

610 1120 668 1185 A
705 1120 1220 1206 szekoefehoevdvi
1250 1119 1679 1208 kdptalannak
1716 1120 2264 1209 bizonysdqlevele,
2302 1122 2471 1207 hoqy
2503 1115 2724 1203 Sydon
2753 1112 2872 1177 Pe'-

604 1228 806 1294 termk
815 1228 923 1313 fia
951 1229 1176 1295 szfflb'ci
1225 1227 1495 1296 biv-coluit
1521 1227 1618 1293 ke't
1663 1227 2035 1315 lednydnalc,
2068 1229 2336 1296 Katalin
2378 1232 2441 1291 e's
2472 1219 2875 1291 fflzsebecnek

1449 1335 1783 1424 dtenqedte.
1824 1336 2020 1402 1244.

1138 1533 1198 1601 A
1523 1534 1577 1599 Β
1907 1531 1958 1598 C
2287 1533 2349 1598 D

825 1728 1198 1817 Capitulum
1230 1728 1526 1799 Ecclesie
1545 1730 1854 1800 Albensis
1886 1729 2260 1798 vniuersum
2297 1729 2599 1797 omnibus
2631 1723 2876 1795 Christi

612 1838 910 1906 fidelibus
940 1845 1279 1925 presentes
1327 1838 1581 1908 litteras
1612 1840 2009 1928 inspecturis
2061 1840 2340 1908 salutem
2373 1840 2441 1906 in
2476 1844 2739 1906 auctore
2771 1853 2872 1901 sa·

608 1947 783 2014 lutis.
834 1946 1107 2016 Nouerit
1143 1947 1560 2015 Uniuersitas
1599 1955 1841 2037 uestra,
1884 1946 2058 2034 quod
2082 1948 2396 2034 Magister
2430 1945 2656 2035 Sydon
2700 1943 2873 2012 filius

606 2055 789 2122 Petri
842 2054 930 2121 ad
979 2061 1271 2124 nostram
1323 2056 1644 2124 accedens
1699 2057 2111 2145 presenciam
2162 2056 2447 2125 asseruit
2496 2054 2652 2146 vina
2690 2070 2872 2134 uoce,

609 2161 782 2248 quod
834 2167 1040 2230 totam
1092 2168 1332 2229 terram
1367 2182 1552 2230 suam
1584 2164 1651 2231 in
1703 2164 1866 2231 uilla
1910 2164 2216 2232 Sceulens
2264 2164 2677 2246 existentem,
2728 2177 2874 2225 cum

608 2268 839 2353 vineis,
889 2268 1135 2355 feneto,
1167 2270 1377 2356 siluis,
1428 2270 1723 2360 piscinis,
1777 2277 1842 2338 et
1873 2270 2125 2340 duobus
2178 2270 2553 2358 mancipijs,
2603 2285 2875 2354 quorum

608 2377 882 2445 nomina
931 2383 1084 2443 sunt
1111 2376 1354 2445 'Portov
1386 2386 1452 2446 et
1480 2378 1715 2468 Batha,
1771 2385 1836 2447 et
1866 2381 2076 2448 bobus
2109 2377 2364 2449 duobus
2416 2376 2655 2445 aratris
2705 2372 2875 2442 suffi-

616 2483 962 2573 cientibus,
998 2484 1184 2556 titulo
1217 2487 1577 2573 empcionis
1597 2486 1687 2554 ad
1718 2508 1863 2554 eum
1895 2488 2303 2575 pertinencia
2336 2484 2529 2576 (igy)‚
2568 2480 2875 2553 contulis-

611 2598 714 2660 set
762 2588 1019 2663 duabus
1086 2591 1348 2662 filiabus
1396 2593 1575 2681 suis,
1626 2594 1991 2664 Katherine
2044 2593 2353 2664 videlicet
2402 2600 2468 2663 et
2515 2590 2877 2679 Elyzabeth

613 2709 931 2788 perpetuo
983 2700 1420 2791 possidenda3
1468 2704 1586 2788 ita,
1634 2708 1707 2770 ut
1757 2704 1814 2771 si
1863 2703 2071 2773 altera
2117 2702 2383 2771 illarum
2416 2703 2706 2771 debitum
2739 2700 2877 2766 vni·

610 2827 801 2877 nerse
832 2810 1052 2879 carnis
1086 2810 1462 2896 emoluerit,
1514 2810 1583 2876 in
1614 2811 1718 2878 ius
1747 2810 1948 2898 illius,
1996 2831 2123 2897 que
2154 2818 2486 2899 superstes
2537 2807 2756 2895 fuerit,
2809 2808 2876 2874 in

612 2921 994 3005 perpetuum
1047 2916 1226 2986 dicta
1257 2916 1590 3005 possessio
1639 2918 2014 3005 pertinebit.
2068 2919 2150 2987 Et
2182 2925 2253 2987 vt
2283 2919 2476 2986 huius
2526 2917 2622 2984 rei
2672 2914 2876 2984 series

613 3031 928 3112 perpetue
959 3023 1281 3095 firmitatis
1313 3027 1511 3096 robur
1541 3027 1857 3113 optineat,
1910 3026 1996 3094 ad
2028 3027 2421 3115 peticionem
2462 3023 2620 3092 dicti
2652 3024 2877 3112 Sydon

612 3138 952 3220 presentes
983 3134 1423 3207 concessimus
1455 3134 1711 3203 litteras
1742 3134 1948 3219 sigilli
1976 3136 2185 3203 nostri
2236 3134 2590 3202 munimine
2620 3134 2877 3202 robora—

616 3248 744 3309 tas.
797 3241 1041 3308 Datum
1073 3261 1244 3309 anno
1293 3241 1517 3328 gracie
1568 3243 1915 3313 millesimo
1968 3241 2411 3312 ducentesimo
2442 3242 2589 3309 ΧΠ
2622 3249 2876 3329 quarto,

613 3346 930 3432 Magistro
962 3349 1240 3435 Achylle
1271 3349 1566 3419 Ecclesie
1596 3360 1817 3420 nostre
1868 3353 2234 3439 Preposito‚
2286 3350 2437 3418 aule
2467 3350 2678 3438 Regio
2708 3348 2875 3417 Oan-

614 3455 932 3542 cellario;
994 3456 1038 3525 J
1039 3457 1243 3528 acobo
1292 3457 1575 3528 Cantore
1594 3510 1613 3546 ,
1678 3460 1874 3530 Gallo
1929 3460 2217 3531 Custode
2234 3511 2254 3547 ‚
2317 3462 2538 3530 Marco
2607 3460 2876 3528 Decano

614 3562 1063 3632 existentibus.

546 3804 557 3815 .
615 3761 891 3830 (Eredetie
908 3761 1259 3833 bothartyan,
1284 3765 1505 3832 melytssl
1524 3781 1559 3818 a
1579 3763 1842 3834 kaptalan
1861 3765 2103 3834 pecsetje
2125 3764 2422 3835 &rga-kalt
2447 3765 2698 3820 asinoron
2721 3766 2878 3833 sugg,

966 3869 1000 3905 a
1025 3853 1225 3910 fssmelt.
1252 3852 1549 3924 Batthyani
1577 3852 1767 3910 cuulad
1794 3856 2077 3909 lxm-mendi
2103 3853 2517 3924 leveltaraban.)
