<?xml version="1.0" encoding="UTF-8"?>
<!DOCTYPE html PUBLIC "-//W3C//DTD XHTML 1.0 Transitional//EN"
    "http://www.w3.org/TR/xhtml1/DTD/xhtml1-transitional.dtd">
<html xmlns="http://www.w3.org/1999/xhtml" xml:lang="en" lang="en">
 <head>
  <title>
</title>
<meta http-equiv="Content-Type" content="text/html;charset=utf-8" />
  <meta name='ocr-system' content='tesseract 3.04.00' />
  <meta name='ocr-capabilities' content='ocr_page ocr_carea ocr_par ocr_line ocrx_word'/>
</head>
<body>
  <div class='ocr_page' id='page_1' title='image "./codexdiplomatic09unkngoog_0503.png"; bbox 0 0 3359 5250; ppageno 0'>
   <div class='ocr_carea' id='block_1_1' title="bbox 1364 329 1504 399">
    <p class='ocr_par' dir='ltr' id='par_1_1' title="bbox 1364 329 1504 399">
     <span class='ocr_line' id='line_1_1' title="bbox 1364 329 1504 399; baseline 0.007 -1"><span class='ocrx_word' id='word_1_1' title='bbox 1364 329 1504 399; x_wconf 80' lang='lat'><strong>463</strong></span> 
     </span>
    </p>
   </div>
   <div class='ocr_carea' id='block_1_2' title="bbox 1276 421 1596 432">
    <p class='ocr_par' dir='ltr' id='par_1_2' title="bbox 1276 421 1596 432">
     <span class='ocr_line' id='line_1_2' title="bbox 1276 421 1596 432; baseline 0 0"><span class='ocrx_word' id='word_1_2' title='bbox 1276 421 1596 432; x_wconf 95' lang='lat' dir='ltr'><strong> </strong></span> 
     </span>
    </p>
   </div>
   <div class='ocr_carea' id='block_1_3' title="bbox 1370 906 1527 975">
    <p class='ocr_par' dir='ltr' id='par_1_3' title="bbox 1370 906 1527 975">
     <span class='ocr_line' id='line_1_3' title="bbox 1370 906 1527 975; baseline -0.013 0"><span class='ocrx_word' id='word_1_3' title='bbox 1370 906 1527 975; x_wconf 78' lang='lat'><strong>328.</strong></span> 
     </span>
    </p>
   </div>
   <div class='ocr_carea' id='block_1_4' title="bbox 309 1088 2572 1177">
    <p class='ocr_par' dir='ltr' id='par_1_4' title="bbox 309 1088 2572 1177">
     <span class='ocr_line' id='line_1_4' title="bbox 309 1088 2572 1177; baseline -0 -21"><span class='ocrx_word' id='word_1_4' title='bbox 309 1088 487 1156; x_wconf 69' lang='lat' dir='ltr'><strong>CMk</strong></span> <span class='ocrx_word' id='word_1_5' title='bbox 516 1090 632 1157; x_wconf 79' lang='lat' dir='ltr'><strong>kir.</strong></span> <span class='ocrx_word' id='word_1_6' title='bbox 666 1089 1111 1156; x_wconf 66' lang='lat' dir='ltr'><strong>mmobnester</strong></span> <span class='ocrx_word' id='word_1_7' title='bbox 1140 1093 1203 1152; x_wconf 73' lang='lat' dir='ltr'><strong>e&#39;s</strong></span> <span class='ocrx_word' id='word_1_8' title='bbox 1233 1088 1520 1154; x_wconf 78' lang='lat' dir='ltr'><strong>Felician</strong></span> <span class='ocrx_word' id='word_1_9' title='bbox 1549 1088 1830 1155; x_wconf 75' lang='lat' dir='ltr'><strong>kalocsai</strong></span> <span class='ocrx_word' id='word_1_10' title='bbox 1840 1100 2093 1175; x_wconf 74' lang='lat' dir='ltr'><strong>prepost</strong></span> <span class='ocrx_word' id='word_1_11' title='bbox 2112 1113 2152 1154; x_wconf 86' lang='grc' dir='ltr'><em>α</em></span> <span class='ocrx_word' id='word_1_12' title='bbox 2170 1089 2378 1176; x_wconf 73' lang='lat' dir='ltr'><strong>kirdly</strong></span> <span class='ocrx_word' id='word_1_13' title='bbox 2410 1111 2572 1177; x_wconf 73' lang='lat' dir='ltr'><strong>meq-</strong></span> 
     </span>
    </p>
   </div>
   <div class='ocr_carea' id='block_1_5' title="bbox 300 1197 2570 1373">
    <p class='ocr_par' dir='ltr' id='par_1_5' title="bbox 300 1197 2570 1373">
     <span class='ocr_line' id='line_1_5' title="bbox 300 1197 2570 1287; baseline 0 -23"><span class='ocrx_word' id='word_1_14' title='bbox 300 1200 693 1287; x_wconf 70' lang='lat' dir='ltr'><strong>haqydsdbo&#39;l</strong></span> <span class='ocrx_word' id='word_1_15' title='bbox 721 1224 762 1265; x_wconf 88' lang='grc' dir='ltr'><strong><em>α</em></strong></span> <span class='ocrx_word' id='word_1_16' title='bbox 791 1199 1003 1266; x_wconf 76' lang='lat' dir='ltr'><strong>Zelchi</strong></span> <span class='ocrx_word' id='word_1_17' title='bbox 1030 1197 1302 1264; x_wconf 72' lang='lat' dir='ltr'><strong>nemesek</strong></span> <span class='ocrx_word' id='word_1_18' title='bbox 1333 1197 1959 1284; x_wconf 70' lang='lat' dir='ltr'><strong>hirwkviszonyairol</strong></span> <span class='ocrx_word' id='word_1_19' title='bbox 2005 1200 2376 1284; x_wconf 71' lang='lat' dir='ltr'><strong>vizsqdlatot</strong></span> <span class='ocrx_word' id='word_1_20' title='bbox 2423 1210 2570 1264; x_wconf 76' lang='lat' dir='ltr'><strong>tesz-</strong></span> 
     </span>
     <span class='ocr_line' id='line_1_6' title="bbox 1262 1304 1622 1373; baseline 0 0"><span class='ocrx_word' id='word_1_21' title='bbox 1262 1307 1396 1373; x_wconf 80' lang='lat' dir='ltr'><strong>nek.</strong></span> <span class='ocrx_word' id='word_1_22' title='bbox 1427 1304 1622 1373; x_wconf 84' lang='lat'><em>1257.</em></span> 
     </span>
    </p>
   </div>
   <div class='ocr_carea' id='block_1_6' title="bbox 305 1506 2608 4755">
    <p class='ocr_par' dir='ltr' id='par_1_6' title="bbox 305 1506 2608 4755">
     <span class='ocr_line' id='line_1_7' title="bbox 524 1506 2573 1592; baseline -0 -18"><span class='ocrx_word' id='word_1_23' title='bbox 524 1509 660 1577; x_wconf 90' lang='lat' dir='ltr'><strong>Nos</strong></span> <span class='ocrx_word' id='word_1_24' title='bbox 690 1506 876 1574; x_wconf 86' lang='lat' dir='ltr'><strong>Ghak</strong></span> <span class='ocrx_word' id='word_1_25' title='bbox 906 1508 1229 1592; x_wconf 76' lang='lat' dir='ltr'><strong>Magister</strong></span> <span class='ocrx_word' id='word_1_26' title='bbox 1261 1507 1780 1575; x_wconf 72' lang='lat' dir='ltr'><strong>Tanai-nieorum</strong></span> <span class='ocrx_word' id='word_1_27' title='bbox 1829 1507 2075 1575; x_wconf 90' lang='lat' dir='ltr'><strong>domini</strong></span> <span class='ocrx_word' id='word_1_28' title='bbox 2105 1508 2304 1591; x_wconf 89' lang='lat' dir='ltr'><strong>Regis</strong></span> <span class='ocrx_word' id='word_1_29' title='bbox 2355 1514 2421 1577; x_wconf 90' lang='lat' dir='ltr'><strong>et</strong></span> <span class='ocrx_word' id='word_1_30' title='bbox 2453 1508 2573 1574; x_wconf 83' lang='lat' dir='ltr'><strong>Oo-</strong></span> 
     </span>
     <span class='ocr_line' id='line_1_8' title="bbox 306 1608 2575 1703; baseline 0 -20"><span class='ocrx_word' id='word_1_31' title='bbox 306 1636 448 1684; x_wconf 90' lang='lat' dir='ltr'><strong>mes</strong></span> <span class='ocrx_word' id='word_1_32' title='bbox 479 1614 896 1684; x_wconf 86' lang='lat' dir='ltr'><strong>Zaladiensis</strong></span> <span class='ocrx_word' id='word_1_33' title='bbox 914 1666 934 1701; x_wconf 89' lang='lat'><em>,</em></span> <span class='ocrx_word' id='word_1_34' title='bbox 986 1616 1307 1701; x_wconf 80' lang='lat' dir='ltr'><strong>Magister</strong></span> <span class='ocrx_word' id='word_1_35' title='bbox 1355 1608 1733 1688; x_wconf 83' lang='lat' dir='ltr'><strong>Felicianus</strong></span> <span class='ocrx_word' id='word_1_36' title='bbox 1764 1615 2149 1703; x_wconf 90' lang='lat' dir='ltr'><strong>Prepositus</strong></span> <span class='ocrx_word' id='word_1_37' title='bbox 2180 1617 2575 1702; x_wconf 83' lang='lat' dir='ltr'><strong>Colocensis‚</strong></span> 
     </span>
     <span class='ocr_line' id='line_1_9' title="bbox 307 1724 2572 1810; baseline 0 -18"><span class='ocrx_word' id='word_1_38' title='bbox 307 1725 562 1794; x_wconf 88' lang='lat' dir='ltr'><strong>iudices</strong></span> <span class='ocrx_word' id='word_1_39' title='bbox 593 1745 711 1810; x_wconf 89' lang='lat' dir='ltr'><strong>per</strong></span> <span class='ocrx_word' id='word_1_40' title='bbox 743 1724 1073 1792; x_wconf 89' lang='lat' dir='ltr'><strong>dominum</strong></span> <span class='ocrx_word' id='word_1_41' title='bbox 1106 1724 1348 1808; x_wconf 81' lang='lat' dir='ltr'>Regem</span> <span class='ocrx_word' id='word_1_42' title='bbox 1399 1726 1489 1792; x_wconf 88' lang='lat' dir='ltr'><strong>ad</strong></span> <span class='ocrx_word' id='word_1_43' title='bbox 1538 1726 1948 1794; x_wconf 85' lang='lat' dir='ltr'><strong>reuocandas</strong></span> <span class='ocrx_word' id='word_1_44' title='bbox 1998 1734 2212 1794; x_wconf 88' lang='lat' dir='ltr'><strong>terras</strong></span> <span class='ocrx_word' id='word_1_45' title='bbox 2264 1747 2307 1793; x_wconf 91' lang='lat' dir='ltr'><strong>a</strong></span> <span class='ocrx_word' id='word_1_46' title='bbox 2338 1726 2572 1794; x_wconf 85' lang='lat' dir='ltr'><strong>Castro</strong></span> 
     </span>
     <span class='ocr_line' id='line_1_10' title="bbox 308 1831 2575 1920; baseline 0 -21"><span class='ocrx_word' id='word_1_47' title='bbox 308 1831 690 1901; x_wconf 87' lang='lat' dir='ltr'><strong>Zaladiensi</strong></span> <span class='ocrx_word' id='word_1_48' title='bbox 722 1832 1053 1902; x_wconf 87' lang='lat' dir='ltr'><strong>alienatas</strong></span> <span class='ocrx_word' id='word_1_49' title='bbox 1088 1832 1442 1918; x_wconf 87' lang='lat' dir='ltr'><strong>constituti,</strong></span> <span class='ocrx_word' id='word_1_50' title='bbox 1497 1833 1942 1917; x_wconf 86' lang='lat' dir='ltr'><strong>significamus</strong></span> <span class='ocrx_word' id='word_1_51' title='bbox 1982 1834 2301 1920; x_wconf 89' lang='lat' dir='ltr'><strong>omnibus,</strong></span> <span class='ocrx_word' id='word_1_52' title='bbox 2340 1833 2575 1919; x_wconf 84' lang='lat' dir='ltr'><strong>quibus</strong></span> 
     </span>
     <span class='ocr_line' id='line_1_11' title="bbox 307 1933 2580 2041; baseline 0.001 -32"><span class='ocrx_word' id='word_1_53' title='bbox 307 1948 657 2027; x_wconf 78' lang='lat' dir='ltr'><strong>presentes</strong></span> <span class='ocrx_word' id='word_1_54' title='bbox 690 1941 1149 2028; x_wconf 82' lang='lat' dir='ltr'><strong>ostendentur3</strong></span> <span class='ocrx_word' id='word_1_55' title='bbox 1183 1942 1357 2028; x_wconf 89' lang='lat' dir='ltr'><strong>quod</strong></span> <span class='ocrx_word' id='word_1_56' title='bbox 1389 1962 1536 2041; x_wconf 76' lang='lat' dir='ltr'><strong>cum</strong></span> <span class='ocrx_word' id='word_1_57' title='bbox 1565 1933 1864 2010; x_wconf 83' lang='lat' dir='ltr'><strong>dominus</strong></span> <span class='ocrx_word' id='word_1_58' title='bbox 1896 1944 2037 2011; x_wconf 85' lang='lat' dir='ltr'><strong>Rex</strong></span> <span class='ocrx_word' id='word_1_59' title='bbox 2067 1943 2259 2011; x_wconf 88' lang='lat' dir='ltr'><strong>nobis</strong></span> <span class='ocrx_word' id='word_1_60' title='bbox 2289 1941 2580 2010; x_wconf 75' lang='lat' dir='ltr'><strong>dedisset</strong></span> 
     </span>
     <span class='ocr_line' id='line_1_12' title="bbox 305 2049 2568 2136; baseline 0 -19"><span class='ocrx_word' id='word_1_61' title='bbox 305 2052 376 2118; x_wconf 92' lang='lat' dir='ltr'><strong>in</strong></span> <span class='ocrx_word' id='word_1_62' title='bbox 411 2049 757 2136; x_wconf 86' lang='lat' dir='ltr'><strong>mandatis,</strong></span> <span class='ocrx_word' id='word_1_63' title='bbox 786 2059 857 2118; x_wconf 90' lang='lat' dir='ltr'><strong>ut</strong></span> <span class='ocrx_word' id='word_1_64' title='bbox 885 2071 1003 2119; x_wconf 90' lang='lat' dir='ltr'><strong>nos</strong></span> <span class='ocrx_word' id='word_1_65' title='bbox 1033 2052 1102 2118; x_wconf 92' lang='lat' dir='ltr'><strong>in</strong></span> <span class='ocrx_word' id='word_1_66' title='bbox 1135 2051 1261 2119; x_wconf 90' lang='lat' dir='ltr'><strong>fide</strong></span> <span class='ocrx_word' id='word_1_67' title='bbox 1293 2052 1433 2120; x_wconf 91' lang='lat' dir='ltr'><strong>Deo</strong></span> <span class='ocrx_word' id='word_1_68' title='bbox 1465 2057 1528 2120; x_wconf 88' lang='lat' dir='ltr'><strong>et</strong></span> <span class='ocrx_word' id='word_1_69' title='bbox 1560 2051 1813 2118; x_wconf 85' lang='lat' dir='ltr'><strong>Corone</strong></span> <span class='ocrx_word' id='word_1_70' title='bbox 1842 2051 2047 2135; x_wconf 78' lang='lat' dir='ltr'><strong>Regia</strong></span> <span class='ocrx_word' id='word_1_71' title='bbox 2095 2050 2320 2119; x_wconf 84' lang='lat' dir='ltr'><strong>debita</strong></span> <span class='ocrx_word' id='word_1_72' title='bbox 2368 2052 2568 2119; x_wconf 87' lang='lat' dir='ltr'><strong>scire-</strong></span> 
     </span>
     <span class='ocr_line' id='line_1_13' title="bbox 309 2158 2578 2247; baseline 0 -21"><span class='ocrx_word' id='word_1_73' title='bbox 309 2180 454 2226; x_wconf 90' lang='lat' dir='ltr'><strong>mus</strong></span> <span class='ocrx_word' id='word_1_74' title='bbox 487 2158 847 2245; x_wconf 84' lang='lat' dir='ltr'><strong>ueritatem,</strong></span> <span class='ocrx_word' id='word_1_75' title='bbox 911 2159 970 2226; x_wconf 90' lang='lat' dir='ltr'><strong>si</strong></span> <span class='ocrx_word' id='word_1_76' title='bbox 1021 2158 1138 2244; x_wconf 88' lang='lat' dir='ltr'><strong>filij</strong></span> <span class='ocrx_word' id='word_1_77' title='bbox 1175 2159 1415 2246; x_wconf 82' lang='lat' dir='ltr'><strong>Heym‚</strong></span> <span class='ocrx_word' id='word_1_78' title='bbox 1466 2167 1531 2228; x_wconf 91' lang='lat' dir='ltr'><strong>et</strong></span> <span class='ocrx_word' id='word_1_79' title='bbox 1559 2160 1678 2246; x_wconf 88' lang='lat' dir='ltr'><strong>filij</strong></span> <span class='ocrx_word' id='word_1_80' title='bbox 1714 2159 1959 2247; x_wconf 83' lang='lat' dir='ltr'><strong>Gheyd,</strong></span> <span class='ocrx_word' id='word_1_81' title='bbox 2013 2180 2093 2227; x_wconf 89' lang='lat' dir='ltr'><strong>ac</strong></span> <span class='ocrx_word' id='word_1_82' title='bbox 2142 2160 2259 2245; x_wconf 86' lang='lat' dir='ltr'><strong>alij</strong></span> <span class='ocrx_word' id='word_1_83' title='bbox 2312 2161 2578 2244; x_wconf 75' lang='lat' dir='ltr'><strong>cognati</strong></span> 
     </span>
     <span class='ocr_line' id='line_1_14' title="bbox 311 2266 2581 2353; baseline 0 -17"><span class='ocrx_word' id='word_1_84' title='bbox 311 2288 532 2336; x_wconf 90' lang='lat' dir='ltr'><strong>eorum</strong></span> <span class='ocrx_word' id='word_1_85' title='bbox 565 2266 648 2335; x_wconf 90' lang='lat' dir='ltr'><strong>de</strong></span> <span class='ocrx_word' id='word_1_86' title='bbox 677 2266 900 2352; x_wconf 88' lang='lat' dir='ltr'><strong>Zelch‚</strong></span> <span class='ocrx_word' id='word_1_87' title='bbox 950 2266 1034 2336; x_wconf 89' lang='lat' dir='ltr'><strong>de</strong></span> <span class='ocrx_word' id='word_1_88' title='bbox 1066 2267 1499 2336; x_wconf 89' lang='lat' dir='ltr'><strong>seruientibus</strong></span> <span class='ocrx_word' id='word_1_89' title='bbox 1532 2267 1778 2335; x_wconf 90' lang='lat' dir='ltr'><strong>domini</strong></span> <span class='ocrx_word' id='word_1_90' title='bbox 1828 2268 2028 2353; x_wconf 87' lang='lat' dir='ltr'><strong>Regis</strong></span> <span class='ocrx_word' id='word_1_91' title='bbox 2074 2269 2145 2335; x_wconf 90' lang='lat' dir='ltr'><strong>in</strong></span> <span class='ocrx_word' id='word_1_92' title='bbox 2197 2267 2581 2353; x_wconf 83' lang='lat' dir='ltr'><strong>iobagiones</strong></span> 
     </span>
     <span class='ocr_line' id='line_1_15' title="bbox 313 2377 2578 2462; baseline 0 -18"><span class='ocrx_word' id='word_1_93' title='bbox 313 2377 534 2446; x_wconf 83' lang='lat' dir='ltr'><strong>Castri</strong></span> <span class='ocrx_word' id='word_1_94' title='bbox 557 2377 974 2447; x_wconf 84' lang='lat' dir='ltr'><strong>Zaladiensis</strong></span> <span class='ocrx_word' id='word_1_95' title='bbox 1006 2377 1312 2462; x_wconf 84' lang='lat' dir='ltr'><strong>restituti,</strong></span> <span class='ocrx_word' id='word_1_96' title='bbox 1344 2377 1532 2445; x_wconf 84' lang='lat' dir='ltr'><strong>iuxta</strong></span> <span class='ocrx_word' id='word_1_97' title='bbox 1560 2378 1797 2446; x_wconf 86' lang='lat' dir='ltr'><strong>Karka</strong></span> <span class='ocrx_word' id='word_1_98' title='bbox 1826 2377 2144 2447; x_wconf 87' lang='lat' dir='ltr'><strong>haberent</strong></span> <span class='ocrx_word' id='word_1_99' title='bbox 2175 2384 2418 2446; x_wconf 89' lang='lat' dir='ltr'><strong>terram</strong></span> <span class='ocrx_word' id='word_1_100' title='bbox 2469 2377 2578 2444; x_wconf 90' lang='lat' dir='ltr'><strong>he-</strong></span> 
     </span>
     <span class='ocr_line' id='line_1_16' title="bbox 313 2485 2579 2574; baseline 0 -21"><span class='ocrx_word' id='word_1_101' title='bbox 313 2485 713 2571; x_wconf 86' lang='lat' dir='ltr'><strong>reditariam,</strong></span> <span class='ocrx_word' id='word_1_102' title='bbox 748 2493 813 2554; x_wconf 90' lang='lat' dir='ltr'><strong>et</strong></span> <span class='ocrx_word' id='word_1_103' title='bbox 844 2487 902 2553; x_wconf 91' lang='lat' dir='ltr'><strong>si</strong></span> <span class='ocrx_word' id='word_1_104' title='bbox 936 2487 1106 2555; x_wconf 89' lang='lat' dir='ltr'><strong>scire</strong></span> <span class='ocrx_word' id='word_1_105' title='bbox 1136 2505 1501 2574; x_wconf 86' lang='lat' dir='ltr'><strong>possemus,</strong></span> <span class='ocrx_word' id='word_1_106' title='bbox 1527 2486 1774 2554; x_wconf 90' lang='lat' dir='ltr'><strong>eisdem</strong></span> <span class='ocrx_word' id='word_1_107' title='bbox 1810 2507 1892 2554; x_wconf 82' lang='lat' dir='ltr'><strong>ex</strong></span> <span class='ocrx_word' id='word_1_108' title='bbox 1922 2485 2233 2553; x_wconf 86' lang='lat' dir='ltr'><strong>mandato</strong></span> <span class='ocrx_word' id='word_1_109' title='bbox 2265 2492 2330 2555; x_wconf 90' lang='lat' dir='ltr'><strong>et</strong></span> <span class='ocrx_word' id='word_1_110' title='bbox 2361 2494 2579 2554; x_wconf 89' lang='lat' dir='ltr'><strong>aucto-</strong></span> 
     </span>
     <span class='ocr_line' id='line_1_17' title="bbox 313 2595 2583 2682; baseline 0.002 -18"><span class='ocrx_word' id='word_1_111' title='bbox 313 2597 514 2664; x_wconf 88' lang='lat' dir='ltr'><strong>ritate</strong></span> <span class='ocrx_word' id='word_1_112' title='bbox 544 2595 744 2680; x_wconf 88' lang='lat' dir='ltr'><strong>Regis</strong></span> <span class='ocrx_word' id='word_1_113' title='bbox 775 2595 1260 2666; x_wconf 85' lang='lat' dir='ltr'><strong>restitueremus</strong></span> <span class='ocrx_word' id='word_1_114' title='bbox 1290 2595 1774 2682; x_wconf 82' lang='lat' dir='ltr'><strong>possidendam.</strong></span> <span class='ocrx_word' id='word_1_115' title='bbox 1865 2597 2001 2664; x_wconf 87' lang='lat' dir='ltr'><strong>Nos</strong></span> <span class='ocrx_word' id='word_1_116' title='bbox 2033 2596 2345 2665; x_wconf 85' lang='lat' dir='ltr'><strong>mandato</strong></span> <span class='ocrx_word' id='word_1_117' title='bbox 2374 2598 2583 2682; x_wconf 87' lang='lat' dir='ltr'><strong>Regio</strong></span> 
     </span>
     <span class='ocr_line' id='line_1_18' title="bbox 313 2679 2581 2792; baseline 0.001 -18"><span class='ocrx_word' id='word_1_118' title='bbox 313 2708 859 2792; x_wconf 85' lang='lat' dir='ltr'><strong>obtemperantes,</strong></span> <span class='ocrx_word' id='word_1_119' title='bbox 891 2704 1084 2772; x_wconf 90' lang='lat' dir='ltr'><strong>huius</strong></span> <span class='ocrx_word' id='word_1_120' title='bbox 1136 2707 1231 2772; x_wconf 87' lang='lat' dir='ltr'><strong>rei</strong></span> <span class='ocrx_word' id='word_1_121' title='bbox 1280 2679 1624 2773; x_wconf 68' lang='lat' dir='ltr'><strong>ueritatem</strong></span> <span class='ocrx_word' id='word_1_122' title='bbox 1653 2705 1739 2771; x_wconf 82' lang='lat' dir='ltr'><strong>ab</strong></span> <span class='ocrx_word' id='word_1_123' title='bbox 1789 2705 2088 2776; x_wconf 88' lang='lat' dir='ltr'><strong>omnibus</strong></span> <span class='ocrx_word' id='word_1_124' title='bbox 2135 2707 2464 2774; x_wconf 89' lang='lat' dir='ltr'><strong>nobilibus</strong></span> <span class='ocrx_word' id='word_1_125' title='bbox 2515 2722 2581 2777; x_wconf 89' lang='lat' dir='ltr'><strong>et</strong></span> 
     </span>
     <span class='ocr_line' id='line_1_19' title="bbox 314 2813 2588 2901; baseline 0 -18"><span class='ocrx_word' id='word_1_126' title='bbox 314 2813 734 2900; x_wconf 85' lang='lat' dir='ltr'><strong>ignobilibus,</strong></span> <span class='ocrx_word' id='word_1_127' title='bbox 767 2834 810 2880; x_wconf 88' lang='lat' dir='ltr'><strong>a</strong></span> <span class='ocrx_word' id='word_1_128' title='bbox 839 2814 1073 2899; x_wconf 88' lang='lat' dir='ltr'><strong>quibus</strong></span> <span class='ocrx_word' id='word_1_129' title='bbox 1105 2814 1492 2900; x_wconf 82' lang='lat' dir='ltr'><strong>expediebat</strong></span> <span class='ocrx_word' id='word_1_130' title='bbox 1522 2819 1589 2880; x_wconf 90' lang='lat' dir='ltr'><strong>et</strong></span> <span class='ocrx_word' id='word_1_131' title='bbox 1621 2814 1936 2900; x_wconf 82' lang='lat' dir='ltr'><strong>expedire</strong></span> <span class='ocrx_word' id='word_1_132' title='bbox 1965 2823 2239 2901; x_wconf 86' lang='lat' dir='ltr'><strong>poterat,</strong></span> <span class='ocrx_word' id='word_1_133' title='bbox 2290 2818 2490 2884; x_wconf 88' lang='lat' dir='ltr'><strong>tacite</strong></span> <span class='ocrx_word' id='word_1_134' title='bbox 2522 2825 2588 2884; x_wconf 90' lang='lat' dir='ltr'><strong>et</strong></span> 
     </span>
     <span class='ocr_line' id='line_1_20' title="bbox 315 2922 2587 3010; baseline -0 -19"><span class='ocrx_word' id='word_1_135' title='bbox 315 2922 667 2991; x_wconf 85' lang='lat' dir='ltr'><strong>manifeste</strong></span> <span class='ocrx_word' id='word_1_136' title='bbox 697 2944 813 3008; x_wconf 89' lang='lat' dir='ltr'><strong>per</strong></span> <span class='ocrx_word' id='word_1_137' title='bbox 842 2924 1119 2991; x_wconf 88' lang='lat' dir='ltr'><strong>subtiles</strong></span> <span class='ocrx_word' id='word_1_138' title='bbox 1150 2924 1620 3008; x_wconf 87' lang='lat' dir='ltr'><strong>inquisiciones</strong></span> <span class='ocrx_word' id='word_1_139' title='bbox 1652 2922 1966 2991; x_wconf 81' lang='lat' dir='ltr'><strong>sciuimus</strong></span> <span class='ocrx_word' id='word_1_140' title='bbox 1999 2925 2346 3009; x_wconf 87' lang='lat' dir='ltr'><strong>ueraciter,</strong></span> <span class='ocrx_word' id='word_1_141' title='bbox 2377 2924 2587 3010; x_wconf 86' lang='lat' dir='ltr'><strong>(quod</strong></span> 
     </span>
     <span class='ocr_line' id='line_1_21' title="bbox 318 3030 2588 3120; baseline 0 -21"><span class='ocrx_word' id='word_1_142' title='bbox 318 3030 508 3120; x_wconf 86' lang='lat' dir='ltr'><strong>dicti)</strong></span> <span class='ocrx_word' id='word_1_143' title='bbox 542 3031 662 3118; x_wconf 85' lang='lat' dir='ltr'><strong>filij</strong></span> <span class='ocrx_word' id='word_1_144' title='bbox 696 3032 907 3119; x_wconf 82' lang='lat' dir='ltr'><strong>Heym</strong></span> <span class='ocrx_word' id='word_1_145' title='bbox 940 3041 1006 3100; x_wconf 92' lang='lat' dir='ltr'><strong>et</strong></span> <span class='ocrx_word' id='word_1_146' title='bbox 1036 3032 1154 3117; x_wconf 87' lang='lat' dir='ltr'><strong>filij</strong></span> <span class='ocrx_word' id='word_1_147' title='bbox 1189 3031 1435 3117; x_wconf 84' lang='lat' dir='ltr'><strong>Cheyd,</strong></span> <span class='ocrx_word' id='word_1_148' title='bbox 1486 3051 1566 3097; x_wconf 88' lang='lat' dir='ltr'><strong>ac</strong></span> <span class='ocrx_word' id='word_1_149' title='bbox 1597 3032 1714 3117; x_wconf 90' lang='lat' dir='ltr'><strong>alij</strong></span> <span class='ocrx_word' id='word_1_150' title='bbox 1750 3031 1833 3099; x_wconf 93' lang='lat' dir='ltr'><strong>de</strong></span> <span class='ocrx_word' id='word_1_151' title='bbox 1861 3031 2088 3114; x_wconf 89' lang='lat' dir='ltr'><strong>Zelch‚</strong></span> <span class='ocrx_word' id='word_1_152' title='bbox 2134 3032 2321 3099; x_wconf 88' lang='lat' dir='ltr'><strong>iuxta</strong></span> <span class='ocrx_word' id='word_1_153' title='bbox 2356 3034 2588 3099; x_wconf 84' lang='lat' dir='ltr'><strong>Karka</strong></span> 
     </span>
     <span class='ocr_line' id='line_1_22' title="bbox 318 3137 2589 3226; baseline 0 -19"><span class='ocrx_word' id='word_1_154' title='bbox 318 3148 565 3209; x_wconf 87' lang='lat' dir='ltr'><strong>terram</strong></span> <span class='ocrx_word' id='word_1_155' title='bbox 598 3140 913 3209; x_wconf 89' lang='lat' dir='ltr'><strong>haberent</strong></span> <span class='ocrx_word' id='word_1_156' title='bbox 945 3139 1407 3208; x_wconf 84' lang='lat' dir='ltr'><strong>hereditariam</strong></span> <span class='ocrx_word' id='word_1_157' title='bbox 1428 3190 1448 3225; x_wconf 87' lang='lat'><em>,</em></span> <span class='ocrx_word' id='word_1_158' title='bbox 1483 3145 1549 3205; x_wconf 87' lang='lat' dir='ltr'><strong>et</strong></span> <span class='ocrx_word' id='word_1_159' title='bbox 1578 3137 2012 3224; x_wconf 87' lang='lat' dir='ltr'><strong>possederunt</strong></span> <span class='ocrx_word' id='word_1_160' title='bbox 2061 3142 2147 3207; x_wconf 90' lang='lat' dir='ltr'><strong>ab</strong></span> <span class='ocrx_word' id='word_1_161' title='bbox 2177 3141 2468 3226; x_wconf 88' lang='lat' dir='ltr'><strong>antiquo,</strong></span> <span class='ocrx_word' id='word_1_162' title='bbox 2524 3151 2589 3209; x_wconf 87' lang='lat' dir='ltr'><strong>et</strong></span> 
     </span>
     <span class='ocr_line' id='line_1_23' title="bbox 323 3248 2585 3336; baseline 0 -18"><span class='ocrx_word' id='word_1_163' title='bbox 323 3251 534 3319; x_wconf 90' lang='lat' dir='ltr'><strong>eciam</strong></span> <span class='ocrx_word' id='word_1_164' title='bbox 566 3249 796 3318; x_wconf 87' lang='lat' dir='ltr'><strong>eadem</strong></span> <span class='ocrx_word' id='word_1_165' title='bbox 828 3256 1005 3317; x_wconf 87' lang='lat' dir='ltr'><strong>terra</strong></span> <span class='ocrx_word' id='word_1_166' title='bbox 1032 3248 1198 3335; x_wconf 90' lang='lat' dir='ltr'><strong>ipsis</strong></span> <span class='ocrx_word' id='word_1_167' title='bbox 1231 3248 1313 3316; x_wconf 88' lang='lat' dir='ltr'><strong>de</strong></span> <span class='ocrx_word' id='word_1_168' title='bbox 1343 3248 1541 3315; x_wconf 91' lang='lat' dir='ltr'><strong>Zelch</strong></span> <span class='ocrx_word' id='word_1_169' title='bbox 1589 3254 1883 3334; x_wconf 90' lang='lat' dir='ltr'><strong>tempore</strong></span> <span class='ocrx_word' id='word_1_170' title='bbox 1935 3248 2386 3317; x_wconf 89' lang='lat' dir='ltr'><strong>reuocacionis</strong></span> <span class='ocrx_word' id='word_1_171' title='bbox 2437 3270 2585 3336; x_wconf 91' lang='lat' dir='ltr'><strong>per·</strong></span> 
     </span>
     <span class='ocr_line' id='line_1_24' title="bbox 322 3355 2592 3446; baseline 0 -18"><span class='ocrx_word' id='word_1_172' title='bbox 322 3359 720 3446; x_wconf 85' lang='lat' dir='ltr'><strong>petuitatum</strong></span> <span class='ocrx_word' id='word_1_173' title='bbox 752 3378 872 3445; x_wconf 92' lang='lat' dir='ltr'><strong>per</strong></span> <span class='ocrx_word' id='word_1_174' title='bbox 903 3357 1243 3426; x_wconf 80' lang='lat' dir='ltr'><strong>duodecim</strong></span> <span class='ocrx_word' id='word_1_175' title='bbox 1293 3356 1545 3425; x_wconf 90' lang='lat' dir='ltr'><strong>indices</strong></span> <span class='ocrx_word' id='word_1_176' title='bbox 1577 3378 1620 3423; x_wconf 86' lang='lat' dir='ltr'><strong>a</strong></span> <span class='ocrx_word' id='word_1_177' title='bbox 1668 3356 1947 3427; x_wconf 88' lang='lat' dir='ltr'><strong>domino</strong></span> <span class='ocrx_word' id='word_1_178' title='bbox 1983 3359 2166 3444; x_wconf 88' lang='lat' dir='ltr'><strong>Rege</strong></span> <span class='ocrx_word' id='word_1_179' title='bbox 2216 3355 2592 3446; x_wconf 89' lang='lat' dir='ltr'><strong>(deputatos</strong></span> 
     </span>
     <span class='ocr_line' id='line_1_25' title="bbox 324 3466 2589 3558; baseline 0 -22"><span class='ocrx_word' id='word_1_180' title='bbox 324 3472 411 3538; x_wconf 86' lang='lat' dir='ltr'><strong>ab</strong></span> <span class='ocrx_word' id='word_1_181' title='bbox 447 3467 660 3558; x_wconf 87' lang='lat' dir='ltr'><strong>Oguz)</strong></span> <span class='ocrx_word' id='word_1_182' title='bbox 695 3470 894 3553; x_wconf 83' lang='lat' dir='ltr'><strong>Bano,</strong></span> <span class='ocrx_word' id='word_1_183' title='bbox 931 3467 1042 3553; x_wconf 90' lang='lat' dir='ltr'><strong>qui</strong></span> <span class='ocrx_word' id='word_1_184' title='bbox 1075 3467 1350 3535; x_wconf 85' lang='lat' dir='ltr'><strong>eandem</strong></span> <span class='ocrx_word' id='word_1_185' title='bbox 1384 3474 1623 3534; x_wconf 85' lang='lat' dir='ltr'><strong>terram</strong></span> <span class='ocrx_word' id='word_1_186' title='bbox 1676 3470 1761 3536; x_wconf 90' lang='lat' dir='ltr'><strong>ab</strong></span> <span class='ocrx_word' id='word_1_187' title='bbox 1813 3466 2062 3535; x_wconf 87' lang='lat' dir='ltr'><strong>eisdem</strong></span> <span class='ocrx_word' id='word_1_188' title='bbox 2110 3468 2435 3537; x_wconf 90' lang='lat' dir='ltr'><strong>uiolenter</strong></span> <span class='ocrx_word' id='word_1_189' title='bbox 2485 3490 2589 3537; x_wconf 84' lang='lat' dir='ltr'><strong>ac-</strong></span> 
     </span>
     <span class='ocr_line' id='line_1_26' title="bbox 326 3575 2592 3667; baseline 0 -20"><span class='ocrx_word' id='word_1_190' title='bbox 326 3587 584 3667; x_wconf 90' lang='lat' dir='ltr'><strong>ceptam</strong></span> <span class='ocrx_word' id='word_1_191' title='bbox 619 3579 975 3664; x_wconf 86' lang='lat' dir='ltr'><strong>detinebat,</strong></span> <span class='ocrx_word' id='word_1_192' title='bbox 1002 3577 1319 3666; x_wconf 79' lang='lat' dir='ltr'><strong>predictis</strong></span> <span class='ocrx_word' id='word_1_193' title='bbox 1350 3576 1433 3647; x_wconf 90' lang='lat' dir='ltr'><strong>de</strong></span> <span class='ocrx_word' id='word_1_194' title='bbox 1462 3575 1662 3646; x_wconf 89' lang='lat' dir='ltr'><strong>Zelch</strong></span> <span class='ocrx_word' id='word_1_195' title='bbox 1712 3577 1928 3646; x_wconf 87' lang='lat' dir='ltr'><strong>fuerat</strong></span> <span class='ocrx_word' id='word_1_196' title='bbox 1976 3579 2296 3648; x_wconf 84' lang='lat' dir='ltr'><strong>restituta.</strong></span> <span class='ocrx_word' id='word_1_197' title='bbox 2380 3579 2592 3660; x_wconf 83' lang='lat' dir='ltr'><strong>Quam</strong></span> 
     </span>
     <span class='ocr_line' id='line_1_27' title="bbox 327 3687 2595 3776; baseline 0 -19"><span class='ocrx_word' id='word_1_198' title='bbox 327 3710 447 3758; x_wconf 90' lang='lat' dir='ltr'><strong>nos</strong></span> <span class='ocrx_word' id='word_1_199' title='bbox 492 3694 719 3776; x_wconf 87' lang='lat' dir='ltr'><strong>utpote</strong></span> <span class='ocrx_word' id='word_1_200' title='bbox 750 3687 833 3757; x_wconf 88' lang='lat' dir='ltr'><strong>de</strong></span> <span class='ocrx_word' id='word_1_201' title='bbox 861 3689 1002 3758; x_wconf 89' lang='lat' dir='ltr'><strong>iure</strong></span> <span class='ocrx_word' id='word_1_202' title='bbox 1030 3689 1253 3757; x_wconf 80' lang='lat' dir='ltr'><strong>facere</strong></span> <span class='ocrx_word' id='word_1_203' title='bbox 1281 3691 1694 3775; x_wconf 87' lang='lat' dir='ltr'><strong>tennbamur,</strong></span> <span class='ocrx_word' id='word_1_204' title='bbox 1728 3708 1812 3755; x_wconf 84' lang='lat' dir='ltr'><strong>ex</strong></span> <span class='ocrx_word' id='word_1_205' title='bbox 1841 3688 2117 3774; x_wconf 87' lang='lat' dir='ltr'><strong>speciali</strong></span> <span class='ocrx_word' id='word_1_206' title='bbox 2137 3688 2450 3757; x_wconf 88' lang='lat' dir='ltr'><strong>mandato</strong></span> <span class='ocrx_word' id='word_1_207' title='bbox 2484 3690 2595 3757; x_wconf 83' lang='lat' dir='ltr'><strong>do·</strong></span> 
     </span>
     <span class='ocr_line' id='line_1_28' title="bbox 327 3796 2598 3886; baseline -0 -21"><span class='ocrx_word' id='word_1_208' title='bbox 327 3799 491 3867; x_wconf 91' lang='lat' dir='ltr'><strong>mini</strong></span> <span class='ocrx_word' id='word_1_209' title='bbox 522 3797 721 3883; x_wconf 81' lang='lat' dir='ltr'><strong>Regis</strong></span> <span class='ocrx_word' id='word_1_210' title='bbox 757 3806 821 3868; x_wconf 88' lang='lat' dir='ltr'><strong>et</strong></span> <span class='ocrx_word' id='word_1_211' title='bbox 838 3798 1229 3868; x_wconf 83' lang='lat' dir='ltr'><strong>auctoritate</strong></span> <span class='ocrx_word' id='word_1_212' title='bbox 1263 3797 1642 3886; x_wconf 88' lang='lat' dir='ltr'><strong>sepedicitis</strong></span> <span class='ocrx_word' id='word_1_213' title='bbox 1674 3797 1835 3884; x_wconf 88' lang='lat' dir='ltr'><strong>filijs</strong></span> <span class='ocrx_word' id='word_1_214' title='bbox 1853 3796 2064 3884; x_wconf 82' lang='lat' dir='ltr'><strong>Heym</strong></span> <span class='ocrx_word' id='word_1_215' title='bbox 2086 3803 2153 3864; x_wconf 88' lang='lat' dir='ltr'><strong>et</strong></span> <span class='ocrx_word' id='word_1_216' title='bbox 2171 3798 2330 3883; x_wconf 87' lang='lat' dir='ltr'><strong>filijs</strong></span> <span class='ocrx_word' id='word_1_217' title='bbox 2351 3796 2598 3885; x_wconf 83' lang='lat' dir='ltr'><strong>Gheyd‚</strong></span> 
     </span>
     <span class='ocr_line' id='line_1_29' title="bbox 330 3903 2601 3996; baseline -0.002 -21"><span class='ocrx_word' id='word_1_218' title='bbox 330 3903 441 3992; x_wconf 88' lang='lat' dir='ltr'><strong>(ac</strong></span> <span class='ocrx_word' id='word_1_219' title='bbox 473 3905 659 3996; x_wconf 84' lang='lat' dir='ltr'><strong>alijs)</strong></span> <span class='ocrx_word' id='word_1_220' title='bbox 696 3906 780 3975; x_wconf 91' lang='lat' dir='ltr'><strong>de</strong></span> <span class='ocrx_word' id='word_1_221' title='bbox 809 3907 1009 3975; x_wconf 87' lang='lat' dir='ltr'><strong>Zelch</strong></span> <span class='ocrx_word' id='word_1_222' title='bbox 1040 3906 1445 3976; x_wconf 84' lang='lat' dir='ltr'><strong>restituimus</strong></span> <span class='ocrx_word' id='word_1_223' title='bbox 1483 3913 1547 3974; x_wconf 86' lang='lat' dir='ltr'><strong>et</strong></span> <span class='ocrx_word' id='word_1_224' title='bbox 1580 3905 1966 3991; x_wconf 88' lang='lat' dir='ltr'><strong>reliquimus</strong></span> <span class='ocrx_word' id='word_1_225' title='bbox 2017 3906 2157 3973; x_wconf 88' lang='lat' dir='ltr'><strong>iure</strong></span> <span class='ocrx_word' id='word_1_226' title='bbox 2208 3906 2601 3976; x_wconf 89' lang='lat' dir='ltr'><strong>hereditario</strong></span> 
     </span>
     <span class='ocr_line' id='line_1_30' title="bbox 330 4014 2597 4104; baseline -0.001 -18"><span class='ocrx_word' id='word_1_227' title='bbox 330 4023 653 4104; x_wconf 87' lang='lat' dir='ltr'><strong>perpetuo</strong></span> <span class='ocrx_word' id='word_1_228' title='bbox 684 4015 1189 4104; x_wconf 87' lang='lat' dir='ltr'><strong>possidendam,</strong></span> <span class='ocrx_word' id='word_1_229' title='bbox 1238 4014 1772 4083; x_wconf 84' lang='lat' dir='ltr'><strong>contradiccione</strong></span> <span class='ocrx_word' id='word_1_230' title='bbox 1821 4014 2049 4100; x_wconf 87' lang='lat' dir='ltr'><strong>aliqua</strong></span> <span class='ocrx_word' id='word_1_231' title='bbox 2098 4035 2228 4082; x_wconf 90' lang='lat' dir='ltr'><strong>non</strong></span> <span class='ocrx_word' id='word_1_232' title='bbox 2276 4017 2597 4086; x_wconf 88' lang='lat' dir='ltr'><strong>obstante.</strong></span> 
     </span>
     <span class='ocr_line' id='line_1_31' title="bbox 335 4121 2603 4213; baseline 0.001 -21"><span class='ocrx_word' id='word_1_233' title='bbox 335 4125 540 4213; x_wconf 88' lang='lat' dir='ltr'><strong>Cujus</strong></span> <span class='ocrx_word' id='word_1_234' title='bbox 573 4124 895 4212; x_wconf 90' lang='lat' dir='ltr'><strong>siquidem</strong></span> <span class='ocrx_word' id='word_1_235' title='bbox 925 4132 1100 4195; x_wconf 86' lang='lat' dir='ltr'><strong>terre</strong></span> <span class='ocrx_word' id='word_1_236' title='bbox 1148 4124 1361 4212; x_wconf 87' lang='lat' dir='ltr'><strong>prima</strong></span> <span class='ocrx_word' id='word_1_237' title='bbox 1412 4129 1584 4191; x_wconf 89' lang='lat' dir='ltr'><strong>meta</strong></span> <span class='ocrx_word' id='word_1_238' title='bbox 1635 4122 1865 4209; x_wconf 78' lang='lat' dir='ltr'><strong>incipit</strong></span> <span class='ocrx_word' id='word_1_239' title='bbox 1913 4121 1993 4191; x_wconf 89' lang='lat' dir='ltr'><strong>de</strong></span> <span class='ocrx_word' id='word_1_240' title='bbox 2041 4125 2248 4211; x_wconf 87' lang='lat' dir='ltr'><strong>plaga</strong></span> <span class='ocrx_word' id='word_1_241' title='bbox 2298 4126 2603 4194; x_wconf 89' lang='lat' dir='ltr'><strong>orientali</strong></span> 
     </span>
     <span class='ocr_line' id='line_1_32' title="bbox 334 4231 2604 4320; baseline 0.001 -20"><span class='ocrx_word' id='word_1_242' title='bbox 334 4233 403 4300; x_wconf 89' lang='lat' dir='ltr'><strong>in</strong></span> <span class='ocrx_word' id='word_1_243' title='bbox 453 4233 654 4301; x_wconf 87' lang='lat' dir='ltr'><strong>fluuio</strong></span> <span class='ocrx_word' id='word_1_244' title='bbox 705 4233 939 4302; x_wconf 87' lang='lat' dir='ltr'><strong>Karka</strong></span> <span class='ocrx_word' id='word_1_245' title='bbox 957 4283 979 4320; x_wconf 86' lang='lat'><em>,</em></span> <span class='ocrx_word' id='word_1_246' title='bbox 1031 4240 1097 4302; x_wconf 90' lang='lat' dir='ltr'><strong>et</strong></span> <span class='ocrx_word' id='word_1_247' title='bbox 1147 4231 1446 4300; x_wconf 85' lang='lat' dir='ltr'><strong>exeundo</strong></span> <span class='ocrx_word' id='word_1_248' title='bbox 1499 4231 1583 4299; x_wconf 87' lang='lat' dir='ltr'><strong>de</strong></span> <span class='ocrx_word' id='word_1_249' title='bbox 1632 4249 1897 4300; x_wconf 77' lang='lat' dir='ltr'><strong>nemore</strong></span> <span class='ocrx_word' id='word_1_250' title='bbox 1947 4233 2178 4300; x_wconf 87' lang='lat' dir='ltr'><strong>Karka</strong></span> <span class='ocrx_word' id='word_1_251' title='bbox 2223 4233 2471 4303; x_wconf 81' lang='lat' dir='ltr'><strong>directe</strong></span> <span class='ocrx_word' id='word_1_252' title='bbox 2517 4234 2604 4303; x_wconf 87' lang='lat' dir='ltr'><strong>ad</strong></span> 
     </span>
     <span class='ocr_line' id='line_1_33' title="bbox 336 4337 2603 4429; baseline -0.001 -18"><span class='ocrx_word' id='word_1_253' title='bbox 336 4341 744 4411; x_wconf 88' lang='lat' dir='ltr'><strong>occidentem</strong></span> <span class='ocrx_word' id='word_1_254' title='bbox 775 4342 965 4410; x_wconf 85' lang='lat' dir='ltr'><strong>iuxta</strong></span> <span class='ocrx_word' id='word_1_255' title='bbox 992 4359 1222 4409; x_wconf 88' lang='lat' dir='ltr'><strong>nemus</strong></span> <span class='ocrx_word' id='word_1_256' title='bbox 1253 4340 1322 4407; x_wconf 92' lang='lat' dir='ltr'><strong>in</strong></span> <span class='ocrx_word' id='word_1_257' title='bbox 1352 4346 1544 4427; x_wconf 88' lang='lat' dir='ltr'><strong>prato</strong></span> <span class='ocrx_word' id='word_1_258' title='bbox 1576 4346 1732 4407; x_wconf 86' lang='lat' dir='ltr'><strong>sunt</strong></span> <span class='ocrx_word' id='word_1_259' title='bbox 1764 4337 1891 4407; x_wconf 77' lang='lat' dir='ltr'><strong>(lue</strong></span> <span class='ocrx_word' id='word_1_260' title='bbox 1922 4346 2094 4409; x_wconf 91' lang='lat' dir='ltr'><strong>mete</strong></span> <span class='ocrx_word' id='word_1_261' title='bbox 2123 4347 2337 4428; x_wconf 87' lang='lat' dir='ltr'><strong>terre;</strong></span> <span class='ocrx_word' id='word_1_262' title='bbox 2389 4362 2433 4408; x_wconf 86' lang='lat' dir='ltr'><strong>a</strong></span> <span class='ocrx_word' id='word_1_263' title='bbox 2465 4342 2603 4429; x_wconf 92' lang='lat' dir='ltr'><strong>qui-</strong></span> 
     </span>
     <span class='ocr_line' id='line_1_34' title="bbox 331 4445 2608 4537; baseline -0.001 -17"><span class='ocrx_word' id='word_1_264' title='bbox 331 4453 461 4520; x_wconf 88' lang='lat' dir='ltr'><strong>bus</strong></span> <span class='ocrx_word' id='word_1_265' title='bbox 509 4448 727 4518; x_wconf 85' lang='lat' dir='ltr'><strong>adhuc</strong></span> <span class='ocrx_word' id='word_1_266' title='bbox 776 4449 863 4517; x_wconf 87' lang='lat' dir='ltr'><strong>ad</strong></span> <span class='ocrx_word' id='word_1_267' title='bbox 916 4448 1393 4518; x_wconf 84' lang='lat' dir='ltr'><strong>occidentalem</strong></span> <span class='ocrx_word' id='word_1_268' title='bbox 1445 4449 1712 4536; x_wconf 85' lang='lat' dir='ltr'><strong>plagam</strong></span> <span class='ocrx_word' id='word_1_269' title='bbox 1765 4446 1835 4514; x_wconf 90' lang='lat' dir='ltr'><strong>in</strong></span> <span class='ocrx_word' id='word_1_270' title='bbox 1886 4445 2084 4515; x_wconf 89' lang='lat' dir='ltr'><strong>dumo</strong></span> <span class='ocrx_word' id='word_1_271' title='bbox 2116 4472 2269 4537; x_wconf 63' lang='grc' dir='ltr'><strong>εφη·</strong></span> <span class='ocrx_word' id='word_1_272' title='bbox 2298 4456 2451 4517; x_wconf 90' lang='lat' dir='ltr'><strong>sunt</strong></span> <span class='ocrx_word' id='word_1_273' title='bbox 2481 4449 2608 4517; x_wconf 88' lang='lat' dir='ltr'><strong>due</strong></span> 
     </span>
     <span class='ocr_line' id='line_1_35' title="bbox 339 4554 2608 4648; baseline -0.001 -21"><span class='ocrx_word' id='word_1_274' title='bbox 339 4567 548 4646; x_wconf 80' lang='lat' dir='ltr'><strong>mete3</strong></span> <span class='ocrx_word' id='word_1_275' title='bbox 581 4566 647 4628; x_wconf 93' lang='lat' dir='ltr'><strong>et</strong></span> <span class='ocrx_word' id='word_1_276' title='bbox 678 4559 1094 4648; x_wconf 90' lang='lat' dir='ltr'><strong>procedendo</strong></span> <span class='ocrx_word' id='word_1_277' title='bbox 1124 4559 1360 4627; x_wconf 88' lang='lat' dir='ltr'><strong>iterum</strong></span> <span class='ocrx_word' id='word_1_278' title='bbox 1392 4558 1479 4627; x_wconf 89' lang='lat' dir='ltr'><strong>ad</strong></span> <span class='ocrx_word' id='word_1_279' title='bbox 1509 4554 1910 4624; x_wconf 90' lang='lat' dir='ltr'><strong>occidentem</strong></span> <span class='ocrx_word' id='word_1_280' title='bbox 1945 4557 2014 4623; x_wconf 90' lang='lat' dir='ltr'><strong>in</strong></span> <span class='ocrx_word' id='word_1_281' title='bbox 2047 4556 2242 4624; x_wconf 89' lang='lat' dir='ltr'><strong>dumo</strong></span> <span class='ocrx_word' id='word_1_282' title='bbox 2270 4581 2424 4645; x_wconf 67' lang='lat' dir='ltr'><strong>eyter</strong></span> <span class='ocrx_word' id='word_1_283' title='bbox 2453 4566 2608 4626; x_wconf 90' lang='lat' dir='ltr'><strong>sunt</strong></span> 
     </span>
     <span class='ocr_line' id='line_1_36' title="bbox 333 4662 2605 4755; baseline 0 -20"><span class='ocrx_word' id='word_1_284' title='bbox 333 4668 458 4736; x_wconf 85' lang='lat' dir='ltr'><strong>dur</strong></span> <span class='ocrx_word' id='word_1_285' title='bbox 495 4674 702 4755; x_wconf 86' lang='lat' dir='ltr'><strong>mete;</strong></span> <span class='ocrx_word' id='word_1_286' title='bbox 738 4668 978 4737; x_wconf 90' lang='lat' dir='ltr'><strong>abinde</strong></span> <span class='ocrx_word' id='word_1_287' title='bbox 1008 4668 1255 4736; x_wconf 87' lang='lat' dir='ltr'><strong>directe</strong></span> <span class='ocrx_word' id='word_1_288' title='bbox 1285 4665 1608 4736; x_wconf 88' lang='lat' dir='ltr'><strong>ueniendo</strong></span> <span class='ocrx_word' id='word_1_289' title='bbox 1643 4663 1729 4732; x_wconf 89' lang='lat' dir='ltr'><strong>ad</strong></span> <span class='ocrx_word' id='word_1_290' title='bbox 1761 4662 2160 4732; x_wconf 90' lang='lat' dir='ltr'><strong>occidentem</strong></span> <span class='ocrx_word' id='word_1_291' title='bbox 2216 4666 2402 4734; x_wconf 84' lang='lat' dir='ltr'><strong>iuxta</strong></span> <span class='ocrx_word' id='word_1_292' title='bbox 2431 4666 2605 4735; x_wconf 89' lang='lat' dir='ltr'><strong>uiam</strong></span> 
     </span>
    </p>
   </div>
  </div>
 </body>
</html>
