3359 5250
1833 331 1922 397 64

745 527 985 598 Fen-eo
1016 527 1247 596 Castro
1294 527 1634 596 existente.
1686 529 1828 595 Hoc
1858 534 2345 597 sacramentum
2393 527 2738 615 prestitum
2768 536 2870 596 est
2900 549 3009 596 co-

744 656 885 704 ram
934 636 1196 704 homine
1225 635 1514 721 Capituli
1544 636 1772 702 Sancti
1803 635 2145 704 Michaelis
2198 632 2285 702 de
2313 637 2555 706 Ferreo
2587 633 2843 722 Castro,
2876 637 3011 703 An·

745 744 906 811 drea
935 741 1243 811 videlicet
1290 743 1668 826 sacerdote3
1724 748 1934 810 metas
1991 749 2212 811 autem
2259 764 2490 812 uersus
2540 751 2784 812 terram
2830 745 3015 812 Buza

746 850 1123 937 existentes,
1174 871 1342 935 quas
1371 850 1598 937 populi
1648 850 1730 917 de
1765 850 2089 919 Curmend
2117 871 2273 918 suas
2330 872 2478 921 esse
2518 851 2842 937 dicebant,
2891 873 3015 940 per

744 979 911 1043 quas
941 964 1119 1026 terra
1148 978 1271 1025 sua
1301 978 1344 1024 a
1372 957 1565 1025 terris
1615 965 2036 1043 cognatorum
2066 977 2327 1028 suorum
2390 966 2755 1048 separatur,
2806 959 3015 1027 mani·

744 1065 913 1135 feste
943 1064 1412 1153 comprobauit.

743 1261 1018 1332 (Eredetie
1042 1259 1388 1329 bBrhArtyan,
1414 1278 1449 1314 a
1483 1261 1934 1333 hartyazsinegen
1970 1266 2186 1333 fliggutt
2221 1263 2407 1334 peccet
2437 1267 2716 1331 elveszett,
2740 1282 2775 1319 a
2799 1263 3012 1319 famelt.

1284 1351 1515 1419 herczeg
1532 1353 1827 1422 Batthyani
1852 1353 2035 1408 csalad
2058 1350 2470 1426 leveltaraban.)

1609 1635 2136 1657 ———-——-k-

1823 2102 1937 2172 42.

752 2280 814 2346 A
844 2282 1028 2369 qyliri
1058 2281 1503 2368 kdptalammk
1521 2278 2061 2370 bizonysriqleveze,
2100 2280 2259 2368 koqy
2289 2302 2368 2345 az
2395 2283 2528 2346 &rei
2554 2283 2829 2347 neme-sele
2851 2267 3001 2349 ὅτε·

752 2390 869 2456 ben
900 2389 1041 2456 261>ss
1085 2390 1444 2457 bivwkukat
1490 2413 1570 2455 az
1611 2390 1724 2457 ose
1768 2388 2423 2476 nemzetseybclieknck
2471 2386 2751 2455 ezadtdk.
2807 2391 3005 2456 1238.

1470 2546 2296 2617 ABODE

970 2711 1311 2779 Vniuersis
1343 2731 1618 2798 presens
1659 2711 1969 2798 scriptum
2019 2708 2407 2795 inspecturis
2439 2708 2812 2798 Capitulum
2844 2711 3007 2780 Gen-

757 2814 990 2882 riensis
1012 2817 1309 2884 Ecclesie
1340 2817 1618 2885 salntem
1651 2817 1720 2883 in
1741 2816 2041 2885 Domino.
2081 2815 2188 2882 Ad
2216 2818 2665 2885 vniuersorum
2697 2818 3005 2888 noticiam

755 2924 1058 2990 volumus
1087 2924 1452 3010 peruenire,
1499 2924 1674 3009 quod
1703 2924 2131 2991 accendentes
2162 2923 2250 2991 ad
2279 2931 2566 2992 nostram
2599 2927 3004 3012 presenciam

760 3037 878 3105 Osl
919 3040 1172 3121 Comes,
1208 3038 1441 3105 Comes
1477 3036 1858 3121 Nicholaus,
1891 3035 2127 3106 Comes
2165 3037 2545 3105 Geuriensis
2577 3039 2896 3123 Herboth,
2945 3042 3011 3103 et

754 3143 1088 3212 Johannes
1140 3164 1286 3211 cum
1318 3142 1470 3210 filiis
1501 3142 1710 3211 Belud
1741 3142 2016 3211 Comitis
2067 3164 2150 3210 ex
2199 3151 2386 3229 parte
2417 3165 2566 3230 una,
2619 3154 2685 3212 et
2713 3144 3006 3214 Theodo-

754 3251 911 3335 rius,
943 3250 1256 3335 Thomas,
1290 3250 1574 3335 Thyuka
1624 3250 1708 3318 de
1738 3250 1900 3317 villa
1929 3250 2054 3317 Vrs
2103 3270 2186 3317 ex
2234 3258 2421 3336 parte
2471 3251 2683 3318 altera
2728 3252 3009 3320 confessi

759 3365 914 3425 sunt
941 3377 1160 3424 coram
1191 3359 1401 3444 nobis,
1450 3359 1627 3444 quod
1658 3357 1815 3426 dicti
1845 3358 2271 3446 Theodorias,
2303 3358 2590 3427 Thomas
2627 3365 2694 3427 et
2723 3361 3011 3447 Thyuka

762 3462 1212 3533 vendidissent
1232 3465 1607 3532 memoratis
1626 3466 1766 3550 Osl,
1799 3465 2032 3534 Comiti
2050 3466 2393 3553 Nicholao,
2427 3467 2663 3536 Comiti
2691 3468 3007 3556 Herboth,

758 3579 823 3640 et
852 3572 1145 3640 Johanni
1194 3592 1339 3639 cum
1369 3572 1522 3640 filiis
1554 3572 1766 3640 Belud
1812 3595 1932 3660 pro
1962 3574 2197 3660 viginti
2225 3582 2291 3641 et
2321 3593 2439 3641 sex
2486 3574 2725 3643 marcis
2756 3575 2888 3644 iam
2921 3575 3010 3643 ad

758 3682 1021 3768 plenum
1073 3681 1202 3748 sibi
1235 3681 1608 3767 persolutis,
1659 3680 1830 3748 sicut
1862 3682 2189 3769 dicebant,
2241 3691 2483 3750 terram
2534 3685 2865 3768 quandam
2895 3686 3010 3753 dn·

757 3796 952 3856 centa
999 3795 1066 3856 et
1114 3790 1464 3875 sexaginta
1509 3788 1743 3874 iugera
1793 3789 2225 3858 continentem
2248 3840 2266 3875 ,
2319 3810 2515 3875 quam
2566 3792 2635 3858 in
2683 3792 3009 3864 territorio

756 3897 1207 3984 prenominate
1237 3898 1394 3964 ville
1423 3898 1549 3964 Vrs
1600 3905 1916 3983 tanquam
1946 3918 2133 3965 suam
2167 3895 2582 3988 (habebant),
2634 3901 2703 3967 in
2734 3922 2899 3988 pace
2947 3910 3014 3970 et

757 4007 1008 4089 absque
1057 4004 1194 4072 ulla
1247 4005 1624 4092 calumpnia
1661 4013 1977 4092 perpetuo
2029 4005 2514 4092 possidendam.
2566 4006 2643 4073 In
2683 4008 2865 4076 cuius
2915 4011 3012 4077 rei

755 4113 1198 4180 testimonium
1249 4133 1371 4180 nos
1403 4113 1490 4180 ad
1517 4114 1906 4201 peticionem
1937 4115 2274 4201 utriusque
2325 4116 2534 4200 partis
2575 4118 3014 4187 concessimus

754 4229 1089 4308 presentes
1119 4221 1373 4288 litteras
1423 4221 1645 4307 sigillo
1678 4222 1967 4310 Capituli
2002 4224 2206 4291 nostri
2238 4224 2601 4293 roboratas.
2659 4225 2849 4293 Anno
2883 4228 3012 4296 Do-

619 4408 626 4415 ·
756 4329 916 4396 mini
946 4332 1037 4395 Μ’
1057 4327 1188 4397 00⁰
1205 4328 1428 4398 XXX⁰
1445 4335 1699 4397 octavo.

962 4508 1063 4573 (Aa
1089 4509 1288 4561 eredeti
1316 4507 1446 4561 utan
1471 4511 1632 4577 Nagy
1656 4510 1814 4575 Imre,
1840 4511 2019 4563 nazal
2044 4508 2386 4579 Okmknytas
2412 4514 2457 4564 Ι.
2485 4512 2597 4567 kilt-
2625 4515 2714 4566 20.
2740 4515 2801 4580 1.)
