3359 5250
1772 392 1904 466 298

711 595 1050 664 descendit
1073 594 1164 662 ad
1184 602 1381 681 caput
1408 593 1601 662 vnius
1619 594 1803 682 fluuij
1836 618 2064 665 versus
2085 599 2422 686 orientem,
2454 604 2521 667 et
2535 619 2653 686 per
2685 598 2968 667 eundem

708 703 975 771 fluuium
1025 702 1203 771 cadit
1233 703 1322 769 ad
1353 702 1597 771 fontem
1628 703 2037 794 Brebroucz;
2090 707 2247 776 inde
2280 708 2490 777 tendit
2518 727 2749 775 versus
2782 708 2967 792 aqui·

703 814 922 882 Ionem
951 834 1076 901 per
1107 810 1384 880 eundem
1434 813 1675 880 dictum
1707 813 1949 882 fontem
1979 817 2162 884 vadit
2192 837 2311 903 per
2345 818 2644 905 spacium
2686 817 2961 884 duorum

695 923 1023 1008 jugerum,
1061 929 1126 990 et
1156 922 1457 1010 peruenit
1487 922 1571 989 ad
1605 924 1822 990 locum
1852 926 2070 1011 pontis
2102 926 2414 1011 chonis,
2461 924 2575 992 vbi
2608 924 2786 992 cadit
2815 944 2964 1012 par-

701 1050 824 1097 uus
855 1030 1108 1098 riunlus
1139 1029 1228 1096 ad
1258 1029 1578 1118 prefatum
1609 1032 1875 1118 fontem,
1927 1053 2044 1119 per
2074 1054 2267 1120 quem
2297 1033 2483 1102 vadit
2512 1053 2743 1101 uersus
2792 1032 2957 1099 occi-

702 1140 959 1208 dentem
1012 1140 1314 1226 superius
1348 1139 1433 1206 ad
1466 1147 1666 1226 caput
1715 1140 2007 1208 eiusdem
2033 1142 2249 1227 riuuli,
2301 1144 2385 1210 de
2418 1163 2545 1228 quo
2590 1142 2956 1210 ascendens

700 1249 978 1317 transito
1012 1281 1099 1295 -
1130 1285 1215 1296 —
1248 1272 1376 1333 —;
1434 1249 1707 1333 posthec
1737 1267 1893 1314 vero
1925 1248 2262 1318 deseendit
2293 1249 2380 1317 ad
2426 1251 2693 1318 fluuium
2728 1248 2955 1318 Cozte-

701 1375 924 1443 neucz‚
975 1374 1163 1441 quem
1196 1353 1524 1422 transiens
1574 1356 1873 1423 ascendit
1904 1354 1993 1424 ad
2023 1357 2248 1444 bercz;
2301 1358 2453 1426 hinc
2483 1357 2720 1425 transit
2756 1357 2952 1444 viam,

699 1469 766 1530 et
786 1461 1125 1531 descendit
1155 1463 1244 1529 ad
1274 1463 1623 1550 planiciem
1655 1464 1872 1550 valliS,
1906 1472 1972 1532 et
2002 1486 2123 1553 per
2154 1466 2430 1533 eandem
2458 1464 2636 1532 cadit
2667 1463 2754 1532 ad
2776 1472 2957 1532 ante-

699 1571 938 1639 dictam
970 1570 1222 1639 limfam
1243 1571 1618 1659 Gupcbyne,
1657 1571 1770 1641 vbi
1803 1594 1846 1639 a
1878 1571 2109 1640 dextro
2133 1573 2533 1659 jobagiones
2555 1573 2771 1640 Castri
2802 1579 2958 1641 sunt

699 1680 1147 1765 commetanei,
1182 1687 1247 1748 et
1275 1681 1677 1748 transeundo
1727 1680 1978 1748 limfam
2012 1679 2366 1769 Gupchyne
2402 1680 2582 1748 eadit
2628 1681 2717 1748 ad
2754 1701 2956 1750 vnum

699 1811 972 1880 paruum
995 1788 1236 1857 siccum
1252 1790 1445 1877 potok
1475 1788 1767 1856 eiusdem
1788 1786 2165 1876 Cupchyne,
2199 1793 2267 1856 et
2297 1809 2414 1876 per
2447 1790 2722 1857 eundem
2744 1808 2958 1856 reuer-

699 1900 855 1967 titur
887 1898 973 1965 ad
1004 1904 1241 1963 metam
1277 1897 1578 1983 priorem.
1635 1898 1803 1965 Item
1833 1897 2045 1984 prima
2095 1905 2271 1965 meta
2301 1904 2471 1965 terre
2499 1899 2783 1984 Dragos‚
2820 1916 2953 1983 que

695 2013 796 2074 est
825 2006 1011 2073 iuxta
1042 2002 1490 2091 Gupchynam,
1540 2004 1770 2091 incipit
1803 2007 1888 2072 ab
1919 2003 2258 2073 occidente
2304 2005 2373 2071 in
2406 2005 2639 2073 arbore
2680 2029 2855 2093 σφιν,
2888 2010 2957 2071 et

693 2114 878 2180 vadit
928 2111 1017 2181 ad
1047 2112 1224 2180 viam
1273 2112 1448 2181 bona
1479 2112 1909 2197 longitudine,
1965 2121 2031 2180 et
2062 2113 2359 2201 peruenit
2408 2111 2497 2179 ad
2547 2121 2791 2180 metam
2829 2120 2955 2181 ter-

692 2243 910 2308 ream3
946 2221 1185 2289 abhinc
1204 2220 1387 2287 vadit
1416 2220 1664 2287 directe
1698 2240 1818 2307 per
1846 2221 2202 2304 virgultum
2232 2220 2641 2306 longitudine
2674 2221 2951 2289 duorum

686 2332 990 2415 jngerum
1024 2337 1090 2397 et
1122 2329 1397 2416 dimidij,
1446 2334 1512 2394 et
1545 2327 1883 2396 descendit
1927 2327 2015 2396 ad
2047 2329 2325 2396 rinulum
2377 2329 2658 2415 siccum3
2710 2327 2951 2397 deinde

694 2437 990 2506 ascendit
1022 2436 1109 2504 ad
1142 2437 1474 2521 orientem,
1509 2443 1575 2502 et
1607 2436 1786 2503 cadit
1817 2435 1904 2503 ad
1923 2437 2120 2523 viam,
2155 2457 2282 2522 que
2313 2435 2671 2504 bifurcatur
2699 2437 2788 2504 ad
2818 2459 2949 2504 mo·

692 2549 846 2616 dum
878 2548 1109 2632 cruciet,
1161 2546 1274 2614 vbi
1308 2552 1411 2614 est
1440 2553 1617 2613 meta
1646 2552 1869 2612 terrea
1899 2565 1942 2611 a
1969 2552 2162 2634 parte
2194 2545 2540 2633 aquilonis,
2581 2546 2648 2612 in
2679 2544 2948 2614 sinistro

688 2654 1137 2726 castrensibus
1188 2651 1695 2737 remanentibus,
1749 2673 1792 2720 a
1821 2653 2050 2721 dextro
2085 2673 2235 2720 vero
2288 2661 2389 2721 est
2436 2659 2611 2720 terra
2654 2655 2944 2739 Dragos.

686 2768 853 2832 Item
884 2765 1097 2853 prima
1127 2770 1305 2831 meta
1335 2769 1510 2830 terre
1533 2761 2014 2846 Cheresneuch,
2050 2780 2175 2846 que
2208 2768 2309 2830 est
2340 2763 2673 2845 Boreonis,
2712 2762 2945 2851 incipit

688 2894 732 2941 a
761 2873 1056 2957 meridie,
1107 2872 1218 2939 vbi
1272 2871 1522 2938 riuulus
1556 2870 2012 2939 Cheresneuch
2063 2870 2238 2937 eadit
2285 2870 2374 2936 ad
2423 2891 2662 2957 aquam
2694 2870 2940 2958 Culpa3

631 2969 638 2976 ’
687 2982 842 3049 inde
890 2980 1302 3068 progreditur
1349 2999 1577 3047 versus
1628 2978 2002 3064 aquilonem
2053 3000 2171 3067 per
2220 2976 2497 3046 eundem
2535 2979 2840 3065 riuulum,
2875 2986 2942 3046 et

684 3089 870 3158 vadit
901 3091 1077 3156 bona
1123 3087 1547 3175 longitudine,
1602 3095 1668 3155 et
1699 3088 1836 3154 exit
1880 3087 1967 3154 ad
1997 3107 2193 3154 vnam
2225 3088 2489 3173 vallem,
2541 3093 2607 3153 et
2636 3107 2757 3175 per
2787 3107 2941 3155 ean·

688 3199 834 3265 dem
868 3199 1109 3267 vallem
1143 3194 1328 3265 vadit
1362 3203 1428 3263 et
1458 3195 1756 3264 ascendit
1781 3215 1978 3282 super
2009 3196 2218 3280 bercz,
2259 3195 2328 3262 in
2361 3195 2715 3279 eodemque
2749 3195 2941 3263 bercz

684 3314 784 3375 est
814 3308 1012 3374 arbor
1043 3304 1235 3390 ilicis,
1289 3303 1403 3371 vbi
1433 3310 1534 3371 est
1565 3310 1748 3370 meta
1776 3309 2012 3387 terrea,
2064 3308 2131 3369 et
2161 3302 2458 3369 ascendit
2505 3301 2596 3369 ad
2624 3302 2939 3371 verticem

682 3415 896 3501 bercz,
929 3414 1041 3480 vbi
1074 3416 1174 3480 est
1204 3417 1377 3480 meta
1407 3418 1639 3495 terrea,
1693 3418 1759 3478 et
1790 3411 1883 3478 ibi
1916 3431 1959 3477 a
1988 3410 2251 3478 sinistro
2301 3410 2732 3478 commetanei
2780 3416 2935 3477 sunt

675 3523 1068 3608 jobagiones
1100 3519 1354 3606 Castri3
1408 3521 1562 3586 hinc
1592 3518 1804 3587 tendit
1836 3539 2063 3586 versus
2111 3517 2446 3603 orientem,
2494 3523 2562 3584 et
2590 3518 2935 3586 descendit

682 3629 770 3697 ad
801 3649 998 3697 vnum
1031 3630 1273 3697 sontem
1323 3628 1584 3694 nomine
1613 3628 1872 3713 Scelny,
1923 3632 1989 3694 et
2021 3626 2202 3693 vadit
2233 3645 2349 3712 per
2379 3625 2654 3693 eundem
2683 3625 2935 3693 fontem

681 3740 769 3806 ad
799 3737 1163 3825 predictam
1196 3755 1435 3821 aquam
1470 3735 1695 3824 Culpe,
1746 3755 1865 3822 per
1896 3754 2133 3819 aquam
2166 3733 2508 3801 reuertitur
2539 3732 2628 3801 ad
2649 3733 2932 3821 priorem

678 3854 940 3914 metam.
996 3847 1161 3913 Item
1191 3846 1404 3931 prima
1434 3851 1607 3912 meta
1637 3852 1813 3911 terre
1848 3841 2173 3929 Indaginis
2204 3840 2478 3927 Budina‚
2512 3859 2640 3927 que
2678 3847 2778 3908 est
2808 3844 2933 3909 Ra·

678 3958 801 4043 eie,
852 3957 1083 4043 incipit
1116 3957 1201 4022 ab
1235 3955 1504 4039 oriente,
1555 3953 1670 4020 vbi
1700 3954 1848 4021 fons
1897 3951 2156 4020 nomine
2193 3951 2566 4020 Brebroucb
2615 3951 2794 4019 cadit
2843 3953 2936 4020 ad

680 4087 919 4155 aquam
954 4066 1333 4152 Cupcbyna,
1369 4064 1604 4131 transit
1636 4063 1913 4130 eandem
1953 4081 2212 4147 aquam,
2265 4067 2331 4127 et
2364 4060 2518 4127 inde
2547 4059 2757 4128 tendit
2794 4080 2937 4127 ver-

676 4194 789 4243 sus
822 4175 1194 4260 aquilonem
1250 4171 1588 4240 dimidium
1628 4170 1888 4258 jugeris
1921 4168 2351 4254 longitudine,
2403 4175 2468 4236 et
2495 4170 2799 4256 peruenit
2847 4166 2938 4236 ad

677 4284 978 4350 arborem
1010 4307 1154 4365 nar,
1205 4283 1321 4349 vbi
1352 4287 1452 4348 est
1503 4300 1685 4347 mera
1733 4286 1988 4365 terrea;
2040 4277 2191 4345 binc
2240 4276 2657 4365 progreditur
2711 4296 2937 4346 versus

674 4388 1100 4475 occidentem,
1134 4398 1199 4457 et
1220 4389 1404 4458 vadit
1424 4389 1601 4457 vltra
1619 4386 1879 4472 siluam,
1913 4393 1979 4453 et
1999 4384 2296 4473 peruenit
2329 4384 2415 4451 ad
2450 4402 2643 4450 vnum
2667 4383 2933 4472 fontem,

671 4502 783 4589 qui
838 4508 1107 4569 vocatur
1154 4499 1530 4586 Prichayni‚
1586 4506 1652 4566 et
1704 4497 1941 4565 transit
1992 4493 2289 4578 eundem,
2344 4500 2409 4560 et
2456 4493 2549 4560 ibi
2604 4501 2708 4560 est
2753 4502 2935 4562 meta

671 4618 924 4697 terrea;
975 4611 1129 4678 inde
1159 4610 1344 4677 vadit
1376 4630 1493 4696 per
1526 4628 1849 4695 campum,
1905 4607 1973 4672 in
2003 4604 2221 4673 medio
2253 4599 2546 4672 eiusdem
2579 4606 2797 4691 campi
2826 4625 2932 4673 ve·

670 4721 768 4788 nit
796 4719 885 4786 ad
914 4727 1156 4787 metam
1184 4725 1506 4803 terream3
1554 4717 1708 4784 inde
1741 4714 1945 4801 vadit,
1997 4720 2063 4782 et
2094 4711 2276 4783 cadit
2326 4712 2412 4779 ad
2445 4730 2644 4780 vnum
2687 4714 2929 4801 lacum,
