3359 5250
1826 382 1959 451 518

1826 963 1985 1033 368.

765 1150 828 1217 A
858 1151 1193 1237 veszpre'mi
1238 1148 1668 1234 kdptalamtak
1712 1147 2258 1233 bizonysdqlevcle,
2310 1149 2476 1232 hoqy
2524 1169 2566 1210 a
2617 1144 3040 1231 Bachcmyoqi

760 1258 1030 1329 meede
1060 1259 1353 1345 bizonyos
1384 1257 1897 1343 Bachanyoqban
1926 1256 2063 1321 le‘vb'
2089 1255 2433 1321 birwlcukat
2460 1253 2740 1340 Holpdri
2768 1252 3036 1319 Hern‘k-

1562 1365 1676 1434 nek
1706 1364 1976 1432 eladtdk.
2027 1366 2225 1433 1259.

982 1564 1358 1651 Capitulum
1405 1562 1939 1650 wesprimiensis
1992 1561 2284 1629 Ecclesie
2331 1559 2635 1630 omnibus
2686 1564 3032 1646 presentes

764 1673 1020 1741 litteras
1052 1672 1448 1759 inspecturis
1497 1671 1777 1739 salutem
1808 1671 1877 1737 in
1908 1672 2190 1740 Domino
2218 1668 2705 1758 sempiternam.
2753 1665 2861 1732 Ad
2893 1666 3033 1732 nni-

769 1802 1101 1851 uersorum
1119 1781 1427 1850 noticiam
1456 1787 1682 1874 tenore
1699 1780 2113 1869 presencium
2135 1781 2429 1849 volumus
2449 1778 2816 1867 peruenire,
2850 1773 3032 1861 qnod

769 1890 899 1959 Gal
948 1890 1081 1957 filio
1113 1888 1356 1976 Egidij,
1407 1890 1762 1976 Stephano,
1796 1888 2118 1974 Dyonisio
2165 1895 2230 1955 et
2261 1888 2526 1972 Geni-gns
2575 1885 2732 1973 filijs
2763 1884 3033 1969 Gurgus

766 1997 851 2065 de
881 1998 1284 2084 Bachanyog
1314 1995 1612 2082 cognatis
1663 1996 1823 2063 dicti
1854 1995 1983 2063 Gal
2013 2017 2131 2082 pro
2164 2015 2239 2064 se
2270 2001 2335 2062 et
2371 2013 2492 2082 pro
2524 1993 2789 2062 Chelleo
2824 1991 3034 2059 fratre

767 2109 1059 2194 ipsorum
1093 2107 1369 2174 absente
1417 2106 1503 2172 ab
1537 2126 1671 2173 una
1706 2109 1917 2191 parte,
1951 2104 2221 2172 Herrico
2254 2104 2388 2172 filio
2421 2103 2707 2172 Gunolth
2760 2102 2843 2170 de
2872 2102 3034 2169 Hol-

768 2236 893 2302 par
925 2238 1009 2283 ex
1039 2216 1250 2283 altera
1297 2234 1518 2281 coram
1549 2214 1741 2281 nobis
1771 2213 2158 2298 constitutis,
2211 2212 2414 2300 ijdem
2449 2212 2598 2297 Gal,
2631 2211 3031 2298 Stephanus,

768 2323 1127 2410 Dyonisius
1162 2328 1229 2390 et
1259 2321 1524 2407 Gurgus
1575 2322 1858 2391 confessi
1910 2331 2061 2391 sunt
2109 2322 2264 2390 uiua
2312 2342 2496 2408 uoce,
2545 2340 2618 2387 se
2649 2324 2714 2385 et
2762 2318 3033 2387 fratrem

771 2436 1062 2522 ipsorum
1114 2432 1355 2500 dictum
1405 2433 1746 2501 Chelleum
1795 2441 2036 2501 terram
2083 2432 2288 2518 illam,
2340 2431 2407 2498 in
2458 2437 2639 2498 terra
2683 2428 3031 2512 Baehanig

771 2543 1202 2611 sufficientem
1232 2543 1346 2610 vni
1375 2549 1614 2630 aratro,
1666 2563 1864 2630 quam
1898 2563 1940 2609 a
1970 2541 2197 2608 Bochk
2238 2546 2305 2608 et
2334 2542 2526 2609 Petro
2556 2538 2692 2608 filio
2725 2536 2834 2625 Gy
2855 2589 2871 2605 .
2895 2589 2911 2605 .
2947 2535 3032 2602 de

766 2651 996 2720 Bekus
1030 2653 1256 2722 ordine
1296 2653 1672 2741 judiciario,
1706 2660 1779 2720 vt
1812 2653 2132 2740 dixerunt,
2184 2653 2617 2740 redemerant,
2658 2670 2809 2718 cum
2840 2648 3031 2716 siluis

769 2768 834 2828 et
883 2760 1121 2830 fenetis
1173 2768 1239 2829 et
1285 2763 1438 2848 alijs
1471 2763 1866 2830 vtilitatibue
1921 2762 2210 2831 eiusdem
2259 2769 2431 2829 terre
2482 2762 2565 2829 de
2611 2779 2936 2828 consensu
2969 2766 3035 2826 et

769 2869 1190 2960 beneplacito
1222 2878 1829 2956 commetaneorum,
1861 2879 2055 2958 prout
2083 2873 2150 2938 in
2186 2870 2421 2938 litteris
2460 2867 2871 2956 Preceptoris
2901 2870 3032 2934 Do-

765 2998 907 3046 mus
949 2978 1312 3066 Hospitalis
1364 2980 1448 3047 de
1478 2980 1673 3049 Noua
1706 2981 1905 3048 Curia
1954 2981 2434 3065 continebatur,
2479 2980 2670 3047 Pauli
2703 2975 3030 3064 videlicet,

765 3087 1129 3174 Mychaelis
1151 3095 1216 3156 et
1233 3091 1422 3175 Moys
1445 3091 1726 3158 filiorum
1744 3090 1921 3157 Petri
1955 3090 2037 3158 de
2058 3088 2405 3176 Bokunuk,
2439 3087 2736 3176 predicto
2755 3087 3031 3154 Hertico

765 3216 883 3282 pro
932 3196 1138 3265 tribus
1178 3198 1418 3265 marcis
1450 3199 1827 3267 vendidisse
1874 3201 1945 3266 in
1992 3204 2377 3288 perpetuum
2410 3196 2899 3286 possidendam,
2933 3216 3031 3263 re·

767 3311 959 3390 cepta
1008 3304 1237 3372 eadem
1285 3307 1567 3394 pecunia
1614 3308 1910 3395 plenarie
1942 3309 2026 3376 ab
2060 3307 2310 3378 eodem.
2359 3309 2535 3374 Mete
2572 3313 2792 3374 autem
2822 3306 3032 3390 ipsius

766 3419 960 3499 terre,
993 3419 1189 3501 prout
1220 3420 1443 3502 partes
1466 3416 1790 3503 dixerunt,
1824 3417 2050 3485 taliter
2080 3416 2524 3502 distinguntur
2552 3440 2566 3482 ε
2603 3416 2827 3483 Prima
2858 3422 3035 3483 meta

767 3520 999 3607 incipit
1030 3542 1073 3588 a
1099 3528 1290 3609 parte
1327 3525 1860 3611 septemtrionali,
1912 3524 2021 3591 vbi
2055 3532 2207 3593 sunt
2237 3532 2516 3609 quatuor
2547 3530 2720 3591 mete
2758 3523 3028 3610 angula·

769 3647 896 3712 res,
933 3634 997 3696 et
1027 3629 1239 3697 tendit
1285 3630 1558 3698 inferius
1590 3631 1659 3699 in
1705 3633 1992 3716 quadam
2022 3634 2135 3700 via
2164 3654 2396 3702 versus
2427 3631 2767 3700 meridiem
2812 3633 2899 3699 ab
2930 3653 3032 3700 ar-

768 3736 930 3803 bore
977 3735 1170 3823 ilicis,
1222 3738 1408 3805 iuxta
1440 3760 1637 3823 quam
1689 3748 1841 3809 sunt
1870 3740 1999 3809 due
2050 3749 2221 3810 mete
2252 3748 2501 3829 terree3
2553 3741 2795 3810 abinde
2825 3741 3036 3809 tendit

765 3862 995 3912 versus
1025 3846 1429 3914 occidentem
1479 3849 1565 3915 ad
1597 3870 1907 3935 magnam
1945 3852 2248 3919 arborem
2297 3852 2472 3920 ilicis
2500 3871 2692 3919 cruce
2739 3851 3034 3936 assigna·

765 3959 924 4038 tam,
959 3959 1026 4021 et
1056 3954 1176 4021 sub
1210 3956 1445 4023 eadem
1496 3964 1597 4024 est
1627 3978 1757 4025 vna
1788 3964 1966 4025 meta
1995 3965 2248 4045 terrea;
2303 3959 2540 4028 dehinc
2568 3957 2779 4026 tendit
2816 3959 3035 4028 adhuc

766 4078 998 4127 versus
1031 4059 1437 4130 occidentem
1468 4063 1556 4130 ad
1587 4065 1790 4132 aliam
1818 4087 2128 4151 magnam
2159 4067 2460 4136 arborem
2497 4068 2691 4154 ilicis,
2742 4069 2867 4136 sub
2899 4089 3035 4154 qua

770 4177 922 4236 sunt
953 4170 1081 4237 due
1112 4177 1323 4257 mete;
1374 4181 1607 4261 postea
1639 4173 1764 4262 (in)
1801 4177 2070 4245 introitu
2101 4177 2271 4245 silue
2303 4187 2457 4246 sunt
2488 4178 2614 4246 due
2650 4184 2841 4264 mete,
2876 4199 3034 4263 qua-

767 4298 910 4345 rum
944 4299 1077 4346 vna
1108 4287 1209 4348 est
1237 4286 1472 4367 terrea,
1526 4284 1662 4351 alia
1692 4284 1758 4351 in
1787 4283 2005 4372 dumo,
2060 4288 2170 4371 qui
2205 4288 2404 4372 uulgo
2438 4287 2845 4374 Gomulchey
2878 4287 3035 4354 dici-

762 4393 905 4473 tur;
961 4387 1116 4454 inde
1150 4387 1357 4456 tendit
1386 4389 1473 4457 ad
1506 4393 1775 4480 uallem,
1827 4415 1954 4478 quc
1986 4397 2160 4481 wlgo
2193 4397 2592 4466 Werezhoze
2622 4402 2914 4480 vocatur,
2965 4402 3038 4463 et

761 4495 859 4563 ibi
889 4495 1010 4566 sub
1044 4496 1277 4566 arbore
1309 4498 1480 4567 ilicis
1500 4506 1653 4567 sunt
1685 4502 1812 4570 due
1844 4512 2054 4591 mete3
2089 4502 2331 4572 deinde
2361 4505 2546 4574 uadit
2567 4504 2781 4574 adhuc
2805 4527 3037 4575 uersus

754 4603 1169 4674 occidentem
1217 4610 1740 4693 pertranseundo
1805 4611 2048 4681 dictam
2099 4614 2341 4682 uallem
2394 4613 2482 4684 ad
2541 4613 2709 4683 duas
2757 4615 3039 4684 arbores

754 4710 956 4795 ylicis
1009 4731 1200 4783 cruce
1252 4716 1657 4809 assignatas,
1712 4719 1837 4789 sub
1869 4722 2106 4808 quibus
2157 4729 2310 4792 sunt
2338 4723 2466 4794 due
2504 4730 2677 4796 mete
2724 4723 3038 4810 antique3
