3359 5250
1450 355 1577 423 163

1441 934 1595 1003 10¹7.

364 1115 489 1182 IV.
508 1115 672 1184 Be'la
701 1115 1034 1204 leirdlynak
1054 1113 1418 1203 Kovdrszeq
1430 1115 1644 1203 fo‘lde't
1671 1122 1979 1207 tdrqyazo'
1998 1117 2359 1208 adomdnya
2381 1116 2635 1201 Miklds,

1040 1222 1392 1308 Obichkfia
1421 1229 1738 1293 szdmdra.
1771 1225 1968 1293 1244.

582 1421 746 1489 Bela
786 1421 917 1489 Dei
947 1420 1175 1506 gracia
1206 1421 1351 1490 Rex
1402 1421 1875 1508 primogenitus
1924 1420 2097 1512 (igy)
2130 1423 2332 1509 Regis
2371 1424 2634 1508 Hunga·

365 1530 461 1599 rie
494 1531 796 1600 omnibus
830 1529 1219 1599 Christianis
1270 1537 1642 1618 presentem
1671 1532 1985 1618 paginam
2016 1532 2407 1620 inspecturis
2456 1532 2628 1600 salu-

364 1645 495 1708 tem
526 1639 597 1706 in
616 1639 895 1709 Domino
915 1639 1399 1726 sempiternam.
1432 1638 1593 1708 va
1614 1639 1682 1706 in
1702 1639 2114 1709 multitudine
2146 1639 2429 1709 fidelium
2452 1640 2627 1709 nitor

369 1748 628 1815 Corone
654 1747 867 1833 Regio
897 1747 1233 1835 consistat,
1283 1746 1479 1815 debet
1509 1746 1961 1818 consideracio
2003 1754 2233 1817 nostra
2262 1768 2339 1818 eo
2372 1756 2632 1834 gratan-

367 1856 511 1924 cius
541 1855 1052 1942 obsequencium
1099 1855 1350 1924 meritis
1397 1854 1819 1943 respondero,
1866 1876 1993 1942 quo
2027 1863 2283 1925 constat
2312 1863 2378 1924 et
2408 1875 2631 1925 eorum

363 1965 751 2033 fidelitatem
787 1963 999 2049 magis
1029 1962 1320 2050 accendi,
1369 1970 1436 2030 et
1463 1964 1646 2053 ipsos
1677 1962 2026 2034 ardencius
2064 1964 2483 2052 multiplicari
2512 1984 2631 2052 per

369 2071 827 2142 munificencia
856 2073 1066 2159 Regia
1100 2072 1274 2160 (igy)
1303 2072 1700 2158 largitatem.
1752 2072 2034 2141 Proinde
2063 2071 2152 2141 ad
2183 2072 2632 2141 uniuersorum

369 2189 506 2250 tam
536 2183 950 2272 presencium
980 2204 1175 2269 quam
1223 2183 1584 2253 futurorum
1614 2184 1927 2253 noticiam
1977 2183 2209 2252 harum
2248 2183 2420 2253 serie
2451 2185 2632 2253 uolu-

369 2313 513 2360 mus
544 2291 908 2379 peruenire,
959 2291 1135 2377 qnod
1167 2312 1286 2362 nos
1317 2292 1689 2361 salubribus
1722 2293 1985 2362 monitis
2025 2292 2305 2381 inuitati,
2341 2291 2634 2362 conside·

368 2401 660 2469 rauimus
712 2401 1102 2490 multiplicia
1147 2400 1432 2469 seruicia
1481 2400 1706 2469 dilecti
1756 2407 1822 2469 et
1853 2400 2062 2470 fidelis
2115 2402 2324 2471 nostri
2370 2401 2631 2471 Nicolai

366 2508 488 2594 filij
543 2509 805 2577 Obiehk
857 2510 940 2577 de
991 2506 1203 2597 Zyud,
1254 2528 1382 2595 que
1432 2507 1620 2575 nobis
1668 2528 1748 2576 eo
1798 2513 2092 2597 tempore
2137 2509 2456 2598 inpendit,
2507 2530 2636 2596 quo

374 2615 745 2686 aduersitas
762 2616 1188 2686 Tartarorum
1218 2619 1517 2705 Regnum
1542 2625 1836 2686 nostrum
1864 2618 2221 2705 inuaserat,
2260 2626 2326 2686 et
2341 2639 2462 2687 nos
2491 2638 2636 2707 pre·

375 2726 549 2794 sidio
602 2725 755 2813 fuge
807 2727 893 2794 ad
927 2735 1149 2815 partes
1204 2728 1569 2796 maritimas
1619 2727 2176 2817 proficisceremur
2227 2734 2381 2795 ante
2427 2728 2630 2815 ipsos,

370 2855 730 2920 omnesque
748 2836 1043 2906 Barones
1064 2857 1143 2903 ac
1176 2837 1360 2904 multi
1391 2837 1648 2907 nobiles
1678 2839 1889 2925 Regni
1926 2838 2133 2907 nostri
2153 2837 2633 2924 deseruissent3

370 2949 525 3011 tunc
554 2941 732 3011 idem
755 2945 1073 3014 Nicolaus
1104 2965 1225 3014 nos
1256 2946 1630 3015 nullatenus
1664 2946 2034 3033 dereliquit,
2083 2947 2197 3016 sed
2228 2947 2457 3036 pocius
2489 2965 2636 3014 cum

373 3052 549 3119 omni
581 3051 837 3119 familia
887 3053 1117 3122 domus
1151 3074 1268 3123 sue
1299 3075 1507 3142 usque
1555 3056 1641 3122 ad
1671 3054 1926 3122 insulas
1959 3053 2321 3122 maritimas
2359 3053 2482 3121 fuit
2512 3072 2635 3119 nos

371 3170 655 3247 secutuS,
702 3161 970 3229 tandem
1002 3161 1086 3232 de
1117 3165 1439 3251 Tragurlo
1473 3162 1560 3231 ad
1592 3162 1857 3231 Curiam
1890 3166 2251 3230 Romanam
2281 3182 2398 3250 per
2429 3163 2637 3229 multa

369 3271 670 3359 pericula
699 3271 978 3340 marium
1010 3280 1075 3340 et
1105 3280 1446 3362 terrarum,
1499 3295 1695 3364 super
1722 3274 2133 3362 impetranda
2169 3273 2635 3362 procuracione

371 3378 865 3448 venerabilibus
915 3381 1230 3469 patribus,
1285 3382 1398 3469 qui
1449 3380 1536 3449 ad
1587 3380 2049 3467 gubernandas
2102 3381 2638 3469 strigoniensem,

373 3488 825 3574 Colocensem,
859 3487 1290 3559 Geuriensem
1309 3491 1669 3573 Ecclesiae,
1700 3511 1926 3561 eorum
1956 3490 2483 3560 antecessoribus
2520 3507 2640 3576 per

371 3595 674 3682 lugubris
728 3599 1036 3666 memorie
1064 3599 1379 3667 Tartaros
1410 3600 1838 3690 interemptis,
1890 3600 2149 3668 fuerant
2180 3599 2519 3688 postulati,
2569 3597 2638 3664 in

376 3715 609 3775 nostra
627 3707 973 3793 legacione
996 3707 1251 3776 ardenti
1281 3707 1501 3777 studio
1534 3715 1637 3777 est
1654 3709 2009 3796 profectus.
2052 3711 2126 3774 In
2148 3729 2275 3793 quo
2307 3706 2482 3775 facto
2503 3712 2638 3774 tam

373 3815 737 3883 eminenter
765 3816 955 3884 nobis
990 3824 1057 3885 et
1077 3818 1304 3903 Regno
1334 3825 1556 3888 nostro
1575 3817 1729 3907 ipsa
1746 3815 1918 3886 Sede
1940 3817 2325 3904 Apostolica
2363 3823 2639 3884 uacante

371 3922 674 4009 seruiuit,
729 3923 906 4011 quod
939 3925 1028 3991 ad
1059 3923 1452 3993 releuandas
1504 3933 1654 4014 post
1683 3930 1935 3992 tantum
1983 3942 2208 3991 casum
2239 3930 2376 3990 tam
2407 3923 2640 4008 princi-

368 4033 560 4120 pales
594 4033 809 4118 Regni
851 4033 1055 4101 nostri
1109 4037 1496 4122 columpnas
1545 4054 1621 4103 se
1669 4032 1863 4102 nobis
1912 4032 2210 4101 exhibuit
2259 4030 2637 4100 uirtuosum.

370 4142 540 4215 Item
571 4161 720 4209 cum
751 4149 900 4229 post
946 4162 1276 4213 recessum
1306 4144 1732 4215 Tartarorum
1777 4142 1866 4210 ad
1898 4139 2166 4211 easdem
2195 4149 2419 4228 partes
2453 4141 2644 4208 mari·

368 4251 574 4319 timas
605 4270 1028 4338 uergeremus
1059 4252 1469 4340 secundario,
1523 4261 1589 4322 et
1618 4274 1818 4343 super
1849 4252 2022 4321 facto
2053 4253 2097 4320 J
2100 4250 2283 4321 adrie
2321 4250 2490 4319 inter
2519 4269 2640 4318 nos

370 4365 441 4427 et
468 4360 763 4428 Uenetos
794 4370 971 4431 esset
1001 4362 1335 4432 discordia
1362 4364 1716 4450 suscitata3
1764 4365 1907 4451 ipse
1937 4361 2151 4430 fidelis
2181 4359 2496 4428 Nicolaus
2526 4381 2640 4427 no-

367 4468 475 4537 bis
509 4468 916 4540 mittentibus
934 4472 1255 4542 Venecias
1287 4473 1630 4558 accedens,
1664 4473 1920 4541 litteras
1952 4469 2450 4558 conposicionis,
2501 4476 2636 4537 tam

370 4596 457 4644 ex
487 4584 681 4664 parte
701 4588 925 4649 nostra
956 4581 1042 4648 ad
1075 4582 1260 4670 ipsos
1279 4584 1589 4669 Uenetos,
1623 4605 1820 4671 quam
1842 4581 2051 4649 eciam
2083 4598 2120 4648 e
2139 4599 2474 4665 conuerso,
2513 4599 2645 4646 non

370 4685 519 4753 sine
553 4707 801 4773 magna
851 4689 1281 4775 prouidencia
1326 4691 1636 4780 condidit,
1686 4692 1819 4763 illis
1858 4709 2014 4758 suas
2047 4695 2113 4757 et
2144 4685 2333 4769 nobis
2380 4693 2641 4754 nostras

1190 4800 1210 4819 ⁹
2203 4806 2230 4858 1
2248 4805 2278 4863 1
2295 4805 2325 4839 ²⁸¹
