3359 5250
1868 346 1956 410 50

786 545 1144 628 constituti,
1178 545 1500 611 vniuersis
1547 561 1819 629 presens
1853 541 2166 626 scriptum
2217 538 2610 625 inspecturis
2660 541 2941 606 salutem
2976 540 3044 604 in

787 654 1062 720 Domino
1095 652 1136 718 J
1143 651 1301 719 hesu
1325 651 1605 718 Christo.
1640 650 1743 715 Ad
1765 650 2213 715 vniuersorum
2246 646 2555 713 noticiam
2577 648 2874 715 volumus
2900 666 3042 732 per·

786 760 1028 846 uenire,
1093 759 1264 844 quod
1318 780 1464 825 cum
1516 757 1892 844 Capitulum
1942 754 2240 822 Ecclesia
2293 755 2517 821 Sancti
2568 754 2909 821 Michaelis
2963 753 3047 818 de

786 871 1024 936 Ferreo
1056 868 1286 935 Castro
1308 875 1687 933 causaretur
1724 865 1913 931 nobis
1938 884 2176 947 coram,
2205 883 2321 948 pro
2355 862 2800 930 destruccione
2832 861 3046 949 predij

789 974 1179 1061 Megyehyd,
1231 982 1295 1043 et
1342 975 1633 1041 violenta
1688 974 1865 1040 illius
1916 971 2373 1058 occupacione,
2431 979 2497 1037 et
2547 993 2664 1057 pro
2698 970 3048 1054 sexaginta

789 1085 1122 1169 iugeribus
1178 1078 1377 1166 terre,
1424 1103 1551 1166 que
1583 1083 1664 1148 de
1711 1082 1934 1168 predio
1969 1082 2183 1165 Kyniz
2235 1100 2460 1147 versus
2511 1080 2785 1146 alteram
2821 1078 3048 1145 villam

790 1191 1003 1277 Kyniz
1032 1190 1368 1256 vduornici
1401 1189 1691 1275 predicte
1717 1188 2009 1256 Ecclesie
2034 1188 2416 1255 subtrahere
2447 1186 2904 1271 moliebantur,
2940 1204 3046 1250 no-

794 1300 964 1366 mine
995 1297 1431 1385 possessionis
1470 1298 1810 1364 cuiusdam
1843 1299 1964 1364 viri
1995 1298 2256 1363 nomine
2277 1297 2486 1383 Raim,
2529 1295 2825 1381 predicto
2859 1292 3050 1378 Capi·

792 1408 947 1491 tulo,
982 1412 1054 1471 ut
1071 1405 1243 1472 idem
1265 1404 1580 1491 predium,
1616 1415 1682 1473 et
1701 1406 2000 1493 predicta
2028 1406 2381 1490 sexaginta
2405 1406 2633 1490 iugera
2654 1412 2841 1488 terre,
2877 1404 3048 1468 iuste

793 1534 1048 1600 semper
1078 1523 1141 1580 et
1191 1513 1462 1599 pacifice
1512 1513 1898 1598 possederit,
1950 1513 2409 1599 probacionem
2443 1512 2825 1595 indixerim3
2875 1529 3051 1575 cum·

794 1642 922 1707 que
970 1620 1213 1688 dictum
1249 1621 1617 1706 Capitulum
1667 1620 1965 1707 predium
2012 1620 2372 1707 predictum
2426 1627 2489 1685 et
2518 1619 2814 1706 predicta
2865 1636 3044 1685 sexa·

797 1730 980 1815 ginta
1030 1728 1259 1812 iugera
1306 1733 1475 1794 terre
1526 1729 1695 1794 iuste
1745 1736 1811 1795 et
1840 1727 2111 1814 pacifice
2162 1748 2203 1793 a
2230 1727 2630 1812 temporibus
2663 1727 2818 1792 Bele
2852 1725 3052 1809 Regis

797 1835 1022 1919 Magni
1073 1856 1144 1901 se
1182 1833 1552 1922 possedisse
1590 1836 1962 1902 testimonio
1996 1835 2345 1903 sufficienti
2378 1835 2888 1922 comprobasset,
2930 1853 3052 1900 nos

802 1945 1085 2010 dictante
1138 1943 1399 2009 iusticia
1450 1942 1855 2028 sepedictum
1908 1942 2204 2028 predium
2237 1941 2606 2026 Megyehyd
2657 1942 2935 2024 nomine,
2988 1950 3054 2007 et

801 2052 1149 2135 sexaginta
1168 2052 1397 2135 iugera
1426 2058 1595 2117 terre
1615 2051 1684 2115 in
1717 2051 1875 2116 uilla
1897 2051 2126 2135 Kyniz‚
2161 2050 2451 2117 Ecclesie
2491 2051 2676 2117 Beati
2711 2049 3051 2116 Michaelis

802 2158 1411 2241 adiudicauerimus,
1462 2159 1686 2244 libere,
1727 2165 1789 2224 et
1823 2159 2093 2244 pacifice
2127 2179 2273 2224 cum
2305 2159 2694 2244 molendino,
2746 2157 2920 2242 quod
2952 2166 3052 2224 est

798 2270 866 2334 in
900 2265 1126 2352 predio
1159 2262 1549 2350 Megyehyd,
1605 2264 1668 2330 in
1702 2284 1826 2348 quo
1858 2266 1987 2331 due
2038 2272 2174 2333 rote
2216 2268 2582 2351 voluuntur,
2633 2265 3052 2352 possidenda,

804 2373 969 2439 sicut
1020 2374 1229 2458 ipsum
1282 2369 1653 2457 Capitulum
1680 2373 1897 2439 ‘uobis
1953 2374 2240 2440 constitit
2302 2374 2597 2459 primitus
2656 2372 3052 2459 possedisse.

806 2480 1154 2549 Vduoruici
1186 2482 1391 2548 eciam
1424 2484 1904 2567 prememorati,
1958 2504 2037 2549 ne
2070 2484 2422 2567 aliquando
2470 2484 2636 2550 inter
2678 2482 3052 2567 Capitulum

808 2598 873 2658 et
904 2589 1102 2677 ipsos,
1142 2609 1338 2676 super
1370 2588 1705 2677 sepedicto
1740 2591 1986 2677 predio,
2021 2597 2086 2659 et
2119 2593 2462 2676 sexaginta
2495 2591 2828 2675 iugeribus
2859 2595 3055 2673 terre,

805 2698 1250 2767 controuersia
1268 2704 1492 2784 posset
1509 2699 1771 2781 exoriri,
1805 2700 2158 2787 assumptis
2179 2700 2521 2785 pristaldis
2543 2699 2801 2783 nostris,
2831 2701 3058 2783 Tynca

809 2806 1058 2873 scilicet
1088 2806 1169 2872 de
1201 2804 1486 2871 Herman
1511 2856 1527 2888 ‚
1582 2812 1646 2871 et
1677 2806 2000 2890 Emerico,
2051 2808 2314 2894 ipsimet
2346 2813 2593 2894 euntes,
2635 2826 2841 2874 nouas
2874 2806 3059 2872 iuxta

809 2918 1015 2980 metas
1064 2911 1372 2995 antiquas
1424 2911 1490 2976 in
1526 2912 1750 2998 predio
1782 2914 2172 3000 Megyehyd,
2226 2918 2307 2982 ob
2342 2917 2784 2983 testimonium
2835 2912 3060 2981 iustifi-

809 3021 1096 3089 cacionis
1126 3020 1423 3087 Ecclesie
1476 3029 1839 3104 erexerunt,
1889 3043 2013 3105 que
2038 3025 2208 3090 sicut
2239 3044 2356 3109 per
2400 3021 2753 3110 pristaldos
2800 3032 3059 3089 nostros

808 3129 1130 3215 predictos
1162 3135 1465 3215 presente
1496 3135 1768 3214 Vtraque
1802 3139 2009 3215 parte,
2044 3152 2174 3199 non
2206 3132 2709 3212 contradicente,
2765 3129 2882 3197 sed
2913 3149 3061 3196 con-

810 3236 1140 3303 senciente
1189 3237 1724 3322 intellexerimus,
1778 3239 1897 3303 tali
1948 3247 2098 3305 sunt
2147 3238 2373 3304 ordine
2427 3238 2679 3304 collate.
2735 3236 2838 3303 Ad
2887 3238 3062 3304 latus

811 3342 1125 3409 orientale
1172 3343 1485 3429 incipiunt
1516 3344 1599 3408 ab
1638 3362 1812 3425 aqua
1846 3346 2136 3431 Gangas,
2192 3355 2254 3412 et
2286 3345 2624 3412 tendentes
2656 3364 2885 3411 versus
2916 3365 3060 3431 sep·

816 3449 1223 3516 temtrionem
1253 3448 1499 3516 intrant
1546 3451 1723 3517 uiam
1755 3472 2080 3536 magnam,
2132 3453 2564 3520 continentem
2610 3451 2775 3519 duas
2814 3460 3062 3537 metas;

814 3563 877 3623 et
908 3553 1148 3622 abhinc
1181 3557 1398 3621 acerui
1451 3565 1769 3623 metarum
1802 3560 2221 3628 interiacente
2269 3561 2497 3627 eadem
2530 3564 2639 3628 via
2674 3560 3065 3647 protendun-

811 3675 912 3731 tur
944 3663 1028 3729 ad
1059 3661 1393 3750 spinosam
1421 3662 1928 3747 distinccione1n‚
1966 3689 2090 3753 que
2112 3671 2265 3754 vlgo
2287 3668 2520 3736 dicitur
2554 3689 2738 3754 megc
2773 3668 3063 3755 dupplici
3141 3719 3154 3728 .

813 3778 987 3838 meta
1036 3771 1519 3856 consignatam,
1575 3782 1638 3838 et
1687 3773 1756 3838 in
1809 3775 2033 3840 eadem
2087 3775 2515 3842 distiuccione
2568 3775 3063 3862 progredientes

812 3878 1078 3945 veniunt
1098 3877 1186 3944 ad
1204 3879 1485 3946 lutosum
1506 3879 1716 3945 riuum
1738 3880 1918 3947 cuius
1946 3882 2182 3949 deinde
2203 3885 2415 3951 cursui
2436 3884 2774 3951 obuiantes
2800 3885 3066 3951 veniunt

814 3987 901 4053 ad
931 3986 1156 4053 villam
1188 3985 1426 4070 Femie,
1481 3987 1701 4071 ibique
1753 3988 1872 4053 sub
1905 3989 2046 4073 piro
2100 3990 2478 4074 contingunt
2516 3991 2686 4057 viam
2739 3991 3066 4075 quandam

815 4094 1003 4162 metis
1035 4094 1312 4181 publicis
1350 4097 1892 4180 cognoscendam,
1926 4099 1990 4162 in
2026 4117 2156 4181 qua
2188 4118 2410 4165 rursus
2447 4102 2556 4165 via
2588 4097 2946 4184 procedunt
2978 4098 3068 4164 ad

810 4204 1004 4269 trium
1052 4202 1303 4268 viarum
1363 4202 1888 4270 coniunccionem
1913 4257 1930 4289 ,
1987 4205 2377 4272 habencium
2436 4227 2629 4272 unam
2692 4213 2930 4273 metam
2978 4204 3064 4272 de

814 4311 999 4395 Wep,
1026 4311 1298 4375 alteram
1332 4307 1413 4375 de
1436 4309 1677 4396 Femie,
1716 4311 1984 4378 terciam
2003 4312 2298 4379 Eeclesie
2331 4314 2794 4399 pertinentem;
2832 4312 3070 4379 deinde

814 4421 1257 4500 retorquentes
1288 4417 1375 4484 ad
1408 4416 1740 4484 meridiem
1763 4471 1779 4504 ,
1814 4428 1880 4486 et
1909 4420 2093 4486 iuxta
2121 4422 2433 4488 terminos
2472 4420 2891 4507 Vepiensium
2928 4440 3069 4507 pro·

818 4521 1056 4590 cedunt
1086 4543 1292 4607 vsquc
1344 4523 1430 4592 ad
1477 4545 1716 4609 aquam
1765 4524 2037 4611 Gungus
2057 4580 2074 4613 ,
2129 4549 2325 4612 quam
2376 4535 2808 4612 transeuntes,
2855 4528 3066 4613 girum

817 4630 1066 4697 faciunt
1095 4629 1160 4695 in
1195 4632 1366 4698 aluei
1397 4635 1709 4717 margine,
1766 4634 1829 4699 in
1863 4654 1990 4718 quo
2025 4634 2204 4720 prius
2238 4656 2411 4721 aqua
2444 4637 2717 4720 Gungus
2769 4634 3067 4703 decurre·
