3359 5250
1831 326 1959 392 152

1830 890 1986 959 103.

768 1075 810 1139 1
823 1074 891 1140 V.
923 1071 1088 1140 Bau
1120 1070 1470 1157 la’rdlynak
1505 1070 1867 1156 adomdnya
1896 1069 2107 1134 anes
2136 1068 2258 1135 ὀάη
2293 1071 2359 1135 ὡ
2385 1071 2747 1137 οεῑαωπίαἰ
2778 1072 3031 1159 herezeq

1621 1182 1933 1243 szdmdra.
1968 1178 2163 1243 1244.

985 1374 1066 1440 In
1097 1373 1357 1443 nomine
1391 1371 1632 1439 Sancte
1674 1371 2020 1439 Trinitatis
2054 1378 2119 1439 et
2150 1370 2491 1440 Indiuidue
2526 1372 2826 1440 Vnitatis.
2862 1372 3028 1441 Bela

767 1481 894 1548 Dei
926 1482 1155 1567 gracia
1185 1480 1546 1566 Hungarie,
1580 1478 1943 1564 Dalmacie,
1978 1477 2271 1563 Oroacie,
2304 1480 2531 1564 Rame,
2585 1479 2834 1563 Seruie,
2870 1481 3027 1548 Gal-

762 1589 935 1675 lieie,
959 1587 1342 1657 Lodomerie
1374 1587 1821 1672 Cumanieque
1845 1589 1986 1655 Rex
2025 1586 2092 1655 in
2120 1594 2524 1674 perpetuum.
2558 1586 2842 1656 Grandis
2862 1590 3016 1656 emi-

765 1697 1066 1764 neneium
1116 1697 1404 1763 virorum
1433 1695 1720 1763 fidelitas
1770 1692 2084 1780 grandem
2117 1693 2301 1782 apud
2346 1694 2636 1762 illustres
2674 1704 2739 1762 et
2771 1696 3020 1781 magni-

761 1803 917 1873 ficos
968 1804 1520 1873 remuneracionis
1570 1803 1868 1888 graciam
1915 1809 2318 1889 promeretur
2336 1852 2354 1886 ,
2419 1808 2484 1869 et
2535 1803 2816 1869 maxime
2870 1823 3018 1870 eum

766 1910 1131 1978 eminencia
1163 1931 1384 1979 eorum
1414 1909 1752 1978 fidelitatis
1805 1929 2007 1998 opera
2037 1928 2153 1996 per
2185 1909 2516 1993 quandam
2554 1909 2747 1994 quasi
2777 1910 3025 1977 violen-

766 2018 938 2086 ciam
982 2018 1414 2104 requiruntnr.
1467 2016 1749 2084 Proinde
1801 2015 1889 2082 ad
1928 2015 2371 2083 vniuersorum
2425 2023 2559 2082 tam
2609 2017 3019 2101 presencium

768 2145 964 2211 quam
1014 2132 1421 2214 posterorum
1468 2122 1779 2192 noticiam
1830 2123 2062 2189 harum
2095 2122 2263 2189 serie
2313 2124 2615 2190 volumus
2645 2125 3009 2211 peruenire,

768 2232 944 2316 quod
993 2232 1392 2319 predilectus
1442 2237 1504 2296 et
1535 2229 1753 2296 fidelis
1803 2236 2024 2295 noster
2074 2228 2433 2313 Dyonisius
2484 2229 2704 2296 Banns
2754 2240 2819 2298 et
2864 2232 3019 2298 Dux

765 2337 976 2406 tocius
1006 2338 1359 2405 Sclauonie
1408 2357 1450 2403 a
1479 2345 1706 2403 tenera
1745 2336 1959 2402 adhuc
2009 2340 2186 2402 etate
2229 2342 2455 2400 nostra
2506 2335 2752 2422 pariter
2804 2344 2867 2403 et
2898 2355 3021 2403 sua

767 2440 1153 2527 inseruiens,
1186 2440 1466 2509 fideliter
1501 2461 1739 2526 regens
1771 2447 1837 2507 et
1866 2440 2157 2526 dirigens
2190 2458 2456 2525 gressus
2489 2459 2642 2508 suos
2675 2439 2760 2508 de
2778 2443 3020 2510 virtute

764 2547 1150 2617 multimoda
1180 2548 1519 2616 fidelitatis
1539 2549 1994 2637 multiplicium
2015 2567 2281 2637 operum
2320 2547 2628 2636 produxit
2657 2549 2722 2614 in
2746 2550 3019 2618 virtutes

762 2678 882 2746 pro
933 2658 1216 2726 utilitate
1266 2665 1490 2725 nostra
1522 2663 1589 2725 et
1620 2658 1835 2742 Regni
1866 2657 2094 2741 nostri,
2130 2675 2476 2743 personam
2526 2675 2715 2723 suam
2767 2658 3022 2726 carissi-

764 2782 936 2829 mam
969 2765 1253 2831 simulet
1285 2784 1389 2832 res
1424 2765 1808 2853 exponendo
1858 2764 2138 2832 fideliter
2171 2772 2236 2831 et
2267 2763 2540 2831 viriliter
2572 2763 2790 2848 dubijs
2831 2783 3022 2832 euen-

763 2870 942 2937 tibus
974 2876 1039 2937 et
1086 2870 1399 2956 fortunis3
1437 2879 1705 2959 propter
1750 2891 1876 2957 que
1928 2874 1998 2939 in
2030 2871 2419 2957 Magistrum
2449 2872 2835 2956 Agazonum
2888 2892 3018 2938 me·

765 2984 992 3043 ruerat
1021 2977 1244 3065 prefici
1278 2998 1320 3044 a
1351 2978 1561 3062 nobis,
1597 2980 1879 3065 amplius
1913 2979 2124 3045 eciam
2157 2975 2599 3065 preferendus.
2649 2979 2734 3043 Et
2768 2984 2836 3043 vt
2868 2996 3021 3060 que·

766 3084 918 3153 dam
951 3086 1031 3153 de
1065 3088 1307 3172 multis,
1364 3094 1678 3171 tanquam
1714 3089 1781 3154 in
1813 3107 1926 3156 sue
1959 3086 2299 3155 fidelitatis
2332 3085 2588 3171 delieijs
2630 3085 3020 3155 delectando

762 3194 1218 3261 nominetenus
1269 3196 1598 3280 exprimat
1647 3217 1829 3263 mens
1878 3197 2184 3281 Regalis3
2239 3195 2304 3260 in
2353 3194 2654 3261 conflictu
2704 3196 3019 3281 generali,

767 3298 941 3382 quod
986 3298 1334 3365 habuimus
1384 3300 1453 3366 in
1483 3303 1723 3386 Soyow
1776 3322 1921 3368 cum
1972 3308 2166 3385 gente
2227 3299 2539 3387 pestifera
2568 3301 3017 3385 Tartarorum,

767 3404 1120 3472 intuicione
1152 3426 1430 3492 persone
1480 3414 1703 3473 nostre
1739 3428 1949 3493 sagax
1983 3413 2046 3473 et
2079 3415 2383 3474 strenuus
2418 3406 2631 3473 extitit
2675 3406 3022 3476 laudabili·

762 3518 863 3580 ter
914 3513 1287 3599 pugnando.
1351 3512 1770 3582 Postmodum
1823 3535 1997 3599 vero,
2052 3534 2194 3581 cum
2248 3514 2336 3580 ad
2387 3519 2606 3601 partes
2656 3516 3019 3585 maritimas

763 3639 1202 3705 vergeremuS,
1258 3643 1586 3707 nunquam
1619 3642 1691 3689 se
1725 3641 1767 3687 a
1804 3628 2031 3688 nostra
2062 3629 2562 3705 nostrorumque
2598 3621 3020 3692 familiarium

763 3728 1060 3794 custodia
1092 3729 1450 3813 elongauit,
1485 3728 1765 3817 peruigil
1812 3737 1876 3796 et
1906 3730 2190 3797 intentus
2224 3731 2400 3796 circa
2444 3733 3020 3817 recuperacionem

762 3836 1265 3922 prosperitatum
1307 3844 1715 3920 nostrarum,
1769 3857 1933 3922 quas
1984 3856 2061 3906 eo
2113 3844 2401 3922 tempore
2454 3858 2495 3905 a
2527 3838 2716 3907 nobis
2766 3839 3019 3907 subtra-

762 3950 950 4010 xerat
980 3962 1213 4010 manus
1245 3942 1391 4010 Dei.
1434 3945 1518 4010 Et
1550 3943 1706 4029 quia
1738 3942 2119 4011 dulcissima
2149 3941 2487 4011 fidelitatis
2528 3945 2666 4012 eius
2701 3946 3019 4032 obsequia

763 4066 910 4113 eum
959 4047 1044 4115 ad
1075 4048 1351 4116 alciores
1403 4049 1649 4135 gradus
1679 4056 1899 4116 nostre
1950 4051 2175 4134 gracie
2225 4051 2455 4118 merito
2506 4053 2893 4137 extulerant,
2947 4052 3019 4119 in

760 4154 1013 4222 Banum
1063 4162 1130 4222 et
1177 4156 1429 4224 Ducem
1480 4156 1692 4224 tocius
1743 4156 2091 4225 Sclauonie
2140 4157 2530 4244 prefecimus
2582 4160 2879 4245 eundem,
2932 4179 3018 4227 ex

760 4261 945 4327 cuius
992 4259 1189 4346 officij
1243 4262 1484 4348 debito,
1544 4263 1714 4331 sicut
1745 4262 2152 4332 diuersarum
2181 4266 2474 4332 Ducatus
2525 4266 2815 4334 eiusdem
2867 4287 3018 4353 par·

759 4368 933 4435 cium
962 4368 1450 4436 defensionibus
1485 4389 1631 4437 eum
1666 4369 1806 4437 fore
1839 4371 2347 4438 intentissimum
2369 4372 2735 4457 oportebat,
2769 4373 2866 4440 sic
2895 4393 3020 4461 per

758 4470 1197 4543 diuersimoda
1243 4477 1460 4564 prelia
1489 4475 1769 4545 diuersa·
1808 4478 1875 4543 in
1907 4479 2171 4565 proprio
2204 4499 2478 4566 corpore
2523 4480 2840 4567 stigmata
2872 4501 3015 4549 sus·

756 4579 947 4666 cepit,
999 4579 1099 4646 vir
1147 4588 1466 4668 strenuus,
1515 4583 1817 4672 adprime
1866 4582 2239 4653 dimicando
2258 4637 2276 4670 ,
2333 4606 2608 4673 quorum
2656 4586 2995 4655 cicatrices
