3359 5250
1328 406 1370 411 ‚c
1409 316 1624 416 333--

1393 891 1550 958 227.

348 1070 467 1135 IV.
507 1070 690 1136 Incze
717 1072 892 1159 pcipa
923 1072 1413 1159 uqyanazoknak
1445 1022 1820 1161 mepenqedi,
1852 1077 2015 1161 koyy
2045 1076 2150 1140 te'li
2170 1076 2385 1142 id6ben
2416 1078 2587 1141 mele-

828 1180 975 1265 yehb
1006 1181 1250 1246 ruhciba
1278 1181 1849 1247 5lt5zk6dhesscnek.
1891 1181 2086 1249 1251.

555 1375 973 1445 Innocentius
1005 1376 1369 1465 Episcopus
1421 1396 1648 1447 seruus
1697 1397 2030 1447 seruorum
2061 1381 2186 1447 Dei
2218 1377 2474 1447 dilectis
2523 1379 2589 1447 in
2634 1420 2639 1425 -

333 1485 596 1553 Christo
627 1485 888 1552 filiabus
926 1536 939 1550 .
978 1534 991 1550 .
1030 1534 1043 1550 .
1081 1484 1435 1554 Abbatisse
1485 1492 1549 1553 et
1583 1485 1944 1555 Conuentui
1978 1487 2356 1554 Monialium
2387 1487 2588 1554 inclu-

332 1611 555 1660 sarum
588 1592 966 1678 Monasterij
1019 1593 1262 1661 Sancte
1294 1594 1631 1664 Elisabeth
1685 1596 1752 1662 in
1783 1595 2008 1682 Tyrna
2049 1594 2315 1663 Ordinis
2363 1594 2587 1664 Sancti

330 1701 642 1768 Damiani
675 1700 1139 1787 Strigoniensis
1171 1702 1472 1772 Diocesis
1509 1702 1786 1772 salutem
1818 1709 1884 1772 et
1914 1704 2356 1790 Apostolicam
2391 1703 2583 1772 bene·

330 1808 699 1877 dictionem.
733 1809 973 1878 Diuine
1005 1810 1410 1883 affluentiam
1430 1812 1698 1900 pietatis
1729 1811 2027 1880 habendo
2062 1833 2177 1899 pre
2196 1811 2423 1897 oculis,
2461 1831 2587 1899 que

327 1916 541 2003 nobis,
576 1916 730 1985 licet
749 1919 1087 2005 inmeritis,
1109 1938 1330 1989 curam
1350 1919 1679 2006 generalis
1700 1920 2020 1987 commisit
2039 1919 2353 2006 Ecclesie‚
2384 1919 2585 1990 saluti

327 2025 616 2096 omnium
635 2026 910 2094 libenter
928 2026 1354 2115 intendimus;
1388 2027 1506 2097 sed
1536 2027 1797 2097 illorum
1830 2027 2157 2114 precipue,
2190 2027 2302 2112 qui
2320 2026 2583 2099 Diuinis

327 2134 642 2201 laudibus
692 2133 1059 2221 frequenter
1106 2134 1475 2225 inuigilant,
1529 2142 1595 2203 et
1623 2135 1732 2223 pie
1781 2133 1915 2202 uite
1948 2132 2163 2204 studio
2213 2134 2354 2203 sine
2391 2135 2584 2204 inter·

329 2242 641 2312 missione
694 2242 1029 2312 desudant.
1096 2243 1410 2315 Exhibita
1458 2244 1780 2330 siquidem
1830 2243 2022 2312 nobis
2074 2248 2293 2311 uestra
2343 2244 2580 2332 peticio

321 2353 719 2440 continebat,
771 2352 947 2438 quod
995 2355 1152 2421 licet
1202 2354 1288 2420 sit
1333 2352 1402 2420 in
1453 2351 1782 2420 desiderio
1836 2359 2053 2421 uestro
2104 2353 2415 2422 continua
2465 2373 2582 2441 per

321 2459 743 2529 afflictionem
776 2462 993 2530 carnis
1025 2462 1362 2530 ass÷duam
1397 2462 1628 2529 mereri
1663 2461 1917 2547 premia
1945 2459 2321 2547 beatorum3
2359 2467 2578 2529 tamen

318 2566 655 2657 fragilitas
688 2578 908 2639 uestra
935 2590 1066 2639 non
1097 2569 1353 2657 sufficit,
1387 2568 1562 2656 quod
1590 2569 2023 2639 intensionem
2040 2567 2305 2656 frigoris
2337 2573 2579 2638 uestra-

323 2696 468 2744 rum
500 2678 791 2765 parcium
824 2676 965 2746 sine
995 2679 1256 2747 incursu
1289 2677 1683 2747 discriminis
1720 2677 2057 2755 ,sustinere
2087 2676 2373 2765 possitis.
2407 2676 2578 2759 Quia

318 2804 476 2852 uero
511 2785 750 2853 decens
789 2792 855 2852 et
885 2787 1152 2873 dignum
1184 2806 1331 2856 esse
1370 2785 1790 2873 dignoscitur,
1839 2794 1912 2854 ut
1941 2785 2356 2874 prouidentia
2386 2784 2576 2854 Sedis

322 2892 706 2980 Apostolice
754 2893 1157 2979 suffragante
1188 2915 1231 2961 a
1262 2895 1449 2962 uobis
1498 2895 1722 2980 iugum
1754 2894 2017 2962 Domini
2067 2912 2211 2960 cum
2251 2893 2576 2962 suauitate

322 2999 572 3068 feratur
603 3027 619 3066 ε
654 3022 771 3070 nos
802 3003 1038 3071 uestris
1068 3000 1658 3090 supplicationibus
1693 3005 2050 3069 annuentes
2081 3001 2269 3069 uobis
2300 3001 2574 3070 auctori·

317 3118 456 3178 tate
504 3109 897 3198 presentium
946 3111 1382 3198 indulgemus,
1434 3118 1507 3179 ut
1533 3133 1661 3179 non
1703 3112 2002 3179 obstante
2052 3110 2380 3180 contraria
2430 3130 2574 3178 con·

323 3219 673 3288 suetudine
720 3220 827 3288 uel
879 3225 1120 3289 statuto
1169 3221 1376 3289 uestri
1409 3219 1694 3305 Ordinis,
1743 3219 2018 3286 durante
2066 3216 2437 3285 huiusmodi
2469 3218 2573 3285 fri-

321 3349 482 3413 gore
515 3328 607 3397 uti
639 3329 920 3415 pellibus
954 3330 1156 3397 libere
1188 3331 1488 3398 ualeatis.
1540 3328 1723 3396 Nulli
1755 3348 1912 3414 ergo
1945 3326 2204 3396 omnino
2243 3328 2571 3397 hominum

319 3436 520 3504 liceat
571 3437 743 3505 hanc
790 3438 1109 3525 paginam
1156 3445 1378 3507 nostre
1439 3436 1876 3507 concessionis
1924 3435 2297 3521 iufringere,
2354 3437 2461 3503 uel
2510 3436 2570 3503 ei

320 3561 485 3611 ausu
535 3546 888 3615 temerario
938 3547 1283 3615 contraire.
1332 3547 1551 3632 Siquis
1583 3552 1802 3613 autem
1835 3546 1959 3613 hoc
1991 3549 2380 3630 attemptare
2427 3563 2572 3633 pre-

317 3655 686 3742 sumpserit,
716 3654 1240 3742 indignationem
1271 3654 1754 3742 Omnipotentis
1774 3653 1902 3720 Dei
1934 3659 1998 3720 et
2016 3653 2364 3723 Beatorum
2397 3653 2571 3722 Petri

321 3771 387 3829 et
415 3762 610 3830 Pauli
638 3763 1101 3850 Apostolorum
1134 3762 1275 3829 eius
1314 3781 1386 3830 se
1415 3760 1672 3830 nouerit
1701 3761 2119 3828 incursurum.
2161 3760 2405 3827 Datum
2443 3762 2570 3827 Me-

314 3871 568 3940 diolani
602 3870 910 3941 kalendis
943 3871 1343 3960 Septembris
1375 3869 1796 3939 Pontificatus
1829 3870 2033 3938 nostri
2062 3889 2231 3937 anno
2263 3888 2454 3938 nono.

311 4072 587 4136 (Erodotio
616 4071 970 4140 bb'rbdrtyam
998 4073 1221 4140 melyrb'l
1249 4089 1280 4124 a
1307 4071 1448 4141 papa
1476 4069 1860 4139 olompecsetje
1887 4067 2237 4136 votos-sarga
2266 4069 2568 4135 selyemzsi·

744 4164 918 4218 πότου
939 4164 1093 4232 fiigg,
1120 4179 1155 4216 a
1178 4164 1347 4217 budai
1367 4164 1469 4216 kir.
1496 4164 1739 4215 kamarai
1759 4156 2137 4231 leveltdrban.)
