3359 5250
1819 318 1956 388 550

757 528 899 578 mos
929 510 1091 580 fines
1122 513 1395 580 Bruscie
1426 515 1937 603 devenissemus,
1988 518 2080 585 rei
2113 518 2481 604 subscripto
2517 521 2859 587 veritatem
2912 520 3010 588 di-

755 618 1053 688 dicimus.
1087 620 1191 707 Oy
1223 642 1328 688 res
1360 622 1734 691 miseranda
1764 632 1827 691 et
1859 628 2159 694 omnibus
2198 627 2558 714 stupenda!
2612 629 2864 714 Ungari
2900 650 3014 716 pa·

757 729 938 816 gani,
973 735 1040 797 et
1071 730 1363 815 Bnlgari,
1397 739 1461 798 et
1490 734 1719 817 Regna
1750 736 2033 821 plurima
2063 756 2105 802 a
2137 737 2435 803 Tartaris
2468 745 2619 804 sunt
2658 738 3011 806 destructa.

759 834 951 914 Quod
983 844 1203 904 autem
1236 838 1369 905 sint
1387 839 1664 926 Tartari,
1703 841 1971 910 cuiusve
1996 852 2193 925 secte,
2229 846 2398 911 sicut
2429 846 2686 932 petistis
2707 844 3009 931 discrete,

760 945 945 1012 vobis
977 953 1202 1013 tenore
1233 950 1645 1034 presencium
1678 952 2018 1018 enarrabo.
2069 955 2375 1021 Relatum
2404 960 2506 1021 est
2538 954 2712 1021 enim
2743 977 2785 1020 a
2820 954 3015 1042 pluri-

760 1054 901 1139 bus,
936 1053 1110 1140 quod
1142 1055 1422 1139 Tartari,
1475 1057 1585 1141 qui
1618 1059 1799 1143 prius
1833 1059 2294 1127 inhabitabant
2344 1069 2608 1149 terram,
2661 1083 2860 1147 quam
2892 1063 3016 1129 Cu-

759 1162 938 1229 mani
968 1181 1141 1228 nunc
1170 1162 1558 1249 inhabitant,
1597 1164 1899 1233 dicuntur
1931 1170 1997 1234 in
2032 1168 2311 1234 veritate
2341 1170 2458 1236 filii
2491 1170 2824 1253 Ysmahel,
2860 1171 3015 1238 inde

761 1268 1170 1337 Ysmahelite
1219 1273 1444 1339 volunt
1474 1293 1643 1340 nunc
1674 1277 1935 1342 Tartari
1984 1275 2328 1363 appellari.
2385 1279 2591 1343 Terra
2640 1285 2882 1362 antem,
2935 1278 3016 1345 de

762 1398 894 1465 qua
921 1378 1105 1466 prins
1135 1386 1287 1445 sunt
1318 1384 1585 1465 egressi,
1622 1384 1863 1451 Gothia
1894 1391 2185 1469 vocatur,
2220 1403 2414 1468 quam
2455 1387 2682 1452 Ruben
2704 1383 3014 1469 Gothiani
3080 1402 3091 1410 ·

763 1490 1045 1558 vocavit.
1098 1490 1387 1556 Primum
1416 1501 1633 1559 autem
1686 1494 1922 1561 bellum
1952 1495 2368 1563 Tartarorum
2416 1496 2635 1563 taliter
2667 1504 2767 1563 est
2796 1496 3011 1564 incho-

763 1606 943 1667 atum
967 1623 982 1664 ι
1016 1601 1169 1667 Dux
1188 1601 1416 1667 eratin
1449 1607 1622 1668 terra
1644 1603 1889 1670 Gothia
1910 1604 2252 1687 Gurgutba
2279 1605 2558 1688 nomine,
2592 1604 2704 1689 qni
2725 1623 3017 1672 sororem

763 1710 1053 1779 habebat
1083 1710 1423 1796 virginem,
1477 1713 1853 1797 parentibus
1886 1712 2208 1781 defunctis
2256 1732 2373 1780 sue
2405 1712 2653 1779 familie
2684 1712 3013 1799 presiden-

763 1825 917 1904 tem,
952 1824 1019 1889 et
1049 1819 1290 1886 honore
1323 1818 1499 1886 virili
1530 1840 1600 1888 se
1621 1831 1978 1907 gerentem,
2014 1829 2085 1888 ut
2116 1821 2371 1889 dicitnr.
2400 1821 2823 1908 Expugnavit
2844 1821 3016 1887 enim

763 1930 1011 1996 Ducem
1043 1928 1367 2015 quendam
1389 1929 1517 1998 sibi
1549 1930 1856 2015 vicinum,
1889 1939 1956 1999 et
1986 1931 2287 1999 eumdem
2307 1930 2497 1999 bonis
2526 1931 2663 1999 suis
2685 1929 3015 2018 spoliavit.

762 2038 1029 2127 Elapsis
1077 2043 1296 2105 autem
1347 2038 1737 2124 quibusdam
1786 2039 2221 2126 temporibus,
2274 2059 2418 2106 cum
2463 2039 2694 2105 iterum
2740 2038 3016 2105 eundem

763 2149 1011 2215 Ducem
1044 2148 1401 2235 predictum
1431 2148 1853 2218 Tartarorum
1905 2150 2082 2219 natio
2115 2168 2513 2236 expugnare,
2544 2146 2713 2216 sicut
2749 2165 3017 2215 consue-

765 2261 969 2342 verat,
998 2256 1352 2340 niteretur;
1385 2256 1497 2323 ille
1528 2257 1654 2324 sibi
1686 2277 2064 2344 precavens,
2100 2255 2445 2324 commisso
2479 2255 2655 2323 bello
2696 2275 2843 2320 cum
2876 2274 3012 2339 pre-

765 2364 942 2431 dicta
990 2362 1215 2449 puella
1261 2364 1593 2430 convaluit
1631 2365 1699 2431 in
1730 2365 2104 2450 pugnando,
2156 2372 2222 2431 et
2252 2384 2418 2449 eam,
2452 2383 2648 2449 quam
2687 2361 2872 2449 prius
2901 2361 3014 2428 ha-

767 2470 907 2539 buit
937 2469 1410 2557 adversariam,
1446 2473 1825 2557 captivavit,
1862 2493 2306 2559 conversoque
2335 2473 2402 2539 in
2422 2472 2645 2556 fugam
2677 2492 2798 2540 suo
2831 2491 3015 2537 exer-

767 2581 922 2665 citu,
953 2578 1167 2665 ipsam
1187 2579 1254 2646 in
1286 2579 1668 2667 captivitate
1700 2580 1983 2667 positam
2005 2580 2300 2666 violavit,
2340 2587 2407 2647 et
2436 2580 2503 2646 in
2536 2579 2798 2665 signum
2817 2579 3016 2664 majo-

766 2687 857 2756 ris
888 2686 1177 2756 vindicte
1226 2687 1608 2756 defloratam
1642 2688 1919 2775 turpiter
1953 2687 2321 2757 decollavit.
2373 2687 2516 2766 Quo
2548 2685 2773 2754 audito
2820 2687 3019 2754 frater

765 2797 982 2886 puelle
1013 2803 1367 2863 memorate
1388 2795 1733 2882 Gurgutha
1765 2816 1963 2883 supra
1997 2795 2211 2863 dictus
2232 2798 2404 2883 Dux,
2431 2796 2657 2864 nuntio
2690 2795 2779 2861 ad
2811 2796 3018 2862 virum

769 2907 1095 2995 prefatum
1117 2904 1439 2989 delegate,
1474 2904 1607 2971 tale
1641 2903 1846 2970 fertur
1864 2905 2243 2970 mandatnm
2268 2904 2746 2972 transmisisse:
2785 2903 3016 2992 „Intel-

765 3016 922 3103 lexi,
979 3014 1155 3101 quod
1185 3033 1472 3083 sororem
1522 3034 1734 3081 meam
1769 3013 2151 3080 defloratam
2203 3012 2566 3082 decollasti.
2620 3013 2922 3102 Noveris,
2955 3021 3018 3081 te

772 3143 940 3213 opus
972 3124 1133 3191 mihi
1154 3122 1548 3191 contrarium
1584 3122 1905 3207 exegisse.
1943 3122 2013 3188 Si
2046 3142 2230 3189 soror
2261 3142 2408 3188 mea
2438 3121 2715 3190 forsitan
2748 3123 2873 3189 fuit
2901 3122 3018 3190 tibi

771 3233 1084 3318 inquieta,
1136 3230 1610 3317 dampnificans
1642 3235 1707 3295 te
1742 3229 2112 3313 mobilibuS,
2164 3229 2247 3295 ad
2282 3249 2383 3296 me
2417 3227 2728 3298 accedere
2760 3237 3017 3317 poteras

770 3343 857 3408 ab
894 3360 974 3406 ea
1006 3359 1240 3423 equum
1264 3337 1555 3424 judicem
1586 3338 1945 3424 petiturus3
1979 3340 2087 3405 vel
2119 3338 2177 3407 si
2208 3337 2509 3405 manibus
2530 3339 2817 3425 propriis
2848 3341 3019 3407 vole-

770 3450 894 3517 bas
942 3454 1009 3515 te
1039 3447 1391 3533 vindicare,
1446 3447 1839 3514 debellatam
1873 3453 2129 3533 captam
2180 3446 2583 3533 defloratam,
2637 3454 2903 3535 poteras
2951 3451 3017 3515 in

772 3578 1039 3626 uxorem
1089 3556 1443 3645 accepisse.
1494 3555 1566 3623 Si
1617 3562 1835 3622 autem
1869 3555 2212 3624 occidendi
2263 3555 2665 3643 propositum
2709 3556 3018 3641 habuisti,

775 3666 1148 3734 nullatenus
1183 3666 1505 3733 debueras
1537 3664 1873 3732 deflorare.
1921 3666 2123 3732 Immo
2156 3684 2311 3733 vero
2343 3664 2412 3729 in
2445 3663 2700 3731 duobus
2730 3662 3022 3750 dampni·

769 3774 993 3862 ficans,
1035 3782 1100 3841 et
1129 3773 1440 3859 virginali
1470 3772 1783 3859 pudicitie
1815 3773 2279 3860 turpitudinem
2310 3771 2610 3858 intulisti,
2658 3777 2723 3838 et
2752 3770 3025 3859 capitali

772 3889 979 3951 morte
1029 3901 1176 3948 eam
1208 3881 1664 3949 miserabiliter
1715 3881 2232 3965 condempnasti.
2281 3881 2559 3967 Propter
2589 3876 2762 3964 quod
2793 3879 2863 3945 in
2891 3878 3024 3945 vin-

772 3994 1016 4059 dictam
1049 3991 1227 4058 necis
1260 3991 1476 4078 puelle
1506 3991 1758 4077 prefate
1794 3991 1985 4075 scias,
2018 4011 2120 4056 me
2149 3978 2363 4056 tecum
2416 3985 2569 4054 totis
2599 3986 2841 4056 viribes
2874 4008 3022 4056 con-

771 4102 1203 4186 gressurum.“
1253 4101 1395 4168 Hoc
1426 4101 1702 4168 audiens
1733 4103 1885 4167 Dux
1917 4102 2096 4167 necis
2131 4104 2561 4187 perpetrator,
2598 4106 2663 4165 et
2691 4097 2921 4165 videns
2954 4118 3026 4165 se

772 4232 897 4279 non
931 4230 1127 4296 posse
1156 4211 1483 4295 resistere,
1537 4210 1708 4294 fugit
1740 4230 1886 4277 cum
1919 4209 2054 4276 suis
2088 4209 2176 4275 ad
2206 4207 2569 4275 Soldanum
2609 4208 2693 4273 de
2722 4207 3028 4274 Homach

765 4330 946 4391 terra
992 4320 1200 4407 primo
1233 4318 1567 4386 derelicta.
1619 4318 1740 4386 His
1773 4320 1997 4403 itaque
2049 4317 2335 4404 peractis
2384 4322 2527 4382 erat
2558 4318 2710 4382 Dux
2758 4313 3028 4400 quidam

768 4435 837 4503 in
869 4441 1048 4502 terra
1078 4427 1516 4496 Cumanorum
1567 4427 1829 4493 nomine
1859 4427 2150 4513 Witopb,
2204 4426 2389 4492 cuius
2421 4422 2652 4490 divitie
2702 4429 2835 4490 tam
2882 4442 3028 4510 pre-

773 4543 951 4610 clare
982 4537 1508 4628 predicabantur‚
1563 4535 1740 4620 quod
1774 4538 1972 4602 etiam
2003 4554 2244 4619 pecora
2276 4553 2402 4600 sua
2431 4532 2498 4598 in
2539 4532 2758 4599 aureis
2789 4530 3029 4598 canali-

774 4651 896 4726 bus
928 4652 997 4718 in
1028 4648 1278 4740 campis
1298 4647 1759 4739 pascebantur.
1794 4644 2004 4730 Quem
2025 4645 2179 4716 Dux
2209 4643 2385 4714 alius
2416 4640 2500 4709 de
2531 4640 2796 4710 flumine
2814 4638 3030 4707 Buchs
