3359 5250
1413 373 1501 441 59

1406 947 1520 1017 38.

332 1126 567 1194 Mildds
583 1125 1145 1214 alorsqubirdnak
1173 1126 1376 1193 italae
1406 1149 1568 1192 azon
1598 1126 1971 1215 bardtsdqos
1991 1127 2394 1216 eyyessdqrffl,
2424 1128 2585 1216 mely

330 1235 567 1302 Hoholt
599 1257 796 1301 comcs
825 1246 880 1300 et
916 1234 1174 1302 Boo-ohel
1212 1236 1352 1301 Ιοδει
1384 1234 1672 1322 bizonyos
1717 1234 2042 1324 Veszprdm
2092 1239 2253 1302 nevit
2282 1236 2587 1303 birtokrdl

1156 1344 1534 1430 meqwroent.
1576 1344 1771 1408 1238.

543 1540 684 1609 Nos
733 1539 817 1607 N.
850 1539 1211 1626 Vicejudex
1263 1538 1452 1608 Ourie
1501 1538 1747 1609 domini
1795 1539 1995 1626 Regis
2044 1541 2458 1629 presentibus
2510 1560 2588 1610 ac

333 1648 570 1718 futuris
599 1652 937 1736 presentes
987 1648 1243 1715 litteras
1273 1648 1662 1735 inspecturis
1696 1649 2135 1734 significamus
2155 1700 2173 1735 ‚
2227 1650 2403 1735 quod
2443 1669 2586 1716 cum

334 1756 578 1824 Hoholt
607 1754 840 1823 Comes
878 1776 921 1821 a
950 1755 1232 1840 quodam
1263 1755 1521 1826 nomine
1551 1757 1824 1825 Berchel
1855 1762 2094 1824 terram
2145 1756 2406 1825 nomine
2438 1758 2587 1824 Bez-

335 1866 501 1954 prim
533 1883 759 1931 coram
788 1863 978 1932 nobis
1015 1864 1082 1930 in
1125 1864 1368 1932 iudicio
1401 1865 1773 1950 requireret,
1826 1865 2089 1933 tandem
2120 1886 2237 1935 nos
2275 1864 2589 1954 peticioni

337 1977 672 2059 Vtriusque
700 1971 908 2059 partis
958 1973 1409 2058 aquiescentes
1444 1992 1556 2040 eos
1591 1972 1678 2040 ad
1709 1972 2193 2042 reformandam
2230 1994 2461 2061 pacem
2493 1993 2588 2041 re-

338 2083 651 2150 misimus,
688 2078 816 2158 Qui
846 2079 1253 2167 postmodum
1285 2079 1372 2146 ad
1393 2100 1513 2149 nos
1545 2086 1941 2150 reuertentes
1971 2081 2341 2149 huiusmodi
2359 2100 2589 2168 pacem

339 2191 507 2257 inter
538 2209 612 2256 se
652 2189 1092 2275 composuisse
1137 2187 1327 2254 nobis
1379 2187 1737 2255 retulerunt
1770 2212 1785 2252 ε
1820 2188 1906 2255 Vt
1938 2187 2145 2256 dictus
2177 2191 2249 2256 Β.
2284 2188 2368 2257 de
2414 2194 2591 2256 terra

340 2299 637 2385 Bezprim
691 2316 875 2363 suam
924 2295 1257 2383 propriam
1307 2301 1372 2363 et
1412 2302 1835 2382 cognatorum
1881 2317 2140 2365 suorum
2190 2296 2586 2384 porcionem,

336 2405 529 2472 Pauli
585 2403 891 2470 videlicet
942 2408 1008 2468 et
1037 2400 1175 2469 Gvr
1207 2402 1495 2490 Comitis,
1550 2423 1695 2470 cum
1734 2403 1908 2472 bona
1955 2404 2289 2472 voluntate
2331 2412 2399 2472 et
2447 2425 2592 2473 con-

340 2533 534 2580 sensu
589 2511 941 2579 eorundem
972 2529 1056 2579 ex
1088 2517 1275 2597 parte
1325 2508 1714 2579 occidentali
1764 2510 1947 2577 iuxta
1992 2511 2259 2578 fluuium
2292 2511 2592 2598 Vysobur

342 2640 485 2688 cum
516 2620 692 2687 silua
722 2628 789 2687 et
818 2617 1058 2706 feneto‚
1108 2618 1317 2686 eidem
1349 2620 1431 2686 H.
1465 2618 1702 2687 Comiti
1734 2641 1852 2707 pro
1886 2619 2304 2705 quatraginta
2349 2618 2589 2687 marcis

341 2730 747 2799 vendidisset
792 2727 1066 2816 pacifice
1116 2736 1181 2795 et
1229 2728 1446 2812 quiete
1492 2734 1808 2816 perpetuo
1858 2728 2349 2815 possidendam.
2402 2726 2591 2806 Quod

342 2860 422 2907 ne
453 2859 496 2904 a
528 2835 847 2906 memoria
897 2834 1168 2921 fugeret,
1221 2834 1454 2903 litteris
1486 2836 1729 2903 nostris
1762 2835 2031 2905 fecimus
2079 2835 2365 2922 alligari,
2418 2843 2481 2904 et
2512 2837 2591 2903 si-

343 2946 485 3031 gilli
528 2946 740 3012 nostri
803 2942 1156 3010 munimine
1208 2942 1519 3012 roborari.
1585 2941 1786 3010 Cuius
1837 2963 2033 3011 cause
2091 2941 2448 3031 pristaldus
2499 2950 2597 3013 est

343 3053 650 3140 Mathyas
700 3050 785 3118 de
813 3049 975 3118 villa
1006 3048 1297 3119 Ohodad.
1350 3049 1613 3118 Dictam
1643 3058 1864 3119 autem
1911 3071 2276 3137 sumpmam
2324 3052 2599 3138 pecunie

346 3161 409 3229 in
456 3159 807 3248 presencia
858 3158 1063 3226 nostri
1111 3159 1325 3225 dictus
1374 3160 1457 3226 H.
1490 3157 1725 3227 Comes
1775 3158 1931 3226 fecit
1966 3156 2254 3244 persolui
2302 3157 2599 3243 plenarie

347 3268 518 3337 dicto
550 3268 846 3335 Berchel.
902 3267 1073 3334 Mete
1123 3286 1279 3335 vero
1312 3267 1601 3355 predicte
1631 3272 1808 3335 terre
1847 3272 1999 3335 sunt
2045 3265 2170 3334 iste
2199 3291 2215 3333 ε
2247 3265 2471 3334 Prima
2497 3266 2590 3334 in-

348 3377 506 3463 cipit
534 3377 606 3443 in
636 3381 824 3463 parte
874 3374 1175 3443 orientali
1205 3374 1275 3441 in
1307 3375 1609 3462 Vysobur
1655 3376 1939 3462 pothoca
1975 3376 2043 3442 in
2075 3374 2331 3444 duabus
2384 3374 2595 3444 salici·

346 3487 508 3570 bus;
563 3482 800 3551 abhinc
830 3482 1016 3550 iuxta
1066 3481 1345 3551 eundem
1388 3484 1630 3570 pothoc
1661 3481 1957 3570 procedit
2002 3502 2230 3550 uersus
2262 3483 2600 3550 meridiem

347 3592 431 3660 ad
481 3591 828 3660 terminum
878 3599 1047 3659 terre
1079 3589 1350 3659 Comitis
1384 3589 1714 3681 Hoholdy,
1769 3610 1963 3678 quam
1997 3590 2152 3659 emit
2198 3611 2241 3658 a
2270 3590 2601 3677 Stephano

346 3701 477 3769 filio
509 3699 806 3786 Scyrind‚
862 3706 929 3765 et
957 3704 1056 3766 est
1086 3700 1180 3766 ibi
1214 3705 1386 3767 meta
1434 3699 1620 3767 iuxta
1650 3697 1926 3766 eundem
1963 3698 2203 3784 pothoc
2250 3697 2373 3765 sub
2405 3695 2599 3767 dumo

347 3833 524 3899 oyem
577 3806 817 3877 deinde
844 3808 1053 3876 tendit
1105 3827 1336 3876 uersus
1367 3808 1767 3877 occidentem
1820 3806 1906 3874 ad
1934 3807 2132 3891 viam,
2181 3808 2366 3874 iuxta
2399 3827 2597 3893 quam

347 3925 444 3986 est
474 3925 691 4003 meta;
725 3916 964 3984 abhinc
995 3915 1083 3983 ad
1114 3918 1412 3985 arborem
1443 3916 1649 4002 ilicis;
1711 3914 1947 3983 deinde
1979 3915 2166 3983 iuxta
2201 3914 2376 3981 viam
2406 3914 2596 3984 Nico-

346 4027 438 4094 lai
473 4023 769 4092 ascendit
801 4032 1101 4110 montem,
1138 4033 1204 4092 et
1232 4025 1300 4091 in
1334 4024 1669 4093 cacumine
1687 4026 1925 4092 montis
1958 4029 2060 4091 est
2091 4030 2269 4091 meta
2294 4026 2416 4092 sub
2447 4023 2602 4092 dua·

350 4135 467 4201 bus
498 4133 721 4221 pyris3
766 4140 831 4201 et
849 4134 941 4201 ibi
968 4133 1253 4201 flectitur
1269 4153 1497 4201 uersus
1519 4131 1851 4201 meridiem
1884 4131 1972 4198 ad
1990 4132 2290 4199 arborem
2311 4130 2601 4216 sorbelli,

348 4249 414 4310 et
439 4241 534 4307 ibi
566 4248 669 4308 est
703 4247 914 4328 meta;
971 4249 1037 4309 et
1066 4251 1215 4329 post
1245 4243 1414 4309 inter
1444 4242 1674 4309 vineas
1727 4239 2022 4328 procedit
2060 4238 2147 4305 ad
2178 4238 2377 4326 uiam,
2417 4240 2602 4305 iuxta

347 4369 540 4435 quam
573 4354 677 4416 est
706 4355 917 4433 meta;
966 4349 1205 4417 abhinc
1236 4349 1322 4417 ad
1353 4349 1553 4417 aliam
1594 4369 1904 4435 magnam
1936 4348 2135 4433 viam,
2184 4366 2312 4431 que
2343 4346 2601 4415 descen-

354 4458 447 4525 dit
481 4455 569 4522 ad
599 4456 849 4543 Zalam‚
900 4458 1084 4524 iuxta
1115 4477 1310 4541 quam
1362 4463 1463 4523 est
1492 4464 1667 4523 meta
1700 4455 2033 4542 angularis
2085 4454 2205 4522 sub
2237 4455 2471 4523 arbore
2504 4454 2602 4522 ili-

352 4566 484 4651 cis;
522 4567 759 4634 abhinc
789 4567 975 4634 vadit
1024 4586 1254 4636 uersus
1287 4564 1688 4633 occidentem
1736 4564 1824 4631 ad
1852 4564 2191 4630 terminum
2238 4570 2411 4631 terre
2442 4562 2600 4630 filio·

358 4693 501 4740 rum
530 4672 830 4763 Fabiani,
863 4683 929 4743 et
945 4675 1038 4745 ibi
1067 4681 1168 4742 est
1185 4680 1358 4743 meta
1377 4674 1497 4743 sub
1529 4674 1800 4760 arbore;
1835 4672 2073 4741 deinde
2090 4679 2297 4742 metas
2316 4673 2598 4741 tenendo
