3359 5250
1394 367 1522 433 431

326 565 544 632 altera
595 564 762 631 inter
810 564 980 631 filios
1031 569 1095 628 et
1147 569 1418 649 nepotes
1452 561 1723 629 Comitis
1761 560 1976 629 Woffa
2024 560 2090 626 in
2142 560 2308 626 duas
2360 567 2583 645 partes

326 672 599 757 equales
622 671 1004 738 dimiserunt
1024 670 1519 756 possidendum
1563 669 2023 737 monasterium
2048 687 2202 734 vero
2223 666 2583 736 Orozlanus

325 787 633 849 vocatum
683 779 805 846 toti
837 777 1256 862 generacioni
1305 798 1528 846 eorum
1559 797 1896 846 commune
1947 796 2093 843 esse
2141 786 2580 846 asseruerunt.

327 891 493 955 Item
526 887 800 954 Chanad
850 886 1149 954 similiter
1197 907 1312 973 pro
1344 906 1417 953 se
1450 891 1514 952 et
1542 886 1676 953 filio
1716 906 1832 954 suo
1866 883 2129 969 Weche,
2163 884 2418 954 Thoma
2465 908 2582 973 pro

325 1017 401 1064 se
433 1004 500 1063 et
529 996 661 1063 filio
682 993 918 1082 Wgud,
940 994 1093 1079 filijs
1114 995 1421 1082 Kechele‚
1446 995 1601 1062 item
1622 993 1949 1061 Michaele
1970 1014 2084 1079 pro
2118 1014 2191 1061 se
2223 1000 2287 1062 et
2306 995 2438 1063 filio
2460 1016 2579 1063 suo

327 1104 699 1186 Dominico,
732 1123 812 1169 ac
843 1102 1042 1169 fratre
1074 1122 1191 1170 suo
1225 1102 1501 1187 Weyteh
1519 1101 1675 1187 filijs
1715 1100 2078 1186 Theodori3
2113 1101 2269 1168 item
2300 1103 2580 1170 Lauren-

327 1212 430 1279 cio
453 1219 522 1279 et
540 1209 859 1297 Gregorio
889 1212 982 1278 fili
976 1213 1046 1298 js
1067 1210 1314 1278 Chemu
1335 1210 1635 1278 similiter
1666 1229 1783 1297 pro
1816 1229 1908 1294 se,
1929 1210 2277 1296 nepotibus
2296 1211 2583 1298 Boguzlo

327 1320 554 1388 fratris
586 1321 901 1406 Belenyg,
953 1326 1290 1387 cesserunt
1335 1318 1605 1388 totidem
1652 1318 2101 1405 possessiones
2147 1339 2431 1404 numero,
2464 1322 2582 1390 sed

324 1428 794 1498 fructuosiores
827 1427 1250 1515 prouentibus
1283 1427 1350 1493 in
1376 1425 1803 1493 Comitatibus
1842 1423 2302 1513 infrascriptiS,
2335 1431 2584 1498 scilicet

331 1535 803 1621 chanadiensi,
836 1536 1280 1623 Thimisiensi,
1331 1533 1738 1621 Syrimiensi,
1788 1535 1856 1600 in
1885 1534 2205 1603 Districtu
2244 1537 2329 1603 de
2361 1539 2582 1626 Mako‚

324 1645 502 1711 vltra
530 1646 758 1730 Zawa,
808 1645 876 1711 in
910 1643 1240 1712 Comitatu
1291 1642 1373 1709 de
1403 1643 1726 1728 Woswar,
1774 1643 1845 1709 in
1883 1643 2207 1710 comitatu
2255 1645 2584 1715 Jauriensi

326 1759 394 1819 et
424 1752 493 1819 in
528 1752 852 1822 comitatu
883 1752 1310 1839 Musnniensi,
1358 1772 1631 1837 quarum
1663 1751 1925 1838 quidem
1963 1753 2445 1838 possessionum
2474 1778 2559 1824 no

330 1860 514 1929 mina
542 1859 611 1928 in
643 1881 867 1929 eorum
901 1861 1270 1948 priuilegijs
1302 1860 1804 1930 diuisioualibus
1834 1860 2212 1947 plenissime
2251 1864 2582 1931 continen-

328 1976 473 2054 tur;
530 1969 652 2036 sub
682 1969 802 2037 tali
833 1969 1093 2037 vinculo
1126 1977 1191 2035 et
1242 1967 1619 2035 condicione
1651 1968 1875 2053 penali
1904 1966 2269 2052 interiecta,
2322 1971 2495 2055 quod
2525 1973 2586 2040 si

326 2096 460 2160 qua
491 2077 788 2163 parcium
818 2075 902 2145 de
934 2075 1183 2144 eisdem
1215 2095 1418 2162 supra
1449 2076 1539 2160 id,
1572 2075 1747 2159 quod
1779 2075 1906 2143 sibi
1943 2075 2012 2141 in
2043 2077 2416 2161 porcionem
2449 2097 2584 2146 ces·

326 2189 547 2272 sisset,
581 2187 708 2255 sibi
741 2188 1210 2275 appropriaret‚
1246 2186 1353 2253 vel
1386 2204 1710 2270 occupare
1742 2183 2070 2258 niteretur,
2124 2204 2248 2252 sua
2277 2187 2585 2272 porcione

327 2297 702 2382 priuaretur
751 2315 830 2363 eo
879 2295 1092 2380 fact03
1147 2296 1329 2363 cuius
1381 2292 1713 2381 porcionis
1765 2290 2103 2360 estimacio
2154 2294 2372 2360 media
2426 2315 2581 2381 pars

331 2403 542 2487 Regio
571 2404 789 2488 Fisco,
843 2403 979 2470 alia
1008 2421 1161 2469 vero
1192 2401 1509 2469 medietas
1537 2399 1843 2466 iniuriam
1892 2399 2187 2486 pacienti
2217 2406 2281 2467 et
2311 2400 2581 2471 diuisio-

329 2531 479 2577 nem
514 2511 893 2578 obseruanti
926 2509 1310 2597 applicetur.
1347 2508 1486 2576 Hoc
1519 2510 1729 2575 eciam
1762 2507 2115 2591 declarato,
2157 2510 2326 2592 quod
2363 2530 2580 2597 super-

327 2629 465 2687 stes
518 2619 811 2705 parcium
870 2618 1302 2706 predictarum
1354 2618 1424 2684 in
1475 2615 1747 2684 alterius
1808 2616 2178 2702 porcionem
2241 2618 2582 2706 protelatis

327 2719 734 2813 temporibus
754 2746 885 2793 non
916 2726 1238 2794 subintret
1285 2725 1406 2792 sub
1437 2744 1610 2811 pena
1626 2731 1989 2809 prenotata,
2011 2725 2306 2810 partibus
2325 2725 2447 2794 hoc
2481 2746 2577 2793 as·

326 2837 740 2905 sumentibus
761 2836 970 2904 eciam
992 2857 1119 2901 vno
1140 2857 1224 2903 ex
1250 2835 1346 2904 eis
1379 2838 1752 2902 remanente
1773 2858 1788 2918 3
1830 2832 1888 2900 si
1912 2850 2068 2900 vero
2090 2833 2331 2919 aliquis
2363 2857 2584 2905 eorum

326 2947 412 3013 de
448 2945 868 3030 porcionibus
919 2942 1056 3010 suis
1088 2942 1338 3029 aliquid
1368 2942 1760 3009 alienauerit
1788 2949 1903 3008 aut
1952 2940 2325 3028 perdiderit,
2378 2946 2583 3011 eciam

328 3053 548 3120 altera
581 3052 873 3138 parcium
907 3053 1118 3138 possit
1147 3070 1557 3138 recuperare,
1611 3056 1677 3117 et
1708 3050 2022 3117 restitutis
2054 3070 2312 3137 semper
2349 3072 2585 3140 expen-

324 3162 447 3245 sis,
483 3168 550 3228 et
581 3180 711 3230 non
743 3160 934 3228 aliter
965 3162 1179 3248 possit
1227 3159 1577 3244 rehabere3
1631 3158 1760 3226 nisi
1791 3179 1908 3244 per
1935 3159 2303 3245 potenciam
2337 3162 2440 3227 vel
2472 3161 2584 3227 ini-

325 3288 529 3352 quum
563 3287 959 3353 processum,
1013 3266 1226 3335 forma
1249 3266 1410 3333 iuris
1460 3284 1586 3331 non
1618 3264 1971 3332 observata
2000 3263 2235 3333 fuisset
2282 3270 2585 3337 exclusus

327 3376 413 3441 de
445 3374 717 3442 eisdem.
771 3378 846 3442 In
880 3375 1062 3442 cuius
1092 3374 1188 3442 rei
1238 3375 1619 3442 memoriam
1653 3373 2152 3459 firmitatemque
2200 3385 2582 3463 perpetuam

326 3489 664 3571 presentes
696 3484 1136 3552 concessimus
1158 3483 1437 3568 duplicis
1464 3483 1669 3567 sigilli
1707 3483 1913 3549 nostri
1934 3486 2287 3552 munimine
2318 3487 2583 3555 robora-

323 3599 457 3659 tas.
519 3594 765 3659 Datum
797 3612 914 3679 per
958 3612 1191 3659 manus
1223 3591 1447 3659 dilecti
1496 3591 1699 3659 nostri
1731 3597 1795 3657 et
1824 3590 2037 3657 fidelis
2070 3592 2372 3677 Magistri
2404 3594 2586 3660 Sma-

328 3699 525 3785 ragdi
575 3699 901 3786 Prepositi
933 3699 1242 3767 Albensis
1294 3700 1444 3767 aule
1493 3705 1715 3767 nostre
1761 3698 2363 3785 vice-Cancellarii,
2417 3722 2585 3771 anno

327 3805 596 3874 Domini
627 3806 973 3874 millesimo
1022 3806 1463 3875 ducentesimo
1502 3807 2046 3893 quinquagesimo
2079 3815 2287 3894 sexto,
2338 3808 2586 3878 decimo

325 3921 518 3983 sexto
570 3913 895 3981 kalendas
927 3915 1249 4001 sanum-ij,
1302 3914 1513 4000 Regni
1547 3920 1764 3983 autem
1813 3916 2017 3983 nostri
2065 3937 2243 3984 anno
2274 3918 2584 3986 vicesimo

321 4023 631 4091 secundo.

323 4183 592 4253 (Bathory
619 4183 808 4238 Istvan
836 4185 1044 4253 erdelyi
1070 4183 1365 4252 vajdanak,
1399 4190 1413 4235 1
1428 4189 1549 4241 572.
1576 4185 1832 4241 Τὴοτᾶάιι
1856 4204 1891 4240 a
1916 4190 2096 4251 „feria
2120 4192 2315 4258 quinta
2339 4191 2585 4257 proxima

322 4283 448 4344 post
473 4278 822 4331 Dominicam
851 4279 1262 4343 Rogacionum“
1293 4283 1488 4328 tartott
1531 4280 1871 4329 tizonotbdik
1910 4278 2327 4346 torvenynapon
2370 4279 2583 4331 keszlllt

323 4364 642 4428 §tirataboh
683 4368 830 4433 mely
860 4366 1128 4433 egeszben
1155 4367 1294 4419 vevo
1318 4370 1390 4420 26
1429 4366 1545 4433 regi
1571 4365 1836 4434 okmanyt
1872 4371 2177 4433 tartalmaz‚
2216 4387 2250 4421 a
2274 4372 2439 4422 budai
2478 4371 2584 4421 kir.

1137 4459 1389 4510 kamarai
1412 4455 1796 4526 leveltarban.)
