3359 5250
1757 367 2076 465 ἕξ..

785 582 915 631 non
947 561 1392 630 satisfactione
1428 584 1720 647 congrua
1752 563 2217 649 emendaverit,
2272 563 2618 648 potestatis
2649 561 3045 643 honorisque

787 671 887 736 sui
940 671 1261 756 dignitate
1312 678 1553 757 careat,
1605 692 1915 757 reamque
1967 693 2037 739 se
2069 672 2310 738 Divino
2361 669 2603 738 iudicio
2653 670 2932 736 existere
2964 666 3045 732 dc

786 788 1166 867 perpetrata
1191 780 1534 865 iniquitate
1577 788 1951 870 cognoscat,
2005 789 2069 848 et
2101 803 2143 850 a
2175 781 2623 849 sacratissimo
2676 798 2948 864 corpore
2982 784 3044 841 et

786 889 1103 973 sanguine
1154 887 1281 955 Dci
1332 894 1396 954 et
1443 890 1710 956 Domini
1765 890 2221 977 Redemptoris
2284 887 2487 956 nostri
2536 886 2738 954 Jhesu
2802 883 3042 952 Christi

787 997 1008 1064 aliena
1039 998 1170 1084 fiat,
1229 1004 1425 1082 atque
1456 997 1524 1063 in
1557 1004 1849 1067 extremo
1884 999 2187 1066 examine
2237 997 2528 1065 districte
2562 994 2795 1064 ultioni
2827 994 3045 1063 subia-

787 1111 951 1171 ceat.
1003 1103 1265 1172 Cunctis
1298 1113 1516 1172 autem
1549 1106 1760 1175 eidem
1810 1108 1953 1175 loco
1988 1128 2109 1175 sua
2141 1109 2289 1175 iura
2330 1105 2742 1175 servantibus
2791 1104 2877 1171 sit
2910 1124 3044 1189 pax

788 1213 1048 1279 Domini
1096 1213 1303 1281 nostri
1354 1215 1558 1283 Jhesu
1612 1215 1875 1299 Christi,
1928 1225 2246 1301 quatenus
2300 1224 2364 1283 et
2396 1216 2499 1281 hic
2549 1216 2820 1282 fructum
2877 1213 3045 1279 bone

787 1321 1063 1388 actionis
1097 1323 1485 1409 percipiant,
1520 1329 1584 1391 et
1616 1324 1796 1410 apud
1816 1324 2178 1391 districtum
2210 1324 2250 1391 J
2256 1324 2506 1392 udicem
2545 1323 2799 1409 premia
2821 1329 3041 1388 eterne

788 1429 972 1518 pacis
1000 1429 1358 1496 inveniant.
1395 1430 1624 1500 Amen.
1677 1434 1918 1498 Datum
1953 1433 2254 1516 Anagnie
2300 1452 2415 1518 per
2448 1451 2711 1499 manum
2742 1430 3044 1515 Magistri

788 1538 1059 1604 Jordani
1109 1539 1351 1605 Sancte
1399 1540 1692 1606 Romane
1742 1541 2038 1609 Ecclesie
2083 1540 2343 1607 Notarii
2399 1549 2463 1607 et
2502 1538 3043 1606 vicecancellarii

791 1647 903 1713 111.
938 1645 1085 1713 idus
1134 1646 1335 1732 Junii,
1388 1645 1753 1716 Indictione
1783 1651 1896 1716 111.
1950 1650 2429 1717 Incarnationis
2478 1649 2819 1715 Dominice
2870 1668 3046 1713 anno

791 1755 871 1822 M.
896 1752 1020 1820 CC.
1047 1755 1181 1821 LX.
1198 1806 1218 1840 ,
1268 1755 1691 1825 Pontificatus
1745 1779 1896 1827 vero
1950 1759 2194 1826 domini
2248 1755 2608 1826 Alexandri
2660 1760 2842 1843 Pape
2894 1757 3043 1822 1111.

788 1885 1003 1933 annno
1040 1871 1245 1932 sexto.

792 2047 1069 2112 (Theium,
1091 2048 1292 2101 Vetera
1310 2048 1666 2103 Monumenta
1685 2049 1970 2102 Slavorum
1989 2051 2424 2103 Meridionalium
2436 2052 2499 2103 V.
2522 2051 2573 2101 k.
2593 2051 2678 2102 79.
2700 2051 2734 2100 1.
2750 2078 2797 2087 —-
2835 2049 3045 2103 Farlati

1437 2138 1717 2205 Illyricum
1743 2141 1967 2194 Sacrum
1992 2142 2057 2193 V.
2086 2142 2199 2195 kot.
2225 2143 2309 2195 79.
2340 2140 2399 2205 1.)

1835 2897 1991 2967 376.

795 3079 958 3145 Zeno
1004 3078 1231 3145 Renier
1277 3080 1566 3146 velenczei
1595 3079 1875 3167 doyenak
1911 3085 2392 3170 privileqiuma,
2441 3085 2723 3171 melylyel
2763 3108 2803 3148 a
2834 3082 3040 3146 Fran·

884 3187 1085 3272 qepcin
1119 3187 1397 3252 csalcidot
1432 3187 1621 3274 Veyla
1653 3190 1951 3274 sziqelnek
1981 3191 2343 3258 birtokdban
2375 3193 2732 3279 meyerc'ise'ti.
2762 3194 2955 3256 1260.

975 3379 1051 3446 In
1073 3380 1315 3448 Christi
1335 3385 1595 3454 nomine
1614 3388 1843 3453 Amen.
1867 3388 2072 3455 Decet
2093 3388 2360 3456 cuilibet
2384 3389 2857 3456 Dominationis
2880 3388 3041 3454 arbi·

794 3490 989 3556 trium
1020 3491 1325 3577 amplecti
1356 3491 1713 3561 liberaliter
1749 3493 1840 3582 (P)
1874 3498 2220 3581 petitiones
2254 3500 2612 3567 rationibus
2645 3497 3043 3578 devotorum,

799 3617 910 3665 eos
932 3599 1240 3685 precipue
1262 3601 1348 3689 ad
1368 3603 1809 3671 exauditionis
1824 3607 2125 3692 gratiam,
2141 3606 2672 3693 admittendaque
2683 3629 2812 3674 non
2836 3608 3043 3673 minus

799 3705 1214 3789 regnantium
1245 3708 1493 3797 laudes,
1532 3732 1701 3795 quae
1732 3722 2037 3781 eteorum
2074 3715 2410 3784 commoda
2432 3725 2494 3783 et
2510 3717 2786 3785 honores
2819 3716 3041 3803 digno-

795 3820 1079 3883 scuntur.
1101 3815 1271 3883 Hinc
1303 3822 1419 3906 est,
1454 3820 1628 3901 quod
1660 3841 1778 3888 nos
1810 3824 2138 3909 Raynerio
2163 3825 2345 3894 Geno
2367 3827 2490 3892 Dei
2512 3827 2729 3912 gratia
2747 3824 3044 3893 Venetia-

797 3941 936 3988 rum
967 3929 1032 3989 et
1050 3923 1422 3992 Dalmatiae
1453 3933 1646 4012 atque
1668 3929 1971 3998 Croatiae
2002 3934 2174 4021 Dux,
2207 3936 2523 4001 Dominus
2545 3939 2817 4020 quartae
2840 3933 3043 4019 partis

800 4036 864 4096 et
896 4028 1162 4097 dimidie
1188 4033 1383 4101 totius
1403 4035 1668 4123 Imperii
1705 4040 2085 4127 Romaniae,
2135 4064 2278 4111 cum
2311 4045 2547 4111 nostris
2585 4042 2628 4110 J
2633 4040 2947 4125 udicibuS,
2983 4049 3046 4106 ct

804 4137 1223 4225 Sapientibus
1242 4144 1483 4210 nostris
1512 4143 1592 4211 de
1622 4148 1879 4235 Majori,
1904 4157 1968 4217 et
1988 4151 2221 4218 Minori
2242 4161 2463 4221 nostro
2486 4150 2795 4236 Consili0,
2828 4158 2891 4216 et
2923 4147 3044 4216 col-

794 4244 1173 4315 laudatione
1187 4250 1414 4336 populi
1435 4254 1503 4319 in
1522 4255 1785 4341 publica
1806 4261 2114 4327 concione
2127 4286 2142 4346 ;
2167 4260 2570 4330 attendentes
2581 4281 2811 4348 puram
2834 4259 3040 4342 fidem,

796 4361 860 4422 et
881 4362 1126 4424 rectam
1146 4356 1577 4450 devotionem,
1591 4384 1789 4448 quam
1810 4370 2061 4454 egregii
2082 4370 2205 4437 viri
2227 4372 2267 4438 J
2272 4393 2534 4458 oannes,
2551 4370 2783 4455 Gnido,
2801 4380 2863 4439 et
2882 4372 3046 4438 Hen-

802 4464 993 4548 ricus,
1029 4464 1186 4532 olim
1210 4465 1492 4538 Comites
1523 4474 1793 4561 Veglae,
1828 4496 1908 4543 ac
1932 4479 2219 4566 ipsorum
2251 4480 2790 4567 praedecessores
2819 4480 2906 4547 ad
2926 4500 3044 4547 nos

799 4577 867 4636 et
891 4572 1424 4654 praedecessores
1450 4589 1709 4648 nostros
1746 4603 1822 4650 ac
1855 4583 2142 4653 Comune
2165 4591 2582 4657 Venetiarum
2608 4592 2915 4663 hactenus
2936 4596 3044 4662 ha-

803 4677 1112 4761 buerunt3
1148 4684 1437 4766 ipsorum
1470 4686 1787 4757 Comitum
1822 4695 2072 4764 meritis
2106 4698 2534 4791 inspiciendo,
2568 4715 2632 4774 et
2667 4709 3045 4786 benevolen-
