3359 5250
1297 282 1301 287 ’
1427 338 1559 413 497

357 531 596 601 fratres
647 534 748 602 sui
778 536 1078 622 predicti,
1137 559 1258 606 nec
1291 542 1639 626 quisquam
1673 540 1756 608 de
1807 544 2104 628 cognatis
2149 542 2438 630 ipsorum
2475 563 2621 631 pre—

310 708 318 714 ,
357 640 572 711 dictos
614 643 782 712 filios
813 645 1034 714 Miska
1065 648 1339 716 Comitis
1373 650 1634 716 racione
1667 648 1841 718 dotis
1874 656 1941 716 et
1970 671 2185 718 rerum
2228 653 2619 737 parefarna-

361 750 522 816 lium
553 752 805 838 prefate
853 753 1114 822 domine
1162 758 1405 842 poterit
1458 758 1775 844 impetere
1806 779 1923 827 seu
1962 761 2325 829 molestare.
2376 763 2617 828 Datum

360 865 599 941 quarta
650 859 816 927 feria
871 862 1170 948 proxima
1219 873 1369 950 post
1419 872 1688 932 octauas
1750 867 1975 933 Sancti
2043 866 2381 935 Michaelis
2446 887 2619 935 anno

359 966 628 1033 Domini
657 968 749 1034 M⁰
770 967 899 1035 00⁰
925 970 998 1034 L⁰
1030 979 1281 1038 octauo,

543 1132 777 1197 Kim'tl:
808 1128 1018 1218 Super
1052 1132 1480 1220 expedicione
1512 1132 1687 1203 dotis
1723 1135 1940 1202 vxoris
1972 1137 2188 1205 Miska
2220 1137 2510 1206 Comitis.

362 1326 639 1394 (Eredetie
664 1327 994 1398 b6rhartyan
1020 1330 1172 1386 hatuil
1200 1332 1552 1398 odanyomott
1586 1333 1863 1403 peccettel,
1891 1352 1925 1388 a
1945 1334 2147 1390 fomelt.
2188 1337 2281 1403 hg.
2320 1332 2620 1403 Batthyani

1180 1421 1366 1476 csalad
1390 1422 1802 1493 leveltaraban.)

1421 2196 1577 2288 35⁴.)-

369 2375 437 2437 A
471 2374 827 2461 bakonybe'li
844 2379 1111 2462 apcitsdy
1129 2376 1262 2441 to'bb
1293 2379 1575 2462 noszlopi
1596 2378 1883 2464 szolqcil6
1901 2380 2178 2445 embereit
2196 2403 2394 2446 nomes
2405 2381 2626 2465 jobbd-

1079 2485 1233 2569 qyai
1257 2482 1692 2569 kozdfelveczi.
1738 2485 1935 2551 1258.

590 2682 730 2749 Nos
783 2682 984 2748 frater
1016 2681 1305 2747 Jacobus
1358 2682 1792 2750 miseracione
1842 2682 2084 2751 Diuina
2134 2684 2361 2753 Abbas
2403 2686 2630 2754 Sancti

374 2790 677 2877 Mauricij
712 2790 795 2857 de
816 2789 973 2856 Beel
1004 2796 1070 2856 et
1104 2788 1472 2858 Conuentus
1505 2790 1798 2858 eiusdem
1831 2791 2278 2877 significamus
2309 2794 2631 2862 vniucrsis

375 2910 511 2968 tam
545 2899 952 2988 presentibus
1004 2919 1198 2984 quam
1229 2897 1466 2966 futuris
1499 2901 1907 2987 presencium
1939 2923 2056 2988 per
2096 2909 2407 2990 tenorem,
2456 2904 2632 2987 quod

375 3010 695 3095 quosdam
729 3008 1007 3096 populos
1038 3009 1334 3075 Ecclesie
1364 3006 1448 3074 de
1478 3008 1640 3075 villa
1673 3010 1930 3093 Nuztup
1961 3029 2080 3094 pro
2109 3009 2394 3093 quodam
2427 3009 2629 3077 fideli-

375 3118 535 3186 tatis
566 3117 753 3185 titulo
787 3116 932 3202 pari
966 3134 1283 3183 consensu
1307 3114 1578 3182 fratrum
1611 3123 1678 3183 et
1699 3115 2136 3199 Jobagionum
2167 3125 2528 3185 nostrorum
2549 3139 2631 3186 ex

377 3226 578 3313 priori
629 3223 1011 3292 condicione
1061 3224 1426 3309 eximimuS‚
1479 3233 1613 3291 tam
1665 3210 1867 3311 ipsos,
1918 3244 2113 3308 quam
2153 3226 2362 3293 eciam
2412 3246 2634 3295 eorum

379 3353 796 3403 successores
856 3333 923 3398 in
975 3334 1265 3400 ordinem
1327 3340 1395 3400 et
1444 3351 1783 3400 numerum
1842 3333 2153 3401 nobilium
2204 3334 2633 3424 jobagionum

378 3442 676 3510 Ecclesie
724 3449 943 3510 nostre
994 3441 1360 3509 statuendo.
1415 3441 1705 3521 Quorum
1755 3443 2022 3510 nomina
2069 3451 2221 3510 sunt
2249 3445 2408 3511 hec:
2448 3444 2634 3528 Elias

381 3570 530 3617 cum
562 3549 880 3618 fratribus
902 3549 1035 3616 suis
1042 3601 1060 3635 ‚
1094 3548 1327 3617 Budou
1355 3548 1664 3617 uidelicet
1696 3555 1761 3618 et
1778 3549 1822 3617 J
1826 3550 2053 3636 acobo,
2090 3551 2470 3622 Ledekcrus
2490 3574 2634 3622 cum

379 3661 583 3728 fratre
613 3678 729 3725 suo
761 3658 1046 3742 Matheo,
1077 3658 1309 3725 Petrus
1342 3659 1555 3726 eciam
1589 3665 1654 3725 et
1685 3660 1891 3727 Nuzu.
1922 3661 2029 3726 Ita
2060 3665 2301 3745 tamen,
2336 3668 2406 3728 ut
2433 3682 2631 3746 quan-

380 3768 743 3852 documque
775 3788 895 3836 nos
946 3768 1054 3835 uel
1085 3768 1293 3836 nostri
1324 3785 1740 3835 successores
1778 3768 1866 3834 ad
1898 3767 2253 3836 exercitum
2290 3770 2635 3854 Regalium

386 3879 558 3966 (igy)
593 3877 687 3944 irc
721 3878 827 3944 uel
877 3877 1133 3946 mittere
1183 3876 1563 3960 tenebimur,
1618 3897 1812 3943 vnum
1847 3896 1928 3942 ex
1959 3875 2125 3961 ipsis
2174 3895 2321 3942 cum
2371 3896 2538 3962 equo
2572 3885 2641 3946 et

379 3985 513 4053 alio
568 3984 942 4055 necessario
994 3984 1237 4052 utiliter
1270 4003 1414 4050 cum
1451 3983 1711 4050 domino
1760 3981 2020 4049 Abbate
2052 3981 2158 4048 uel
2208 4001 2327 4051 suo
2375 3984 2638 4052 homine

382 4093 640 4161 mittere
669 4095 1098 4179 tenebuntur;
1154 4095 1376 4180 plures
1409 4092 1636 4176 eciam,
1671 4091 1733 4158 si
1764 4091 1876 4175 qui
1908 4109 1988 4157 cx
2021 4089 2185 4177 ipsis
2223 4090 2472 4175 equites
2505 4091 2638 4161 fue·

380 4203 530 4288 rint,
565 4210 632 4270 et
663 4204 961 4271 dominus
983 4203 1211 4270 Abbas
1242 4202 1474 4269 iuuare
1494 4219 1609 4269 eos
1640 4199 1942 4287 potuerit,
1978 4218 2109 4265 non
2142 4218 2289 4266 cum
2308 4199 2481 4287 aliis,
2520 4200 2638 4269 sed

380 4331 531 4380 cum
563 4312 826 4382 domino
859 4312 1118 4380 Abbate
1150 4311 1257 4379 uel
1290 4331 1408 4377 suo
1438 4308 1672 4376 Judice
1705 4307 2106 4391 equitabunt.
2140 4307 2225 4372 Et
2242 4306 2300 4373 si
2338 4305 2639 4374 dominus

382 4421 608 4488 Abbas
638 4422 744 4488 uel
776 4423 990 4489 Judex
1022 4419 1318 4487 Ecclesie
1368 4438 1488 4504 pro
1522 4416 1746 4499 aliquo
1787 4414 2059 4498 negocio
2094 4413 2475 4498 Monasterij
2524 4434 2637 4484 eos

383 4532 775 4616 euocauerit,
807 4550 954 4612 nonu
971 4549 1044 4597 se
1077 4529 1449 4613 retrahant;
1485 4523 1605 4593 sed
1634 4523 1987 4593 conuenire
2014 4528 2379 4607 teneantur,
2433 4524 2492 4590 si
2523 4525 2638 4609 qui

383 4642 612 4711 uenire
632 4642 937 4729 poterint.
972 4637 1062 4707 Vt
1091 4644 1308 4704 autem
1342 4635 1460 4702 hec
1481 4632 1815 4702 ordinacio
1848 4630 1916 4697 in
1936 4638 2267 4719 posterum
2296 4631 2365 4698 in
2384 4630 2637 4702 irritum

476 4779 681 4816 nonuu-
711 4777 878 4818 nuuc.
908 4774 1049 4813 susm.
1092 4779 1164 4793 --
1191 4772 1334 4809 nm.
1359 4764 1424 4802 12.
2234 4749 2315 4804 32
