3359 5250
1503 372 1635 440 313
1657 466 1715 474 ὴ

450 572 620 641 atrio
675 571 1061 657 requiescit,
1114 570 1415 658 capitulo
1468 569 1899 657 strigoniensi
1951 569 2335 637 contulimus
2384 574 2701 656 perpetuo

448 679 907 768 possidendas.
960 682 1046 746 Et
1077 687 1146 747 ut
1179 680 1299 748 hec
1330 681 1603 750 collacio
1656 687 1970 767 perpetue
2003 678 2321 746 firmitatis
2361 678 2554 744 robur
2586 678 2693 743 ob-

446 790 669 873 tineat,
727 795 1095 876 presentem
1128 790 1440 877 paginam
1473 789 1915 859 concessimus
1945 787 2247 875 Capitulo
2297 786 2696 874 supradicto,

447 899 653 984 sigilli
676 899 881 966 nostri
900 899 1252 967 munimine
1282 900 1672 967 roboratam.
1714 900 1955 966 Datum
1988 916 2156 964 anno
2177 893 2438 962 Domini
2459 896 2547 961 M⁰
2568 892 2698 959 00⁰

441 1006 1010 1093 quinquagesimo.

765 1208 875 1272 (Az
904 1207 1107 1260 eredeti
1135 1205 1267 1260 utan
1294 1208 1506 1273 Knauz‚
1531 1209 1765 1276 Magyar
1788 1209 1915 1261 Sion
1944 1208 2014 1259 11.
2044 1208 2155 1261 kot.
2185 1208 2304 1257 995.
2334 1204 2392 1269 l.)

1307 1513 1707 1524 —-——————-·——-a-
1718 1517 1839 1525 ⁴—-

1499 1980 1656 2050 218.

448 2161 512 2226 A
545 2162 743 2227 budai
772 2162 1198 2251 ka'ptalatmak
1228 2166 1766 2250 bizonysdqlevelc‚
1795 2165 1959 2250 hoqy
1979 2163 2111 2229 tiibb
2142 2163 2410 2227 muzslai
2439 2160 2699 2224 birtolcos

447 2270 694 2335 Ebeden
727 2272 856 2337 ῖέυὸ
887 2273 1101 2356 fh‘ldei
1147 2297 1223 2337 az
1258 2276 1615 2359 eszteryami
1643 2272 2071 2359 ka'ptalannak
2118 2273 2342 2336 re'sziut
2391 2269 2698 2333 cladomd-

1026 2382 1313 2467 nyoztcik‚
1344 2383 1575 2447 rebzint
1603 2380 1869 2447 eladtdk.
1909 2378 2108 2446 1250.

974 2555 1035 2625 A
1355 2562 1408 2626 B
1738 2560 1789 2627 O
2112 2559 2174 2625 D

663 2721 1038 2809 Capitulum
1056 2724 1351 2793 Ecclesie
1382 2723 1705 2792 Budensis
1736 2722 2056 2791 vniuersis
2087 2741 2354 2807 presens
2384 2722 2699 2807 scriptum

444 2831 838 2920 inspecturis
888 2832 1168 2901 salutem
1218 2833 1284 2899 in
1321 2834 1617 2901 Domino.
1658 2830 2082 2900 Vniuersitati
2123 2838 2338 2898 vestre
2376 2830 2697 2916 significa-

445 2959 610 3025 mus,
644 2938 822 3025 quod
854 2959 998 3007 cum
1017 2941 1252 3008 Petrus
1285 2942 1593 3007 Decanus
1620 2939 1990 3007 Canonicus
2024 2938 2518 3023 StrigoniensiS,
2556 2959 2697 3024 pro·

450 3055 714 3115 curator
744 3047 1037 3116 Ecclesie
1055 3047 1526 3133 Strigoniensis
1559 3049 1644 3114 ab
1676 3068 1807 3114 vna
1838 3053 2044 3133 parte,
2083 3048 2259 3113 Bene
2290 3045 2464 3112 filius
2498 3047 2695 3128 Zena,

451 3156 662 3224 Jacob
714 3162 778 3222 et
827 3156 968 3242 Zup
1021 3154 1137 3241 filij
1171 3157 1631 3242 Bartholomey
1684 3158 1769 3223 de
1804 3155 2020 3223 Musla
2066 3175 2149 3223 ex
2201 3155 2425 3237 altera,
2480 3174 2699 3221 coram

447 3264 638 3332 nobis
671 3262 948 3332 fuissent
966 3264 1338 3349 constituti3
1383 3266 1707 3352 prenotati
1741 3263 2037 3333 homines
2072 3261 2154 3329 de
2173 3263 2387 3330 Musla
2415 3260 2712 3331 confessi·

447 3377 632 3440 sunt:
667 3372 930 3457 Bazam,
952 3373 1250 3440 Boronch
1275 3380 1339 3439 et
1359 3372 1914 3458 Bartholomeum‚
1948 3379 2393 3440 antecessores
2413 3371 2699 3457 ipsorum

447 3484 788 3564 cognatos,
840 3481 1180 3567 porciones
1234 3482 1584 3548 eorundem
1621 3480 2072 3564 hereditariae,
2125 3498 2288 3565 quas
2339 3479 2582 3545 habent
2633 3479 2699 3544 in

454 3597 627 3656 terra
645 3588 853 3674 Ebed,
887 3590 1185 3658 Ecclesie
1205 3589 1490 3659 donasse
1508 3588 1962 3676 strigoniensi,
2008 3595 2264 3676 partem
2296 3588 2503 3655 eciam
2524 3588 2698 3654 Zone

445 3699 515 3765 in
565 3696 801 3766 eadem
832 3704 1027 3783 terra,
1080 3719 1276 3785 quam
1329 3719 1500 3767 nunc
1548 3696 1842 3786 possidet
1872 3697 2171 3765 Ecclesia
2215 3697 2697 3781 Strigoniensis,

447 3806 633 3892 Hyze
667 3805 1013 3876 Cantorem
1067 3806 1578 3893 Strigoniensem
1632 3807 1936 3894 empticio
1987 3808 2127 3874 iure
2158 3804 2551 3892 possedisse.
2599 3808 2699 3872 In·

447 3935 648 4002 super
676 3917 806 4004 ipsi
838 3918 1048 3988 eciam
1079 3918 1421 4005 porciones
1455 3916 1727 4003 Georgij
1761 3924 1827 3984 et
1856 3916 2066 4001 Pauli,
2101 3921 2522 4001 cognatorum
2560 3934 2700 3982 suo-

444 4044 608 4108 rum,
661 4043 827 4106 quos
857 4025 926 4092 in
976 4026 1440 4112 persecucione
1486 4026 1909 4095 Tartarorum
1959 4025 2267 4096 dicebant
2312 4023 2515 4093 fuisse
2565 4044 2702 4110 per-

444 4140 722 4221 emptos,
755 4135 1132 4222 supradicto
1172 4135 1477 4223 Capitulo
1509 4136 1962 4221 Strigoniensi,
2017 4134 2199 4203 cuius
2238 4134 2433 4200 terris
2463 4133 2531 4200 in
2564 4151 2700 4218 pre-

443 4242 586 4310 fata
633 4249 813 4311 terra
843 4243 1028 4310 Ebed
1062 4243 1631 4330 prenunciatorum
1683 4244 2014 4312 hominum
2047 4242 2387 4329 porciones
2437 4240 2697 4309 interia-

444 4357 614 4435 cent,
665 4351 843 4419 nullo
899 4350 1379 4422 contradictore
1431 4352 1818 4440 exhistente,
1873 4372 1989 4438 pro
2039 4351 2296 4419 duabus
2350 4350 2588 4418 marcis
2635 4356 2702 4415 et

441 4459 719 4528 dimidia
737 4460 996 4545 argenti
1030 4459 1459 4530 vendiderunt
1479 4462 1781 4551 Capitulo
1808 4460 2246 4545 Strigoniensi
2284 4459 2700 4546 perhenniter

443 4568 906 4655 possidendas.
941 4568 1328 4655 Obligantes
1361 4589 1453 4656 se,
1510 4570 1688 4654 quod
1721 4570 1777 4638 si
1809 4588 2116 4654 vmquam
2148 4588 2344 4654 super
2376 4575 2553 4636 terra
2584 4587 2701 4652 per

442 4681 627 4765 ipsos
661 4676 925 4745 uendita
971 4677 1308 4763 aliqualis
1341 4680 1697 4764 emerserit,
1751 4681 1878 4767 ipsi
1913 4680 1998 4746 ab
2046 4677 2330 4745 omnium
2383 4677 2698 4763 inquieta·
