3359 5250
1810 413 1897 479 10

1709 504 1746 511 --
1761 503 2012 512 -——---

1809 985 1876 1052 8.

717 1167 832 1234 IX.
868 1164 1137 1252 Gerqely
1159 1167 1476 1252 peipdnak
1510 1166 1918 1232 inte‘zkede'sei
1948 1189 1990 1228 a
2022 1168 2236 1232 biso-ei
2265 1173 2424 1255 aptit
2455 1167 2771 1257 yyt'lkosai
2803 1167 2980 1235 ellan.

1750 1276 1945 1340 1236.

953 1468 1307 1555 Gregorius
1327 1472 1695 1559 Episcopus
1727 1491 1954 1540 seruus
1976 1491 2312 1541 seruorum
2332 1473 2481 1541 Dei.
2514 1474 2793 1542 Dilectis
2825 1474 2978 1562 filiis

720 1632 735 1649 .
760 1631 775 1647 .
801 1631 816 1647 .
850 1577 1284 1663 waradiensi,
1323 1629 1338 1644 .
1363 1627 1379 1644 .
1402 1631 1418 1648 .
1453 1579 1536 1645 de
1566 1578 1781 1647 Thion
1828 1587 1894 1646 et
1928 1632 1944 1649 .
1968 1629 1985 1648 .
2009 1630 2024 1647 .
2061 1580 2144 1646 de
2175 1581 2333 1647 Erte
2364 1581 2734 1650 Abbatibus
2783 1582 2980 1662 Quin-

717 1688 1304 1774 que-Ecclesiensis
1336 1693 1400 1754 et
1418 1685 1951 1774 Wesprimiensis
1983 1688 2381 1773 Diocesium,
2417 1691 2695 1758 salutem
2724 1697 2790 1758 et
2811 1696 2983 1779 Apo-

719 1796 1018 1864 stolicam
1052 1795 1592 1864 benedictionem.
1641 1796 1937 1863 Turbata
1968 1804 2070 1864 est
2098 1797 2318 1864 anima
2350 1804 2577 1865 nostra
2606 1799 2820 1884 valde,
2853 1806 2977 1867 tur-

718 1905 1000 1974 bationis
1032 1927 1303 1975 causam
1333 1926 1489 1974 casu
1521 1906 1725 1974 flebili
1771 1906 1964 1976 nobis
2003 1906 2223 1993 dante,
2276 1928 2473 1996 super
2500 1908 2972 1977 immanitatem

717 2014 1088 2083 detestandi
1120 2015 1454 2100 facinoris,
1511 2016 1686 2100 quod
1734 2015 2003 2100 quidam
2051 2016 2170 2085 filii
2205 2017 2417 2084 Belial
2467 2017 2852 2102 familiares,
2905 2026 2977 2086 ut

642 2152 647 2157 ·
716 2121 954 2190 dicitur
985 2171 1000 2188 .
1026 2172 1043 2188 .
1066 2176 1083 2192 .
1118 2122 1547 2190 cenadiensis
1592 2123 1908 2212 Episcopi
1957 2123 2023 2191 in
2055 2145 2283 2192 necem
2332 2127 2501 2193 bone
2531 2125 2840 2194 memorie
2872 2175 2888 2191 .
2916 2175 2931 2191 .
2960 2178 2973 2194 .

714 2232 994 2298 Abbatis
1044 2231 1424 2298 monasterii
1474 2231 1891 2301 Bristriensis
1922 2233 2272 2300 crudeliter
2317 2239 2798 2320 perpetrarunt,
2854 2252 2975 2300 nec

717 2339 1188 2425 exageratione
1247 2337 1500 2423 indiget
1545 2339 1760 2427 ipsius
1810 2341 2080 2408 sceleris
2142 2340 2528 2426 magnitudo
2548 2391 2566 2424 ,
2630 2362 2777 2408 cum
2825 2341 2975 2429 ipso

715 2447 943 2515 auditu
976 2446 1529 2515 abominationem
1563 2457 1834 2534 generet
1866 2455 1932 2516 et
1963 2449 2333 2535 horrorem3
2374 2470 2767 2534 quamquam
2800 2467 2979 2516 acer·

715 2556 988 2626 bitatem
1020 2555 1254 2643 flagitii
1286 2578 1418 2627 non
1437 2556 1764 2628 modicum
1795 2565 2133 2644 aggravet,
2168 2557 2342 2643 quod
2367 2568 2518 2646 post
2546 2578 2776 2646 pacem
2801 2558 2973 2626 inter

715 2666 979 2735 eosdem
1008 2665 1331 2732 Abbatem
1367 2674 1431 2731 et
1463 2666 1861 2753 Episcopum
1907 2665 2347 2752 reformatam,
2381 2665 2508 2733 fuit
2536 2666 2709 2734 idem
2741 2667 2969 2734 Abbas

714 2795 846 2843 non
877 2773 1090 2840 minus
1140 2772 1500 2861 proditorie
1538 2793 1736 2859 quam
1772 2773 2125 2841 crudeliter
2154 2780 2219 2840 et
2268 2773 2729 2842 miserabiliter
2774 2774 2969 2841 inter·

715 2884 948 2951 fectus.
1002 2884 1178 2949 Sane
1209 2882 1363 2951 olim
1395 2881 1625 2949 eodem
1654 2882 1915 2949 Abbate
1946 2882 2014 2948 in
2045 2890 2269 2952 nostra
2320 2882 2648 2969 presentia
2677 2883 2971 2950 lacrima-

720 2991 943 3058 biliter
971 2996 1423 3076 conquerente,
1480 2989 1656 3074 quod
1686 2987 1930 3057 dudum
1963 2998 2108 3058 orta
2139 2991 2310 3058 inter
2338 2991 2550 3079 ipsum
2585 2999 2651 3059 et
2682 2989 2972 3057 Conven-

710 3108 849 3167 tum
882 3098 1040 3166 dicti
1071 3098 1451 3166 Monasterii
1482 3117 1563 3165 ex
1596 3104 1785 3185 parte
1816 3120 1968 3181 una,
2001 3109 2067 3166 et
2097 3099 2491 3187 Episcopum
2520 3100 2967 3187 supradictum

713 3228 795 3275 ex
829 3207 1037 3274 altera
1069 3227 1263 3295 super
1295 3205 1500 3273 illatis
1538 3205 1842 3293 dampnis
1877 3216 1942 3273 et
1974 3206 2280 3292 irrogatis
2313 3206 2569 3274 iniuriis
2599 3207 2685 3274 ab
2717 3206 2966 3289 eodem,

713 3315 854 3381 iure
885 3316 1301 3400 Patronatus‚
1334 3314 1511 3398 quod
1542 3316 1608 3382 in
1640 3315 1893 3401 prefato
1927 3315 2324 3383 Monasterio
2358 3315 2572 3382 dictus
2604 3314 2967 3402 Episcopus

714 3443 786 3490 se
815 3424 1062 3490 habere
1084 3422 1361 3507 dicebat,
1395 3432 1460 3491 et
1485 3424 1676 3490 rebus
1698 3424 1848 3491 aliis
1880 3444 2098 3491 coram
2118 3424 2475 3492 venerabili
2513 3423 2712 3491 fratre
2745 3430 2966 3491 nostro

719 3585 733 3600 .
761 3584 775 3599 .
801 3584 816 3600 .
848 3532 1178 3619 Episcopo
1210 3531 1610 3614 l’renestino‚
1646 3539 1803 3597 tunc
1836 3532 2211 3616 Apostolice
2240 3531 2430 3599 Sedis
2461 3532 2731 3616 Legato,
2767 3540 2964 3597 mate-

718 3641 820 3708 ria
851 3638 1229 3725 questionis,
1282 3638 1454 3707 idem
1489 3639 1910 3706 Prenestinus
1943 3639 2182 3725 partim
2234 3660 2353 3727 pro
2384 3640 2531 3724 ipso
2574 3636 2966 3704 Cenadiensi

714 3757 779 3817 et
808 3749 1049 3837 partim
1081 3768 1199 3836 pro
1230 3748 1478 3815 eisdem
1511 3748 1766 3814 Abbate
1797 3756 1864 3816 et
1899 3748 2234 3815 Conventu
2266 3745 2680 3813 diffinitivam
2711 3755 2966 3815 senten·

709 3858 874 3925 tiam
904 3854 1396 3942 promulgarat:
1429 3854 1763 3944 predictus
1800 3853 2229 3921 Cenadicnsis
2259 3853 2490 3920 eadem
2521 3854 2846 3921 sententia
2875 3853 2965 3920 vi·

713 3966 992 4052 lipensa‚
1024 3964 1147 4030 illa
1179 3963 1451 4048 exigens
1487 3964 1569 4029 ab
1602 3962 1871 4044 eisdem,
1920 3961 2007 4029 de
2038 3961 2275 4045 quibus
2311 3964 2572 4030 fuerant
2620 3962 2968 4029 sententia-

709 4074 859 4141 liter
887 4070 1188 4157 absoluti,
1224 4072 1379 4157 quia
1411 4092 1491 4140 ea
1530 4070 1657 4138 sibi
1702 4070 2010 4139 exhibere
2041 4071 2371 4156 nolebant,
2421 4070 2587 4136 sicut
2617 4089 2738 4136 nec
2769 4068 2965 4136 etiam

713 4182 1123 4266 tenebantur,
1171 4201 1316 4247 cum
1349 4186 1744 4248 armatorum
1776 4178 2190 4245 multitudine
2228 4178 2314 4244 ad
2347 4175 2809 4244 monasterium
2841 4197 2965 4245 me-

710 4294 1029 4357 moratum
1087 4289 1388 4374 accessit,
1441 4297 1506 4355 et
1533 4288 1753 4356 ianuis
1784 4288 1925 4356 eius
1972 4288 2202 4356 fractis
2254 4288 2499 4355 dictum
2529 4286 2853 4354 Abbatem
2882 4307 2963 4354 ac

706 4396 978 4482 triginta
1013 4396 1177 4464 duos
1206 4398 1581 4482 monachos,
1635 4416 1709 4464 se
1738 4395 2126 4484 protectioni
2168 4395 2549 4484 Apostolice
2598 4414 2966 4481 supponen-

708 4510 832 4589 tes,
885 4523 1015 4571 non
1048 4506 1301 4591 absque
1348 4505 1699 4574 iniectione
1749 4525 2056 4572 mannum
2105 4504 2418 4589 violenta,
2467 4502 2764 4588 nequiter
2811 4501 2964 4589 capi

709 4611 886 4696 fecit,
937 4618 1002 4679 et
1031 4611 1312 4682 vinculis
1339 4613 1569 4684 ferreis
1601 4612 2007 4700 compeditos
2038 4611 2356 4679 carcerali
2398 4610 2696 4679 custodie
2724 4609 2963 4678 manci-

708 4720 893 4807 pari;
948 4739 1070 4787 nec
1099 4719 1228 4786 hiis
1258 4727 1618 4810 contentus,
1671 4722 1763 4789 ad
1794 4720 2119 4789 cumulum
2172 4718 2438 4788 maioris
2471 4717 2781 4805 nequitie,
2814 4717 2967 4788 Gor·
