3359 5250
1489 345 1618 425 301

427 548 752 618 frueretur
781 574 914 619 vna
945 572 1090 619 cum
1141 572 1365 621 sorore
1398 574 1522 620 sua
1554 556 1906 641 antedicta,
1959 557 2107 641 ipsa
2140 579 2294 627 vero
2336 559 2689 626 decedente

421 677 546 724 nec
596 679 717 746 pro
750 658 971 725 anima
1005 678 1147 743 sua,
1199 681 1322 726 nec
1352 662 1652 745 cuiquam
1689 671 2114 746 cognatorum
2165 685 2427 733 suorum
2474 666 2696 734 confe-

420 766 636 853 rendi,
671 786 786 834 seu
818 766 1126 853 donandi,
1178 768 1283 835 vel
1316 767 1675 855 quidquam
1727 771 2073 838 ordinandi
2104 772 2374 841 habebit
2415 774 2687 841 faculta-

416 887 591 962 tem;
644 875 763 942 sed
814 875 1107 942 totaliter
1161 875 1321 943 solis
1360 877 1514 961 filijs
1566 887 1631 945 et
1661 899 1792 946 non
1844 879 2108 947 filiabus
2160 878 2430 948 Comitis
2480 883 2685 950 Jacov

416 985 849 1052 devoluentur
880 990 946 1049 et
993 984 1425 1052 remanebunt
1455 986 1873 1071 possidende.
1906 987 2078 1075 Ipsis
2112 1009 2265 1058 vero
2298 990 2455 1076 filijs
2497 991 2679 1058 dece·

412 1093 725 1159 dentibus
754 1092 1012 1159 filiabus
1035 1092 1331 1160 eiusdem
1352 1091 1623 1173 Comitis
1643 1095 1687 1161 J
1690 1116 1851 1163 acov
1872 1098 2302 1164 remanebunt
2340 1098 2436 1164 ita
2455 1118 2683 1166 secure

413 1208 484 1268 et
532 1201 806 1288 pacifice
847 1199 1267 1288 possidende,
1322 1208 1391 1268 vt
1424 1202 1666 1268 nemini
1719 1209 2146 1288 cognatorum
2195 1203 2467 1273 Comitis
2499 1206 2679 1272 Petri

413 1331 535 1377 seu
588 1308 850 1377 domiue
901 1310 1178 1395 Agnetis
1227 1309 1425 1377 liceat
1478 1310 1747 1378 easdem
1797 1332 2128 1400 reuocare,
2191 1315 2309 1380 sed
2362 1315 2566 1391 libere
2618 1324 2682 1383 et

410 1419 635 1502 quiete
667 1418 737 1485 in
767 1424 1156 1505 perpetuum
1187 1418 1531 1505 possideat
1561 1421 1751 1503 saluo
1784 1419 1944 1486 iure.
1992 1423 2129 1488 Nec
2161 1422 2284 1489 hoc
2313 1424 2677 1509 pretermit-

412 1529 634 1612 timus,
669 1527 846 1611 quod
876 1526 1074 1595 villas
1105 1528 1329 1614 sepius
1360 1534 1757 1595 memoratas
1791 1526 2020 1597 Comes
2059 1528 2311 1615 Petrus,
2366 1531 2679 1616 quamdiu

417 1642 752 1723 superstes
783 1636 1090 1715 extiterit,
1125 1637 1321 1722 pleno
1352 1636 1492 1703 iure
1522 1636 1904 1723 possidebit,
1953 1638 2096 1725 ipso
2129 1658 2285 1708 vero
2320 1641 2678 1708 decedente

414 1743 607 1809 vxori
637 1763 753 1811 sue
774 1744 1150 1830 supradicte
1183 1743 1444 1811 domine
1464 1743 1708 1830 Agneti
1727 1746 2172 1812 remanebunt.
2207 1744 2496 1825 Quarum
2518 1769 2673 1816 vsus

302 1836 308 1841 ’
412 1860 482 1920 et
513 1853 824 1919 vtilitates
854 1852 1005 1940 ipsa
1031 1850 1261 1919 eadem
1296 1850 1579 1938 domina,
1613 1852 1927 1937 quamdiu
1958 1852 2215 1938 vixerit,
2263 1855 2671 1938 integraliter

406 1961 763 2048 percipiet3
797 1961 945 2047 ipsa
975 1982 1130 2029 vero
1162 1961 1341 2027 viam
1374 1960 1673 2028 vniuerse
1708 1962 1926 2029 carnis
1957 1961 2367 2047 ingrediente
2398 1964 2661 2031 filiabus

409 2070 550 2137 suis
571 2090 689 2155 pro
713 2076 887 2157 voto,
908 2069 1133 2135 ordine
1156 2076 1224 2137 et
1243 2068 1432 2135 modo
1451 2070 1818 2158 prehabito,
1851 2069 2175 2156 relinquet
2194 2070 2262 2138 in
2283 2078 2668 2158 perpetuum

405 2179 867 2265 possidendas.
899 2181 1174 2264 Insuper
1194 2179 1417 2265 sepius
1451 2178 1627 2246 dicta
1660 2179 1926 2246 domina
1944 2179 2166 2265 Agnes
2197 2180 2499 2248 confessa
2540 2179 2662 2246 fuit

405 2289 565 2355 vina
600 2307 759 2355 voce
792 2307 873 2354 ex
923 2293 1113 2373 parte
1142 2287 1320 2353 Petri
1349 2288 1570 2355 mariti
1601 2287 1701 2355 sui
1736 2288 1818 2354 de
1851 2287 2108 2357 dotibus
2152 2296 2217 2356 et
2247 2290 2439 2357 rebus
2473 2308 2660 2374 para·

403 2396 767 2465 fernalibus
799 2395 934 2463 suis
966 2395 1093 2463 sibi
1123 2415 1242 2482 per
1272 2397 1492 2463 omnia
1523 2397 1730 2465 fuisse
1764 2398 2175 2465 satisfactum
2206 2419 2325 2486 per
2373 2397 2669 2465 collacio-

404 2526 557 2573 nem
588 2506 784 2571 trium
814 2504 1114 2572 villarum
1167 2504 1626 2591 predictarum.
1683 2503 1874 2572 Vnde
1907 2506 2195 2574 absoluit
2226 2526 2374 2574 eum
2407 2527 2567 2593 pure
2596 2513 2661 2572 et

404 2613 796 2701 simpliciter
844 2613 931 2680 ab
980 2612 1152 2680 omni
1206 2612 1474 2681 accione
1525 2621 1591 2683 et
1637 2613 2075 2702 impeticione,
2134 2637 2261 2703 que
2315 2617 2658 2686 occasione

401 2724 580 2791 dotis
629 2742 747 2790 sue
778 2731 843 2790 et
874 2742 1088 2788 rerum
1139 2721 1658 2808 parafernalium
1708 2742 1826 2810 per
1858 2721 2095 2790 fratres
2137 2743 2289 2791 suos
2340 2744 2458 2792 seu
2491 2725 2658 2791 alios

403 2832 729 2917 quoslibet
760 2837 1074 2915 cognatos
1098 2830 1349 2896 moueri
1368 2830 1711 2917 potuisset.
1747 2831 1832 2897 Vt
1861 2829 2059 2916 igitur
2090 2830 2322 2898 harum
2363 2831 2659 2898 satisfac-

402 2942 682 3026 cionum,
717 2938 1145 3006 collacionum
1180 2958 1295 3005 seu
1329 2937 1821 3005 ordinacionum
1853 2939 2063 3004 series
2094 2942 2307 3004 tractu
2345 2941 2657 3027 temporis

397 3070 518 3136 per
549 3049 922 3133 quempiam
972 3055 1392 3131 cognatorum
1427 3066 1691 3112 suorum
1728 3052 2011 3130 nequeat
2040 3046 2360 3131 reuocari,
2413 3048 2533 3114 sed
2560 3070 2657 3114 ro-

401 3160 527 3224 bur
559 3177 819 3242 semper
838 3155 1165 3223 firmitatis
1183 3159 1497 3241 perpetue
1522 3151 1878 3237 obtineant,
1913 3153 1999 3219 ad
2019 3152 2411 3240 peticionem
2428 3156 2656 3224 Vtrius-

399 3287 527 3352 que
554 3265 762 3352 partis
795 3270 1130 3350 presentes
1163 3262 1417 3328 litteras
1449 3260 1656 3345 sigilli
1687 3260 1893 3328 nostri
1928 3261 2280 3327 munimine
2311 3262 2651 3332 roboratas

397 3374 733 3463 sepedicte
766 3372 1044 3459 domine,
1100 3376 1164 3438 et
1193 3392 1315 3457 per
1344 3389 1490 3437 eam
1526 3370 1664 3436 suis
1697 3369 1962 3437 filiabus
1996 3374 2059 3435 et
2090 3369 2368 3437 filiarum
2401 3373 2651 3439 heredi·

399 3485 520 3550 bus
584 3482 1024 3567 heredumque
1074 3479 1562 3547 successoribus
1615 3478 2093 3564 concessimus,
2158 3500 2376 3548 annno
2427 3484 2653 3566 gracie

399 3592 746 3658 millesimo
778 3589 904 3657 CC.
940 3591 1077 3655 XL.
1114 3608 1304 3673 none,
1340 3588 1618 3673 septimo
1648 3587 1807 3653 Idus
1854 3588 2284 3674 Septembris.
2334 3590 2649 3674 Magistro

394 3702 653 3769 Achille
688 3700 974 3767 Ecclesie
1026 3706 1246 3764 nostre
1278 3696 1640 3783 Preposito,
1690 3696 1937 3765 Jacobo
1971 3695 2273 3783 Cantore,
2313 3700 2499 3767 Akus
2533 3697 2651 3766 Cu-

393 3808 602 3892 stode,
638 3808 982 3875 Azechiele
1013 3808 1280 3875 Decano
1323 3805 1770 3874 existentibus.

519 4007 639 4071 (IV.
671 4007 803 4059 Bela
827 4004 1008 4074 kirdly
1034 4004 1362 4073 megerb'sr'tti
1390 4002 1774 4070 okmAnyAbol,
1804 4007 1941 4056 mint
1968 4004 2188 4057 sentebb
2216 4008 2338 4058 202²..
2366 4023 2438 4059 sz.
2466 4009 2539 4077 a.)
