3359 5250
1544 401 1767 501 14⁷„

455 593 755 662 filiorum
808 602 874 662 et
926 615 1149 663 eorum
1205 596 1482 666 heredes
1528 599 1677 683 ⁸iure
1730 607 2049 688 perpetuo
2101 611 2168 668 et
2223 603 2741 673 irreuocabiliter

467 702 748 790 pacifice
797 702 1289 791 possidendam,
1344 708 1691 774 tenendam
1742 709 1992 796 pariter
2041 717 2106 778 et
2156 712 2563 796 habendam;
2615 714 2733 780 tali

469 809 856 879 condicione
906 812 1278 897 mediante,
1342 815 1517 898 quod
1571 816 1988 902 supradictus
2039 816 2243 885 Jasch
2295 818 2382 885 ab
2437 819 2736 887 omnibus

461 915 1019 1003 impeticionibus,
1073 926 1139 986 et
1171 922 1455 990 maxime
1486 942 1531 989 a
1559 923 1871 991 fratribus
1924 929 1988 991 et
2038 924 2358 1011 proximis
2409 926 2549 994 suis
2599 928 2732 994 vni-

464 1024 703 1110 uersis,
738 1024 997 1094 racione
1028 1025 1200 1095 dicte
1221 1030 1530 1097 sculteeie
1563 1031 1779 1117 ipsum
1803 1031 2153 1101 Goblinum
2192 1041 2256 1100 et
2285 1052 2441 1102 suos
2479 1052 2729 1102 sueces-

449 1152 652 1200 sores
682 1133 968 1221 proprijs
998 1135 1337 1205 laboribus
1368 1146 1435 1205 et
1466 1140 1773 1227 expensis
1814 1147 2109 1209 teneatur
2146 1140 2497 1209 defendere
2530 1149 2597 1211 et
2624 1162 2732 1210 ex·

455 1238 728 1327 pedire;
782 1251 847 1310 et
897 1242 1363 1312 nichilominus
1413 1245 1668 1314 litteras
1721 1256 1981 1316 nostras
2032 1247 2480 1334 priuilegiales
2533 1267 2732 1335 super

455 1349 698 1415 eadem
730 1351 1046 1418 sculteeia
1074 1351 1230 1419 olim
1250 1353 1600 1434 confectas,
1635 1356 1873 1422 virtute
1904 1374 2177 1438 quarum
2198 1354 2475 1422 eandem
2497 1355 2723 1422 habuit

451 1462 530 1524 et
560 1457 874 1541 possedit,
909 1458 1183 1527 tradidit
1215 1460 1283 1526 in
1316 1481 1547 1528 manus
1580 1459 1849 1528 Gablini
1882 1471 2011 1529 iam
2051 1461 2213 1529 dicti
2233 1461 2435 1529 Jasch
2467 1462 2725 1549 predio-

463 1571 590 1631 tus.
643 1561 922 1653 Insuper
953 1570 1187 1635 Petrus
1236 1566 1443 1636 frater
1493 1566 1786 1635 eiusdem
1821 1568 2105 1652 Goblini,
2158 1568 2415 1636 vicinus
2468 1588 2724 1656 compa-

461 1692 614 1740 rens
647 1692 866 1740 coram
894 1673 1082 1741 nobis
1115 1674 1566 1761 personaliter,
1600 1676 1877 1742 alteram
1918 1674 2336 1743 medietatem
2370 1674 2722 1743 molendini

449 1780 848 1867 supradicti,
903 1786 1355 1867 comparatam
1401 1803 1443 1848 a
1489 1783 1763 1849 Hanuus
1814 1783 1988 1851 dicto
2039 1783 2397 1849 Zolchener
2445 1782 2722 1850 sculteto

453 1887 546 1954 de
575 1887 1019 1970 Ruzumbaoh,
1071 1907 1217 1956 cum
1250 1890 1547 1957 omnibus
1579 1889 1717 1957 suis
1761 1889 2153 1957 vtilitatibus
2203 1896 2269 1955 et
2297 1889 2721 1975 pertinenciis

451 2013 544 2061 ac
561 1995 829 2081 juribus
859 1995 1157 2063 vendidit
1186 2015 1407 2064 coram
1439 1996 1628 2065 nobis
1679 1995 1856 2064 dieto
1889 1994 2180 2065 Goblino
2211 1995 2399 2062 fratri
2448 2016 2567 2063 suo
2598 2016 2720 2082 pro

446 2101 687 2169 decem
737 2103 979 2170 mareis
1026 2122 1404 2189 grossorum
1450 2111 1764 2190 perpetuo
1791 2105 1945 2188 jure
1976 2109 2042 2170 et
2089 2100 2606 2170 irreuocabiliter
2651 2103 2720 2169 in

453 2206 631 2276 filios
678 2209 962 2277 filiorum
1011 2211 1099 2276 ab
1152 2208 1383 2278 eodem
1431 2212 1627 2297 plene
1686 2210 1930 2277 habitis
1979 2217 2044 2276 et
2094 2207 2416 2294 complete
2476 2211 2719 2275 marcis

447 2315 878 2401 supradictis,
930 2316 1095 2384 nihil
1113 2316 1290 2402 juris
1319 2317 1610 2400 nihilque
1642 2315 1915 2400 dominij
1949 2315 2078 2383 sibi
2115 2315 2182 2382 in
2215 2312 2448 2382 eodem
2479 2314 2721 2382 molen-

443 2422 612 2491 dino
645 2442 1010 2510 reseruans,
1060 2424 1127 2491 in
1162 2444 1358 2493 euum
1388 2443 1647 2510 semper
1676 2422 1839 2490 etin
1871 2422 2282 2490 eternitatem
2313 2426 2716 2508 perpetuam.

453 2529 562 2597 Ad
591 2530 991 2618 peticionem
1020 2533 1314 2618 parcium
1364 2529 1889 2619 supradictarum
1939 2547 2210 2616 presens
2245 2534 2536 2595 nostrum
2573 2546 2718 2595 con-

443 2636 770 2706 cessimus
801 2638 1232 2726 priuilegium
1276 2641 1624 2727 pendentis
1655 2638 1860 2722 sigilli
1910 2635 2117 2705 nostri
2149 2633 2502 2701 munimine
2535 2634 2720 2702 robo-

449 2751 687 2812 ratum.
743 2746 987 2813 Datum
1017 2745 1087 2814 in
1115 2745 1283 2815 festo
1316 2749 1558 2815 Sancte
1589 2744 1929 2815 Elisabeth
1960 2742 2211 2828 Regine
2254 2761 2423 2808 anno
2456 2741 2721 2809 Domini

441 2852 802 2921 millesimo
836 2853 1287 2922 ducentesimo
1328 2852 1832 2939 quadragesimo
1861 2852 2085 2921 tercio.

431 3066 579 3137 (ΙΙΙ.
605 3065 781 3121 Janos
805 3067 1019 3137 lengyel
1058 3068 1238 3137 kirtly
1261 3067 1397 3124 altal
1422 3067 1797 3136 megersssitve,
1825 3084 1852 3119 s
1878 3082 1942 3119 az
1970 3066 2022 3118 ιἰ.
2048 3081 2100 3116 n.
2142 3064 2344 3132 „Liber
2366 3062 2717 3114 Relationum

429 3165 504 3210 eet
529 3156 856 3210 Oblatarum
874 3158 1242 3212 Castrensium
1263 3160 1740 3213 Cracoviensium“
1766 3154 1941 3208 enituit
1967 3149 2252 3221 nyilvanos
2276 3151 2532 3215 konyvbe
2557 3151 2713 3201 1692.

702 3247 1050 3313 bojegyezve,
1097 3263 1132 3300 a
1155 3248 1357 3301 krakoi
1384 3243 1636 3313 orszagos
1664 3241 2025 3311 torvenyszek
2051 3235 2462 3305 leveltaraban.)

2276 4771 2398 4832 10¹·
