3359 5250
1321 348 1454 417 477

1306 908 1462 981 336.

262 1095 322 1159 A
354 1098 754 1183 moqudri
781 1094 1153 1161 'conventuale
1181 1094 1716 1182 bizonysdqlevele,
1766 1096 1931 1180 hoqy
1970 1092 2125 1159 Teul
2158 1092 2515 1180 helysdyben

407 1203 628 1270 lakosd
659 1202 898 1271 Hasna
926 1204 1439 1292 bizonyoefo‘ldet
1469 1203 1841 1275 Ivdnhanak
1870 1204 2116 1269 dadon.
2152 1199 2348 1269 1257.

478 1400 619 1469 Nos
652 1398 1025 1470 Gonnentns
1056 1399 1435 1487 Monasterij
1469 1400 1694 1468 Sancti
1711 1399 1930 1486 Egidij
1963 1400 2055 1493 de·
2078 1398 2351 1485 Simigio
2386 1418 2514 1467 me-

262 1508 464 1578 morie
506 1510 1035 1579 commendantes
1082 1510 1524 1597 significamus
1572 1510 1924 1594 vniuersis,
1973 1509 2151 1596 qnod
2186 1529 2356 1578 anno
2389 1509 2515 1577 Do-

264 1617 422 1686 mini
451 1620 546 1687 11⁰
567 1620 701 1689 00⁰
730 1621 1272 1708 quinquagesimo
1319 1621 1597 1709 septimo
1630 1619 2019 1690 eonstitntus
2068 1638 2286 1688 eornm
2329 1617 2517 1686 nobis

264 1728 521 1797 Husuet
546 1766 637 1779 —
668 1766 755 1778 —-
784 1767 874 1779 —
906 1729 989 1797 de
1038 1729 1199 1798 uilla
1229 1729 1396 1796 Tenl
1423 1749 1556 1797 nnn
1603 1748 1753 1796 enm
1795 1714 2095 1813 cognatis
2145 1733 2210 1793 et
2240 1726 2515 1794 conciui-

266 1834 384 1905 bus
432 1836 614 1924 suis,
663 1836 973 1907 uidelicet
1019 1837 1178 1907 Orhi
1226 1876 1314 1887 -—·
1345 1877 1432 1889 —
1465 1876 1553 1887 —
1584 1875 1672 1885 —
1705 1845 1771 1905 et
1817 1835 2108 1904 Cherehe
2158 1835 2239 1903 de
2288 1834 2518 1903 eadem

266 1943 432 2013 dixit
450 1943 606 2013 nina
634 1965 817 2033 uoce,
846 1946 1023 2034 qnod
1052 1967 1136 2015 ex
1153 1967 1472 2017 consensu
1491 1954 1559 2014 et
1578 1946 2009 2034 permissione
2039 1983 2126 1995 -
2160 1983 2248 1993 —
2279 1963 2515 2029 cogna-

266 2059 481 2123 torum
512 2074 776 2124 snorum
808 2075 888 2123 ae
906 2055 1115 2125 tocius
1146 2056 1302 2125 uille
1322 2076 1438 2125 sex
1470 2055 1701 2143 iugera
1718 2053 2167 2142 emptieinrum
2195 2063 2516 2121 terrarum

269 2181 533 2231 suarum
565 2204 652 2217 —
685 2199 770 2211 --
803 2201 891 2212 -
922 2169 990 2230 et
1017 2164 1263 2234 Paulus
1295 2169 1808 2254 comparauerat,
1861 2181 1988 2249 qne
2019 2161 2235 2231 iacent
2277 2162 2346 2229 in
2374 2162 2519 2229 loeo

270 2270 462 2360 Nym·
493 2279 748 2358 noento,
798 2292 924 2359 qne
953 2272 1430 2361 protenduntur
1461 2273 1546 2342 ab
1579 2271 1828 2341 oriente
1860 2289 2087 2339 uersus
2119 2270 2519 2341 occidentem

271 2382 457 2451 iuxta
487 2388 731 2449 terram
762 2380 1012 2449 Vrbani
1033 2380 1403 2469 iobagionis
1434 2379 1728 2449 Eeelesie
1761 2388 1983 2447 nostre
2014 2376 2140 2468 (in)
2177 2386 2364 2467 parte
2394 2400 2520 2448 me-

272 2489 605 2575 ridionali,
656 2488 1063 2558 uendidisset
1111 2510 1351 2579 sponso
1402 2510 1522 2560 suo
1571 2489 1831 2558 Ivanka
1875 2510 1997 2577 pro
2028 2508 2162 2556 nna
2204 2508 2428 2557 marea
2457 2489 2524 2556 in

273 2602 588 2688 perpetuo
638 2594 1097 2684 possidendas.
1150 2600 1234 2668 Vt
1282 2604 1502 2668 antem
1549 2598 1707 2667 talis
1754 2597 2056 2667 uendieio
2108 2597 2214 2664 uel
2272 2597 2524 2684 empeio

276 2711 528 2782 firmum
574 2708 663 2776 sit
700 2713 767 2774 et
813 2706 1051 2776 stabile
1086 2709 1341 2778 litteras
1387 2716 1648 2778 nostras
1700 2706 2081 2796 supradicto
2112 2709 2164 2774 Ι.
2206 2708 2524 2774 eoncessi-

279 2840 418 2887 mus
449 2817 670 2905 sigillo
701 2826 923 2885 nostro
943 2818 1302 2888 roboratas.

513 3015 672 3090 (Regi
698 3022 907 3073 minuta.
934 3016 1263 3086 bb'rhairtyfin
1291 3037 1325 3072 a.
1350 3036 1520 3073 nemz.
1548 3021 1796 3074 Muzeum
1818 3011 2292 3084 kezirattaeiraiban.)

1136 3309 1332 3319 ——-...
1349 3309 1670 3319 u*-—-.-..—-

1336 3789 1490 3859 337.

582 3973 842 4060 Raquza
874 3976 939 4039 62
971 3972 1233 4061 Spalato
1263 3972 1525 4039 vdrosok
1552 3971 1724 4037 ko‘zti
1748 3971 2047 4039 kibe'kiile's
2077 3969 2269 4038 1257.

523 4154 713 4221 Anno
762 4152 1101 4220 Dominiee
1149 4150 1625 4220 Inearnationis
1688 4151 2032 4221 millesimo
2091 4151 2532 4222 ducentesimo

293 4260 819 4347 quinquagesimo
849 4261 1149 4347 septime,
1180 4262 1424 4329 mensis
1444 4259 1667 4327 Martii
1696 4280 1866 4328 nono
1898 4258 2005 4328 die
2035 4266 2297 4329 astante
2313 4261 2531 4346 Ragn-

296 4367 395 4436 nii.
441 4368 602 4437 Cum
627 4389 746 4457 per
773 4368 1178 4438 voluntatem
1227 4369 1471 4438 domini
1510 4368 1748 4458 Guydo
1777 4406 1864 4418 —-
1898 4407 1987 4419 -—-
2020 4411 2104 4426 --
2135 4370 2298 4458 Spal
2324 4407 2413 4420 —·
2442 4406 2531 4419 —-

295 4510 378 4526 --
406 4513 495 4528 —-
516 4514 604 4528 --
633 4477 1177 4562 Consiliatornm3
1230 4497 1350 4545 nee
1378 4497 1511 4545 non
1544 4474 1838 4562 ejusdem
1870 4485 2047 4544 terre
2087 4478 2532 4547 universorum

297 4584 562 4672 Civium,
609 4585 949 4656 Johennes
979 4584 1221 4656 vitalis
1271 4594 1337 4654 et
1366 4584 1721 4669 Gregorius
1772 4583 1995 4652 Grnbe
2042 4584 2166 4653 viri
2200 4623 2276 4635 —
2316 4623 2403 4635 --
2434 4586 2530 4654 di-

302 4704 501 4765 screto
554 4694 758 4765 nobili
807 4701 871 4762 et
921 4693 1221 4782 preclaro
1273 4694 1414 4763 viro
1463 4691 1722 4760 domino
1753 4693 2003 4762 Jaoobo
2054 4691 2402 4763 Conterino
2450 4694 2535 4764 de
