3359 5250
1323 361 1444 436 191

237 563 790 656 possessionibus,
804 568 1228 652 suggestione
1245 566 1421 635 falsa
1438 567 1543 635 vel
1562 565 1770 635 tacita
1792 566 2089 652 veritate,
2104 562 2368 652 aliquod
2388 565 2516 652 pri-

236 675 563 762 uilegium
593 673 957 760 aliquando
1010 675 1478 763 impetrauerit,
1520 672 1847 742 nollumus
1878 682 2108 744 contra
2137 676 2301 743 haec
2334 675 2508 742 uires

233 783 505 869 aliquas
537 782 852 851 obtinere.
910 783 996 850 Vt
1042 782 1240 869 igitur
1290 782 1511 850 omnia
1534 781 1900 871 praemissa
1932 784 2128 852 robur
2156 789 2512 872 perpetuae

242 890 577 959 firmitatis
619 890 985 976 obsineant,
1039 910 1161 960 nec
1206 890 1464 978 possint
1510 908 1626 979 per
1671 910 2060 977 quemquam
2090 891 2512 979 imposterum

250 999 598 1069 retractari
631 1019 749 1067 sen
777 998 847 1067 in
878 997 1148 1067 dubium
1197 998 1516 1084 rouocari,
1549 998 1884 1087 praesenti
1911 998 2263 1088 priuilegio
2302 1020 2380 1069 ac
2411 1021 2515 1068 ca-

242 1116 505 1177 ractere
536 1127 779 1178 aureae
828 1108 1051 1177 bullae
1080 1114 1346 1178 nostrae
1378 1128 1464 1178 ea
1505 1108 1779 1177 fecimus
1817 1108 2219 1178 communiri.
2270 1110 2513 1177 Datum

233 1238 353 1305 per
412 1236 648 1285 manus
698 1216 1001 1303 Magistri
1038 1216 1375 1286 Benedicti
1426 1217 1793 1305 Praepositi
1825 1216 2130 1286 Albensis
2172 1219 2369 1286 aulae
2399 1238 2511 1287 no·

241 1334 425 1393 strae
475 1324 874 1411 Cancellarij
921 1330 988 1393 et
1035 1324 1245 1394 Electi
1290 1325 1358 1393 in
1391 1325 1973 1414 Arcbicpiscopum
2023 1325 2513 1414 collocensem3

233 1434 671 1503 existentibus
714 1432 1182 1504 Bartholomeo
1233 1432 1981 1522 Quinqueecclesiarum,
2015 1434 2347 1522 Stephano
2393 1435 2512 1503 Za-

237 1543 614 1629 grabiense‚
656 1543 790 1612 alio
821 1542 1155 1631 Stephano
1187 1541 1512 1611 Vaciense
1540 1542 1924 1631 Episcopis;
1962 1541 2254 1611 Arnaldo
2287 1542 2506 1610 Palla·

237 1652 399 1737 tino,
451 1657 521 1719 et
571 1650 821 1720 Comite
873 1650 1290 1738 Symigiense
1311 1702 1329 1737 ,
1381 1650 1677 1720 Dionisio
1727 1651 1960 1721 Banno
2011 1651 2401 1720 Sclauoniae
2451 1654 2515 1716 et

240 1761 744 1847 maritimarum,
793 1760 1054 1828 Matheo
1085 1759 1403 1847 Magistro
1433 1759 1949 1829 Tauamioorum
1998 1766 2064 1829 et
2113 1760 2364 1829 Oomite
2394 1759 2510 1826 Ni-

239 1868 518 1954 triense,
551 1868 887 1955 Vyllermo
910 1870 1309 1958 Agasonum,
1343 1868 1662 1939 Rollando
1694 1869 2174 1958 Dapiferorum,
2205 1868 2508 1936 Mam-itio

235 1975 704 2046 Pineernarum
722 1977 1059 2065 Magistris
1075 1978 1145 2046 in
1163 1977 1320 2046 aula
1334 1984 1578 2066 nostra,
1592 1977 1925 2046 Demetrio
1947 1978 2200 2047 comite
2218 1978 2505 2046 Musuni-

237 2104 417 2172 ense,
452 2092 521 2154 et
550 2087 788 2156 ceteris
819 2107 1016 2173 quam
1048 2087 1347 2175 pluribus
1368 2088 1795 2175 Magistratus
1816 2095 1882 2156 et
1904 2086 2265 2156 Comitatus
2295 2085 2509 2172 Regni

236 2194 449 2261 nostri
482 2193 850 2263 tenentibus
881 2214 1000 2264 suo
1032 2195 1246 2265 modo.
1277 2194 1467 2264 Anno
1500 2196 1587 2264 ab
1607 2195 2061 2264 Incarnatione
2093 2195 2183 2262 Μ’
2202 2192 2336 2262 00⁰
2356 2213 2508 2281 qua-

239 2300 618 2387 dragesimo
650 2303 893 2391 quinto,
925 2302 1178 2373 decimo
1209 2303 1595 2375 challendas
1619 2305 1871 2391 Aprilis
1904 2303 2113 2390 Regni
2143 2311 2362 2373 autem
2395 2324 2503 2373 no-

240 2410 359 2478 stri
390 2430 570 2479 anno
601 2411 770 2499 septi
785 2433 909 2480 mo.

243 2608 313 2675 (A
340 2608 624 2663 velenczei
644 2608 997 2680 kuzthssasig
1025 2612 1211 2685 ¹‚Libri
1237 2611 1305 2666 de
1330 2611 1795 2668 Commemoriali“
1822 2612 1996 2668 eximii
2023 2612 2516 2683 allamkssnyveibo'l

1099 2704 1169 2755 11.
1197 2704 1309 2756 kat.
1336 2706 1458 2757 430.
1485 2706 1573 2757 ok.
1601 2704 1687 2774 ιι.)

1137 2989 1648 3003 tm

1326 3436 1477 3509 125.

254 3617 371 3687 IV.
404 3621 567 3688 Be'la
597 3615 928 3707 kirdlynak
979 3621 1146 3688 Billa
1163 3619 1399 3708 fb‘ldje't
1447 3623 1749 3710 tcirqyazd
1797 3619 2153 3712 adomcinya
2207 3623 2400 3691 Pm'nz
2430 3647 2522 3691 co-

1044 3752 1167 3795 mes
1195 3731 1505 3796 szdmcira.
1538 3730 1735 3796 1245.

465 3925 633 3992 Bela
663 3924 789 3992 Dei
821 3925 1049 4011 gracia
1078 3926 1440 4013 Hungarie,
1480 3925 1847 4016 Dalmacie‚
1880 3927 2259 4018 Choroacie,
2292 3931 2519 4015 Rame,

251 4033 500 4119 Seruie,
538 4033 842 4119 Gallicis,
877 4033 1286 4121 Lodomerie,
1325 4031 1764 4121 Cumanieque
1776 4037 1918 4104 Rex
1934 4036 2262 4105 vniuersis
2281 4036 2522 4105 Christi

252 4140 558 4209 fidelibus
607 4143 1019 4228 presencium
1068 4141 1373 4211 noticiam
1427 4143 1747 4212 habituris
1795 4144 2074 4213 salutem
2123 4145 2189 4212 in
2238 4166 2316 4213 eo
2337 4198 2355 4230 ‚
2407 4144 2519 4229 qui

250 4249 541 4334 Regibus
573 4250 693 4318 dat
721 4252 1016 4319 salutem.
1068 4251 1281 4338 Regia
1312 4251 1709 4339 benignitas,
1748 4271 1874 4337 que
1907 4252 2278 4340 frequenter
2311 4262 2521 4321 extra-

250 4359 394 4425 neis
426 4358 773 4443 benefacit,
809 4358 998 4429 debet
1029 4361 1166 4428 suis
1197 4360 1523 4446 fidelibus,
1561 4380 1914 4447 eorumque
1952 4361 2360 4447 gratantibus
2393 4381 2520 4429 ser-

248 4465 447 4551 uicijs
496 4466 841 4551 benignius
891 4469 1226 4556 porrigere
1277 4467 1723 4537 munificencie
1774 4487 1891 4537 sue
1938 4489 2168 4537 manus
2189 4519 2209 4554 ,
2277 4476 2349 4537 ut
2400 4469 2516 4555 alij

248 4574 556 4660 exemplo
603 4572 758 4642 inde
807 4582 1064 4664 sumpto
1096 4576 1184 4645 ad
1216 4576 1551 4646 offerenda
1599 4576 1891 4664 Principi
1920 4576 2257 4646 fidelitatis
2288 4583 2355 4646 et
2385 4597 2513 4645 ser-

244 4681 570 4751 uiciorum
617 4702 887 4752 munera
917 4684 1284 4754 feruencius
1332 4686 1706 4756 inuitentur.
1758 4683 2040 4754 Proinde
2070 4685 2155 4751 ad
2188 4686 2519 4756 uniuerso-
