3359 5250
1457 290 1589 358 343

395 494 787 570 nostrorum,
822 486 932 571 qui
961 485 1153 555 nobis
1183 486 1250 552 in
1281 488 1561 555 seruicio
1594 484 1981 553 exercituali
2013 490 2329 569 tenentur,
2373 485 2652 552 sociare-

393 616 536 663 mus
590 595 872 663 eosdem.
929 593 1116 662 Vnde
1155 595 1311 680 quia
1359 596 1429 662 in
1480 594 1651 663 dicto
1704 596 1993 661 exercitu
2045 613 2118 660 se
2165 593 2355 661 nobis
2407 591 2653 659 utiliter

395 705 837 789 ostenderunt,
884 706 1053 772 sicut
1085 704 1324 772 dilecto
1358 711 1425 771 et
1452 702 1628 772 fideli
1658 709 1881 771 nostro
1913 701 2230 789 Magistro
2261 702 2303 770 J
2308 703 2390 770 ob
2423 703 2650 770 Electo

397 821 464 882 et
497 813 876 883 confirmato
908 812 976 879 in
1008 812 1405 900 Episcopum
1438 810 2203 896 Quinqueecclesiensem
2249 811 2400 878 aule
2430 815 2652 876 nostre

397 919 1006 989 Uice-Cancellario
1055 919 1377 989 referente
1425 921 1877 1005 cognonimus,
1929 926 1993 986 et
2026 920 2463 1005 promiserunt
2491 937 2649 984 sem·

391 1048 511 1114 per
544 1030 627 1096 de
659 1035 878 1096 cetero
908 1028 1004 1095 sic
1036 1031 1321 1113 seruire;
1374 1029 1593 1096 taliter
1626 1036 1871 1097 statum
1914 1028 2236 1095 libertatis
2272 1048 2494 1095 eorum
2533 1028 2646 1095 du-

388 1138 603 1204 ximus
655 1135 1211 1222 promouendum,
1266 1142 1336 1201 ut
1386 1136 1466 1202 de
1517 1142 1737 1203 cetero
1789 1138 1877 1204 ab
1927 1136 2140 1205 officio
2191 1136 2647 1205 buchariorum

388 1247 696 1333 exempti,
748 1243 1058 1329 quamdiu
1110 1246 1179 1311 in
1210 1244 1749 1330 expedicionibus
1800 1245 2039 1313 nostris
2092 1264 2402 1333 expresso
2453 1245 2645 1314 modo

389 1356 583 1422 nobis
604 1353 942 1437 seruirent,
980 1360 1113 1420 tam
1143 1354 1273 1440 ipsi
1297 1373 1492 1439 quam
1526 1352 1611 1419 ab
1634 1352 1731 1421 eis
1764 1353 2232 1422 descendentes
2263 1354 2430 1421 inter
2462 1373 2646 1420 exer-

387 1459 665 1527 cituales
696 1459 939 1544 Regios
990 1460 1346 1546 computati
1377 1460 1757 1528 habeantur.
1807 1461 1885 1527 In
1917 1462 2101 1528 cuius
2129 1463 2226 1528 rei
2266 1465 2641 1531 memoriam

383 1576 455 1634 et
483 1568 683 1636 robur
737 1574 1076 1654 presentes
1125 1569 1376 1635 litteras
1408 1567 1735 1656 dupplicis
1790 1567 1994 1653 sigilli
2040 1570 2240 1636 nostri
2291 1571 2642 1639 munimine

385 1678 730 1746 roboratas
784 1676 947 1763 ipsis
996 1676 1171 1742 tradi
1201 1676 1522 1762 iussimus,
1577 1674 1854 1743 durante
1905 1674 2286 1744 condic1one
2326 1699 2408 1745 ex
2452 1687 2641 1765 parte
2742 1672 2743 1675 '

386 1788 677 1873 ipsorum
711 1783 842 1850 sibi
872 1803 991 1869 per
1021 1788 1382 1869 temporum
1414 1784 1739 1851 curricula
1773 1784 2114 1851 ualituras.
2165 1786 2408 1852 Datum
2441 1788 2507 1852 in
2539 1805 2637 1852 ca-

387 1895 540 1962 stris
591 1894 775 1961 iuxta
806 1894 1130 1960 Viennam
1171 1893 1652 1960 castrametatis
1703 1902 1933 1960 contra
1981 1894 2229 1961 Ducem
2277 1892 2639 1980 predictum

381 2022 551 2069 anno
576 2001 913 2068 Dominice
933 2001 1424 2069 Incarnacionis
1454 2001 1805 2069 millesimo
1841 2000 2284 2070 ducentesimo
2326 2005 2638 2089 qninqua-

379 2108 630 2195 gesimo
683 2110 969 2178 secundo
1018 2111 1227 2177 XVII.
1284 2110 1606 2178 kalendas
1655 2110 1837 2199 Julij,
1902 2111 2114 2194 Regni
2165 2119 2384 2180 antem
2432 2114 2637 2179 nostri

377 2239 548 2285 anno
580 2217 847 2285 xvnr’.

373 2416 654 2487 (Eredetie
679 2414 1030 2483 b6rhartyan,
1057 2416 1278 2483 melyrffl
1307 2434 1341 2468 a
1365 2415 1654 2483 kiralynak
1675 2419 1856 2470 kett6s
1880 2417 2121 2485 pecsetje
2148 2415 2632 2485 sarga-vbrbs-kek

679 2506 1135 2573 selyemzsinoron
1161 2507 1315 2573 ffigg,
1344 2523 1379 2557 a
1398 2507 1525 2557 bnd.
1553 2507 1656 2557 kir.
1678 2507 1924 2558 kamarai
1951 2505 2329 2575 loveltarban.)

1231 2814 1752 2826 ————-—

1429 3336 1586 3403 239.

366 3533 469 3597 ΑΖ
506 3537 643 3620 egri
670 3535 972 3620 kdptalan
1003 3534 1151 3599 Pnd
1177 3557 1369 3600 comes
1408 3542 1470 3599 e's
1500 3536 1722 3622 Eyyed
1772 3537 2144 3623 naqyolaszi
2189 3536 2358 3601 lakos
2394 3537 2551 3617 lco'zt,
2584 3559 2625 3599 a

363 3641 666 3730 Lampert
694 3646 832 3729 egri
854 3644 1096 3730 pii-spdk
1113 3645 1273 3709 catal
1302 3644 1502 3709 leoz-ott
1530 3645 1804 3710 iedletnek
1832 3645 2183 3710 melme'bcn
2219 3644 2393 3728 cljdr.
2425 3643 2622 3709 1252.

587 3836 904 3904 Omnibus
935 3836 1180 3905 Christi
1230 3838 1537 3906 fidelibus
1567 3858 1837 3927 presens
1877 3840 2190 3925 scriptum
2230 3838 2621 3925 inspecturis

364 3943 713 4030 Agriensis
763 3944 1060 4013 Ecclesie
1094 3946 1461 4032 Capitulum
1516 3948 1792 4014 salutem
1826 3948 1893 4013 in
1934 3948 2233 4015 Domino.
2285 3945 2618 4032 Significa-

366 4072 513 4119 mus
546 4071 667 4120 nos
698 4054 1027 4143 recepisse
1077 4057 1331 4122 litteras
1363 4057 1763 4124 venerabilis
1808 4059 2014 4144 patris
2048 4063 2114 4124 et
2143 4054 2385 4124 domini
2416 4056 2620 4124 nostri

361 4160 704 4245 Lampeiti
736 4161 1049 4249 Episcopi
1080 4162 1423 4254 Agriensis
1454 4163 1576 4230 sub
1608 4165 1737 4231 hac
1771 4163 2014 4231 forma:

579 4270 823 4338 Datum
853 4292 973 4357 pro
1007 4273 1361 4338 memoria:
1395 4272 1571 4357 qnod
1600 4273 1971 4341 constitutis
2003 4272 2073 4337 in
2105 4276 2331 4338 nostra
2361 4287 2618 4357 presen-

359 4378 470 4443 cia
516 4377 661 4444 Pud
691 4378 965 4467 comite,
1020 4386 1086 4447 et
1131 4381 1369 4466 Egidio
1403 4381 1485 4449 de
1525 4383 1690 4450 villa
1735 4384 2067 4470 Nogoloz;
2119 4381 2293 4448 idem
2343 4379 2617 4466 Egidius

357 4487 743 4571 proposuit,
809 4485 983 4571 quod
1021 4506 1064 4553 a
1111 4489 1352 4555 Peturd
1397 4489 1530 4556 filio
1587 4488 1857 4576 Georgij
1907 4490 2170 4557 emisset
2218 4496 2454 4556 terram
2505 4508 2615 4554 su—

354 4611 475 4680 per
523 4590 934 4663 fideiussoris
986 4596 1298 4663 caucione
1348 4595 1637 4666 eiusdem
1684 4598 1828 4665 Pnd
1864 4597 2136 4666 Comitis
2172 4619 2292 4686 pro
2341 4602 2616 4680 Vtraque
