3359 5250
1716 299 1846 368 278

1655 866 1808 937 19¹7.

672 1048 1011 1114 leaaztott
1046 1048 1423 1135 birdsdqnak
1469 1049 1758 1135 bizonyos
1806 1046 2265 1136 birtokosztdlyt
2303 1050 2604 1138 tdrqyazd
2650 1048 2909 1116 inte'zke·

653 1156 790 1220 debe
820 1179 862 1222 a
888 1155 1347 1242 pannonhalmi
1374 1156 1641 1243 apdtedq
1671 1160 1731 1218 eis
1762 1177 1804 1219 α
1833 1156 2271 1241 templariis-sole
2299 1156 2454 1222 k52t.
2487 1155 2683 1221 1248.
2710 1156 2908 1222 Ιεόπὶῐ.

868 1348 1203 1416 Vniuersis
1237 1347 1479 1416 Christi
1510 1348 1810 1416 fidelibus
1840 1358 2210 1438 presentem
2243 1350 2554 1439 paginam
2589 1352 2913 1437 inspectu·

654 1459 749 1525 ris
779 1455 1096 1542 Magister
1113 1456 1398 1523 Michael
1428 1455 1604 1523 filius
1622 1456 1772 1544 Apa
1806 1456 2097 1540 Comitis,
2138 1458 2484 1545 Ohepanus
2517 1457 2690 1525 filius
2709 1457 2910 1542 Petri,

653 1565 1000 1633 Marcellus
1053 1565 1136 1631 de
1166 1564 1524 1647 Berencha,
1575 1563 1898 1632 Henricus
1950 1566 2033 1633 de
2063 1567 2269 1652 Bana,
2301 1567 2633 1634 Dionisius
2681 1565 2765 1632 de
2806 1586 2913 1651 ge·

658 1690 818 1739 nere
835 1670 1039 1753 Rusd,
1073 1670 1259 1737 Oltus
1300 1669 1382 1736 de
1402 1669 1705 1755 Vigman,
1727 1673 2075 1740 Marcellus
2096 1673 2178 1739 de
2196 1692 2439 1757 genere
2469 1672 2659 1760 Olup,
2680 1673 2914 1740 Benka

659 1779 742 1846 de
774 1796 1013 1865 genere
1044 1774 1213 1862 Gug,
1248 1775 1533 1846 Comites
1584 1797 1732 1845 cum
1763 1780 2064 1847 omnibus
2096 1780 2393 1864 cognatis
2424 1800 2667 1869 eorum,
2718 1788 2786 1848 et
2813 1801 2913 1847 ce-

653 1888 779 1955 teri
809 1906 1002 1973 quam
1035 1886 1298 1973 plurimi
1328 1886 1397 1952 in
1428 1886 1695 1954 Diocesi
1725 1886 1768 1953 J
1771 1888 2056 1957 auriensi
2087 1896 2154 1955 et
2182 1888 2600 1956 Kamariensi
2636 1888 2912 1954 existen·

658 2002 759 2063 tes
812 1994 1090 2061 salutem
1122 1995 1190 2059 in
1222 1992 1525 2062 Domino.
1578 1994 1811 2061 Vestre
1849 1996 2176 2063 nobilitati
2225 1996 2686 2081 significamus,
2736 1994 2914 2081 quod

660 2122 806 2169 cum
836 2099 1224 2185 quibusdam
1256 2099 1483 2167 diebus
1516 2101 1874 2185 assignatis
1904 2103 2063 2169 iuris
2095 2104 2344 2189 ordine,
2379 2112 2444 2169 et
2474 2103 2661 2169 iuxta
2699 2122 2911 2169 mores

656 2209 870 2296 patrie
902 2208 1276 2295 disposituri
1322 2207 1872 2295 processissemus
1903 2211 2072 2278 inter
2102 2211 2465 2279 Ecclesiam
2496 2212 2721 2278 Sancti
2749 2211 2915 2276 Mar·

656 2318 778 2385 tini
815 2336 897 2383 ex
948 2337 1099 2400 una,
1153 2322 1218 2383 et
1247 2316 1634 2401 Magistrum
1667 2318 1925 2404 Templi
1978 2340 2062 2385 ex
2112 2319 2323 2386 altera
2371 2318 2670 2405 partibus
2720 2337 2914 2403 super

661 2424 1108 2492 controuersia
1136 2430 1308 2491 terre
1339 2424 1639 2509 Zeuleus,
1674 2444 1830 2511 pars
1863 2432 2137 2510 utraque
2169 2426 2266 2493 sic
2299 2446 2372 2494 se
2389 2433 2613 2493 nostro
2636 2426 2913 2492 arbitrio

660 2531 1000 2617 obligauit,
1036 2538 1105 2597 ut
1125 2530 1183 2597 si
1214 2531 1363 2616 quis
1395 2551 1616 2598 eorum
1646 2540 1938 2600 nostrum
1959 2534 2301 2600 arbitrium
2329 2533 2734 2616 refutauerit‚
2774 2552 2916 2599 een-

655 2651 792 2709 tum
831 2660 1087 2707 marcas
1119 2641 1293 2725 parti
1315 2640 1591 2708 aduerse
1625 2642 1883 2708 soluere
1911 2648 2258 2710 teneretur.
2293 2643 2396 2709 De
2428 2662 2558 2726 qua
2586 2647 2768 2708 terra
2796 2660 2918 2709 nos

657 2747 1028 2834 huJusmodi
1075 2747 1348 2815 fecimus
1398 2747 1952 2834 disposicionem;
2019 2758 2089 2817 ut
2137 2750 2264 2836 ipsi
2314 2749 2612 2836 primitus
2670 2756 2916 2815 terram

658 2855 910 2939 Regine
943 2853 1025 2921 de
1057 2854 1380 2922 communi
1401 2875 1679 2922 assensu
1711 2862 2171 2940 restaurarent,
2202 2856 2299 2922 ita
2330 2856 2503 2939 quod
2536 2853 2618 2920 de
2637 2854 2917 2940 quadra-

661 2962 847 3047 ginta
878 2960 1205 3045 funiculis,
1255 2959 1428 3044 quod
1457 2961 1653 3044 vulgo
1665 2964 1775 3046 flu
1807 2968 2093 3046 vocatur,
2153 2981 2271 3029 sex
2303 2960 2611 3028 darentur
2655 2959 2916 3048 populis

660 3069 931 3153 Regine,
967 3077 1032 3134 et
1060 3067 1292 3152 reliqui
1326 3068 1775 3136 diuiderentur
1811 3069 1896 3135 ab
1929 3068 2226 3135 Ecclesia
2258 3067 2483 3134 Sancti
2501 3068 2768 3135 Martini
2795 3088 2916 3154 per

665 3175 985 3261 medium;
1022 3184 1086 3243 et
1104 3175 1518 3243 medietatem
1536 3177 1897 3263 Templarii
1931 3177 2323 3264 acciperent,
2358 3182 2423 3244 et
2438 3177 2703 3264 insuper
2730 3196 2914 3244 sexa·

662 3286 849 3370 ginta
880 3284 1129 3368 iugera,
1181 3284 1263 3350 de
1294 3284 1486 3369 sylua
1524 3304 1675 3353 vero
1707 3304 1830 3351 nec
1861 3285 2192 3368 cruciferi,
2241 3305 2361 3351 nec
2409 3285 2634 3370 populi
2663 3283 2916 3369 Regine

660 3399 912 3478 partem
933 3391 1223 3474 aberent,
1259 3391 1388 3457 nisi
1412 3392 1710 3458 Ecclesia
1729 3392 1957 3459 Sancti
1980 3392 2263 3476 Martini,
2298 3391 2417 3459 sed
2448 3400 2751 3476 stagnum
2770 3398 2915 3457 tan-

663 3508 798 3566 tum
841 3518 1176 3566 commune
1210 3507 1384 3566 esset
1417 3519 1562 3566 cum
1583 3498 1957 3567 Cruciferis.
1994 3499 2236 3567 Vincas
2269 3519 2441 3584 vero,
2494 3500 2553 3565 si
2584 3499 2694 3584 qui
2723 3497 2919 3586 primi

661 3607 1126 3694 plantauerant
1172 3626 1369 3692 super
1397 3607 1574 3674 illius
1613 3615 1786 3674 terre
1818 3610 2283 3694 promuntori0,
2317 3608 2512 3691 ydem
2543 3607 2676 3693 ipsi
2704 3605 2911 3693 possi·

662 3715 924 3801 derent3
961 3714 1080 3781 sed
1099 3715 1384 3802 amplius
1414 3715 1556 3782 sine
1577 3730 1853 3783 assensu
1879 3716 2173 3784 Ecclesie
2193 3717 2420 3784 Sancti
2439 3716 2702 3782 Martini
2735 3715 2915 3801 plan-

660 3829 802 3889 tare
832 3841 960 3889 non
1001 3822 1539 3909 permitterentur.
1580 3822 1686 3889 Ad
1725 3824 1908 3891 cuius
1941 3829 2113 3890 terre
2139 3824 2525 3891 diuisionem
2558 3823 2639 3889 de
2676 3820 2917 3889 nostris

660 3930 856 3998 sociis
878 3929 1190 4015 misimus,
1212 3931 1459 3997 scilicet
1481 3931 1882 4014 Marcellum,
1918 3929 2319 4018 Chepanum,
2356 3931 2595 4015 Oltum,
2616 3928 2913 3997 Benkam

660 4039 967 4119 Comites,
1015 4039 1126 4125 qui
1168 4038 1460 4123 utrisque
1490 4037 1787 4125 partibus
1820 4037 1988 4104 diem
2018 4038 2524 4122 assignauerunt
2554 4035 2643 4102 ad
2673 4043 2915 4102 terram

662 4144 1099 4213 diuidendam.
1154 4146 1260 4212 Ad
1292 4165 1483 4231 quem
1515 4143 1622 4210 die
1656 4145 1993 4229 assignato
2024 4144 2327 4212 Decanus
2365 4143 2659 4210 Ecclesie
2697 4141 2921 4209 Sancti

658 4255 921 4321 Martini
973 4275 1117 4321 cum
1148 4254 1534 4339 quibusdam
1572 4252 1883 4319 fratribus
1932 4261 1995 4318 et
2027 4252 2488 4339 iobagionibus
2537 4251 2916 4337 comparuit.

658 4363 788 4430 Vbi
843 4363 1055 4430 dictus
1085 4364 1402 4449 Magister
1453 4382 1574 4430 nec
1627 4361 2008 4449 comparuit,
2061 4381 2182 4429 nec
2213 4363 2356 4430 loco
2403 4360 2505 4428 sui
2536 4361 2749 4443 misit3
2802 4356 2923 4426 sed

663 4470 1064 4538 solummodo
1084 4489 1251 4536 unus
1284 4469 1366 4536 de
1395 4469 1859 4554 iobagionibus
1878 4470 2194 4556 prestetit,
2235 4469 2347 4554 qui
2377 4488 2575 4554 super
2595 4466 2920 4535 diuisione

662 4585 832 4644 terre
865 4596 908 4643 a
937 4575 1126 4643 nobis
1174 4575 1432 4642 iusticie
1465 4575 1847 4662 postulabat
1896 4575 2454 4661 complementum.
2507 4572 2706 4640 Cuius
2753 4573 2922 4660 peti-
