3359 5250
1407 446 1535 510 491

1395 1028 1552 1097 346.

347 1212 568 1280 Istvdn
599 1216 947 1280 szlavo'niai
976 1213 1224 1280 bdnnak
1254 1213 1456 1299 Ebrys
1508 1217 1662 1277 nevil
1677 1212 1888 1296 fb'ldet
1919 1209 2221 1295 tdrqyazd
2252 1202 2595 1289 tb'rve'nylce-

342 1324 472 1387 zessn‘
501 1323 886 1406 hatdrozata,
925 1322 1068 1389 Solle
1100 1343 1294 1388 comes
1306 1321 1437 1406 fiai
1467 1326 1529 1385 e‘s
1560 1345 1600 1384 α
1639 1318 1901 1385 varasdi
1948 1313 2399 1405 vdvy'obbdyyok
2446 1312 2596 1376 k5zt.

1381 1426 1576 1497 1258.

563 1631 702 1701 Nos
749 1633 1114 1720 Stephanus
1166 1636 1384 1702 Banus
1434 1634 1645 1702 tocius
1693 1633 2037 1702 Sclanonie
2084 1639 2151 1699 et
2198 1628 2594 1717 Capitaneus

343 1738 582 1821 Stirie,
649 1741 1090 1826 significamus
1139 1743 1439 1810 omuibus
1500 1762 1768 1830 presens
1814 1744 2123 1828 scripturn
2185 1735 2594 1825 inspectatio,

344 1849 523 1932 quod
557 1869 701 1915 eum
757 1848 1057 1919 dominus
1108 1860 1332 1919 noster
1361 1852 1525 1918 Bela
1573 1851 1855 1919 Illustris
1886 1851 2024 1918 Rex
2067 1847 2355 1935 Vngarie
2409 1844 2598 1913 nobis

343 1957 414 2023 in
444 1962 584 2025 tota
615 1959 988 2045 Sclauonia‚
1041 1966 1106 2027 et
1137 1961 1514 2048 specialiter
1544 1961 1611 2027 in
1645 1960 1968 2029 Comitatu
1999 1955 2443 2027 Worosdiensi
2474 1959 2597 2020 ter-

342 2085 460 2133 ras
494 2066 694 2132 castri
726 2086 768 2134 a
818 2076 1109 2156 tempore
1140 2070 1478 2137 Oolomani
1509 2069 1709 2153 Regis
1758 2067 1967 2135 felicis
1995 2065 2304 2135 memorie
2350 2061 2596 2130 aliena-

342 2181 451 2242 tas
482 2173 775 2243 indicare
828 2179 1246 2267 precepisset,
1295 2178 1561 2246 tandem
1593 2177 1894 2245 Andreas
1926 2175 2156 2244 Comes
2188 2170 2596 2243 Worosdien-

342 2283 459 2369 sis,
510 2288 576 2350 et
605 2283 985 2368 iobagiones
1018 2288 1218 2354 castri
1266 2284 1556 2354 eiusdem
1609 2285 1920 2372 uniuersi,
1971 2284 2222 2353 scilicet
2279 2276 2596 2361 Damask‚

340 2390 685 2476 Martinus,
720 2392 959 2479 Volpot
988 2393 1162 2460 filius
1195 2393 1519 2478 Nezdasa,
1553 2394 1892 2464 chozlau
1927 2400 1990 2461 et
2023 2389 2390 2461 Demetrius
2421 2388 2594 2456 filius

342 2500 508 2585 eius,
561 2500 905 2569 Foleumar
921 2555 942 2589 ,
994 2504 1156 2570 Paul
1206 2503 1376 2570 filius
1428 2503 1640 2571 Pouse
1657 2554 1676 2589 ,
1730 2503 2021 2571 Renchet
2041 2554 2057 2587 ‚
2115 2503 2373 2587 Mar-tyn
2423 2496 2599 2564 filius

341 2609 618 2696 anych‚
669 2610 935 2680 Iwahen
970 2612 1142 2682 filius
1193 2613 1487 2698 Manehe,
1523 2613 1818 2680 Acuzlau
1867 2610 2037 2680 filius
2069 2610 2273 2696 Acha,
2309 2613 2373 2676 et
2403 2605 2597 2676 ceteri

340 2716 732 2805 iobagiones
765 2720 982 2806 castri,
1034 2740 1115 2787 ex
1147 2723 1326 2786 terra
1373 2719 1649 2788 filiorum
1684 2719 1842 2788 Selk
1895 2720 2154 2789 nomine
2184 2717 2400 2805 Ebrys
2439 2719 2599 2802 aput

342 2829 654 2894 Sanctum
703 2826 962 2915 Elyam,
1022 2828 1136 2895 ubi
1188 2834 1288 2912 est
1336 2838 1820 2897 commetaneus
1871 2828 2010 2896 eins
2060 2826 2378 2896 Martinus
2425 2822 2597 2891 filius

340 2933 617 3020 Zulyeh,
669 2936 999 3021 quandam
1050 2936 1439 3022 particulam
1472 2936 1558 3002 ad
1589 2937 1872 3005 alterum
1923 2934 2260 3004 dimidium
2308 2939 2597 3002 aratrum

343 3046 734 3128 existentem
783 3044 1042 3110 nomine
1094 3044 1290 3111 castri
1337 3045 1819 3113 reambulantes
1851 3050 2327 3133 proposuerunt
2373 3058 2595 3108 coram

341 3153 535 3222 nobis
568 3160 797 3220 contra
826 3153 997 3220 filios
1020 3152 1197 3239 Selk,
1234 3152 1408 3240 qnod
1429 3154 1578 3242 ipsa
1607 3154 1936 3242 particula
1954 3161 2127 3220 terre
2145 3152 2344 3219 castri
2381 3157 2592 3234 esset;

340 3262 432 3330 ad
466 3259 640 3347 quod
670 3260 785 3347 filij
808 3261 967 3328 Selk
1000 3261 1506 3350 respondentes,>
1524 3263 1652 3351 ipsi
1684 3262 2074 3351 particulam
2094 3267 2158 3329 et
2178 3260 2348 3328 alias
2386 3264 2595 3326 terras

342 3371 725 3439 adiacentes
777 3370 1118 3458 empticius
1169 3390 1317 3439 esse
1367 3391 1522 3440 suas
1554 3393 1597 3439 a
1627 3372 1883 3460 Zopina
1932 3378 1996 3440 et
2033 3369 2252 3439 Endre
2301 3383 2594 3436 asserue-

340 3485 511 3566 runt,
543 3485 608 3546 et
637 3477 970 3565 quandam
1000 3480 1204 3548 aliam
1235 3487 1496 3566 terram,
1529 3481 1903 3567 contiguam
1935 3480 2086 3567 sibi,
2125 3480 2334 3550 eciam
2367 3475 2591 3566 empti·

341 3589 511 3656 ciam
562 3595 777 3655 cotum
808 3586 1137 3672 dicebant,
1190 3608 1385 3677 super
1415 3590 1540 3657 hoc
1570 3589 1988 3676 priuilegium
2021 3588 2304 3677 Capituli
2343 3588 2591 3673 Zagru-

343 3698 590 3766 biensis
621 3697 814 3766 nobis
866 3705 1340 3783 presentarunt.
1393 3700 1580 3768 Vnde
1610 3700 1852 3768 auditis
1884 3702 2174 3787 parcium
2221 3698 2591 3787 propositis,

343 3812 408 3873 et
436 3797 772 3875 tenoribus
816 3807 1145 3893 priuilegii
1187 3807 1471 3895 Capituli
1520 3808 1892 3896 intellectiS,
1941 3812 2153 3896 ipsam
2204 3807 2593 3897 particulam

340 3923 513 3983 terre
542 3912 631 3981 ad
661 3915 940 3982 alterum
993 3915 1329 3984 dimidium
1362 3922 1651 3984 aratrum
1703 3916 2127 3986 sufficientem
2178 3923 2392 3984 castro
2442 3914 2587 3982 Wo-¹

340 4022 667 4093 rosdiensi
717 4022 1023 4093 duximus
1074 4025 1586 4110 relinquendam.
1639 4026 1770 4093 Sed
1804 4025 2214 4113 postmodum
2255 4023 2426 4091 idem
2459 4022 2588 4092 An·

342 4129 536 4198 dreas
566 4130 803 4201 Comes
835 4141 901 4200 et
930 4133 1315 4219 iobagiones
1368 4136 1567 4203 castri
1597 4135 1813 4222 ipsam
1858 4135 2245 4221 particulam
2300 4141 2473 4199 terre
2503 4133 2590 4200 ad

341 4242 617 4326 alterum
669 4242 1008 4310 dimidium
1062 4251 1350 4311 aratrum
1400 4243 1826 4312 sufficientem
1873 4245 1939 4310 in
1975 4245 2183 4332 Ebrio,
2238 4264 2320 4310 ex
2368 4262 2589 4311 eorum

343 4350 753 4436 beneplacito
786 4358 852 4416 et
880 4370 1221 4435 consensu,
1276 4353 1522 4420 eisdem
1553 4354 1706 4438 filijs
1735 4353 1891 4421 Selk
1925 4353 2322 4439 reliquerunt
2350 4353 2419 4420 in
2448 4369 2587 4437 per-

343 4467 604 4546 petuum
653 4459 1138 4546 possidendam.
1191 4463 1267 4529 In
1299 4461 1480 4529 cuius
1536 4462 1984 4530 concambium
2035 4463 2103 4528 in
2132 4470 2306 4529 terra
2343 4461 2590 4531 Zbelou

342 4587 544 4657 prope
576 4568 662 4635 ad
695 4568 1154 4639 Worosdinum
1186 4593 1228 4637 a
1261 4572 1413 4659 filijs
1446 4571 1604 4638 Selk
1635 4577 1884 4637 tantam
1916 4579 2156 4639 terram
2186 4579 2586 4659 receperunt,

343 4676 507 4746 sicut
534 4677 603 4743 in
650 4676 885 4745 litteris
914 4678 1176 4748 Andree
1208 4681 1478 4749 Comitis
1512 4679 2017 4766 Worosdiensis,
2063 4688 2130 4748 et
2159 4701 2241 4747 ex
2274 4680 2586 4749 assercio-

345 4786 529 4853 nibus
580 4784 995 4870 iobagionum
1049 4789 1246 4857 castri
1280 4790 1706 4876 cognouimus
1736 4788 2111 4876 manifeste;
2160 4796 2293 4858 tum
2327 4809 2446 4878 pro
2484 4810 2584 4876 eo,
