3359 5250
1400 362 1535 433 489

341 559 603 644 dicitur,
639 567 704 627 et
737 562 828 628 ibi
862 569 1011 630 sunt
1039 568 1172 631 tres
1204 571 1372 632 mete
1395 564 1660 650 antique
1693 570 1756 630 et
1789 571 1919 632 tres
1940 584 2146 649 noue3
2180 562 2591 650 postmodum

338 667 677 738 descendit
724 671 813 738 ad
847 671 1109 757 uallem,
1160 691 1359 759 quam
1389 672 1651 758 transit,
1706 680 1769 741 et
1801 673 2100 742 ascendit
2142 673 2231 747 ad
2279 675 2455 741 latus
2487 692 2587 740 cu·

336 778 594 847 iusdam
641 780 849 868 collis,
900 789 967 849 et
1013 781 1106 850 ibi
1155 781 1664 852 conterminatur
1721 789 1892 851 terre
1940 782 2165 851 Sancti
2216 781 2391 869 viti;
2442 781 2594 849 inde

339 909 571 957 uersus
623 896 874 978 partem
928 891 1420 962 meridionalem
1471 890 1875 962 transeundo
1937 912 2083 960 cum
2133 892 2340 961 tribus
2401 890 2592 959 metis

335 994 624 1084 antiquis
674 1003 740 1065 et
769 999 956 1067 nouis
1005 1006 1187 1069 tenet
1218 1007 1456 1069 metam
1510 1022 1654 1069 cum
1685 1006 1863 1068 terra
1892 999 2049 1068 ville
2082 999 2237 1067 ka
2286 997 2591 1068 Teutoni-

337 1126 559 1174 corum
612 1107 936 1195 hospitum
987 1110 1198 1178 Castri
1250 1111 1643 1197 Nitriensis3
1708 1109 1860 1178 inde
1911 1111 2151 1178 transit
2200 1130 2344 1176 cum
2402 1111 2590 1176 metis

337 1216 623 1302 antiquis
672 1222 737 1283 et
784 1219 969 1287 nouis
1020 1240 1218 1306 super
1265 1221 1507 1288 vallem
1561 1220 1911 1309 quandam,
1969 1227 2032 1286 et
2087 1219 2591 1295 conterminatur

336 1329 510 1392 terre
542 1325 809 1394 alterius
841 1327 1019 1415 ka,
1052 1348 1179 1416 que
1199 1328 1504 1397 videlicet
1536 1335 1636 1396 est
1666 1329 1830 1396 villa
1850 1328 2160 1397 cruciferi
2199 1328 2280 1396 de
2312 1329 2594 1414 Manga;

337 1435 749 1521 postmodum
799 1435 1137 1506 descendit
1184 1440 1371 1506 iuxta
1414 1445 1657 1505 terram
1711 1437 1897 1504 Bund
1945 1436 2593 1524 Zulga-Jauriensem

341 1564 571 1613 uersus
620 1546 1041 1632 occidentem,
1096 1556 1161 1615 et
1210 1546 1295 1614 ad
1349 1548 1623 1616 candem
1674 1568 1913 1633 aquam
1936 1598 1952 1631 ,
2018 1546 2187 1614 unde
2238 1547 2591 1635 inceperat,

342 1652 743 1720 terminatur.
795 1654 880 1721 Vt
913 1655 1110 1742 igitur
1139 1655 1327 1724 huius
1362 1657 1454 1723 rei
1488 1657 1695 1724 series
1727 1655 1923 1722 robur
1959 1656 2253 1741 optineat
2284 1661 2595 1743 perpetue

339 1759 666 1829 firmitatis
714 1773 1050 1851 presentes
1082 1764 1331 1835 eisdem
1364 1764 1632 1834 Zochud
1668 1772 1731 1831 et
1769 1763 1905 1831 suis
1952 1763 2262 1832 fratribus
2297 1763 2594 1830 dedimus

340 1870 596 1940 litteras
647 1877 864 1940 nostro
916 1872 1134 1959 sigillo
1187 1875 1565 1960 roboratas;
1619 1879 1808 1961 prout
1856 1872 2037 1960 prius
2088 1873 2293 1940 eciam
2345 1871 2593 1941 eisdem

343 1986 635 2066 tempore
695 1980 1143 2049 reuocacionis
1205 1979 1658 2069 perpetuitatis
1713 2000 1910 2067 super
1960 1979 2133 2049 facto
2196 1976 2383 2048 dicte‘
2424 1987 2597 2049 terre

343 2094 634 2156 nostrum
666 2089 1084 2175 priuilegium
1117 2088 1523 2161 dederamus.
1573 2092 1814 2158 Datum
1856 2111 2024 2158 anno
2059 2090 2322 2160 Domini
2355 2093 2444 2159 M⁰
2466 2090 2597 2161 CC⁰

344 2199 423 2263 L⁶
442 2203 693 2265 octauo.

347 2379 620 2450 (Eredetie
657 2380 1002 2451 biirhartyan,
1041 2383 1292 2449 melynek
1335 2380 1500 2437 hatan
1539 2400 1602 2435 az
1630 2385 1737 2436 oda
1772 2390 2018 2450 nyomott
2056 2378 2257 2449 kirtlyi
2304 2380 2597 2450 pecshtnek

584 2473 841 2528 toredeke
871 2474 995 2542 meg
1020 2491 1272 2543 mogun,
1311 2492 1344 2526 a
1370 2477 1535 2529 budai
1565 2479 1666 2529 kir.
1698 2478 1942 2532 kamarai
1970 2471 2347 2543 levhltarban.)

1214 2778 1280 2786 -ῳ

1408 3234 1560 3303 345.

355 3418 400 3484 Ι
407 3418 474 3484 V.
509 3419 768 3486 Sdndor
810 3424 988 3505 pdpa
1042 3419 1384 3484 Aleardust
1429 3419 1695 3504 -rctyuzai
1747 3416 2022 3481 &seknek
2068 3417 2355 3482 kinevezi.
2408 3415 2603 3481 1258.

569 3597 943 3667 Alexander
991 3598 1354 3686 Episcopus
1407 3615 1637 3665 seruus
1692 3615 2026 3663 seruorum
2080 3598 2202 3663 Dei
2239 3596 2600 3663 venerabili

353 3712 535 3779 fratri
586 3709 867 3778 Aleardo
918 3708 1424 3796 Archiepiscopo
1478 3706 1809 3792 Bagusino
1859 3707 2133 3775 salutem
2187 3715 2252 3773 et
2281 3705 2606 3793 Apostoli-

353 3840 497 3889 cam
546 3819 1084 3888 benedictionem.
1141 3820 1339 3886 Recte
1370 3826 1524 3885 tunc
1557 3816 1996 3885 Ecclesiarum
2051 3816 2308 3884 utilitati
2352 3814 2603 3904 prospi-

353 3930 536 4015 citur,
572 3937 637 3997 et
666 3927 1124 4015 indempnitati
1178 3927 1528 3996 salubriter
1560 3932 1972 4014 precavetur,
2030 3946 2171 3992 cum
2212 3925 2509 3994 discretis
2542 3931 2606 3992 et

310 4032 317 4040 ’
353 4037 649 4127 prouidis
681 4057 839 4104 cura
870 4038 1288 4104 committitur
1320 4036 1693 4104 earundem.
1728 4034 1915 4104 Unde
1935 4037 2264 4104 Romanus
2285 4034 2602 4120 Pontifex,

355 4146 453 4214 cui
488 4168 570 4214 ex
591 4149 1019 4235 Apostolatus
1052 4145 1262 4214 officio
1297 4146 1585 4211 imminet
1620 4146 1702 4212 de
1732 4144 2052 4213 uniuersis
2084 4145 2396 4211 Ecclesiis
2429 4143 2603 4209 solli-

353 4261 480 4326 cite
513 4257 823 4342 cogitare,
877 4256 998 4323 hoc
1032 4255 1314 4323 maxime
1349 4256 1524 4322 circa
1556 4256 1735 4342 ipsas
1769 4252 2066 4333 attendit,
2120 4259 2186 4320 et
2224 4250 2311 4318 ad
2343 4251 2411 4318 id
2461 4273 2605 4339 pro-

356 4368 620 4457 pensius
672 4364 993 4451 invigilat,
1046 4371 1115 4430 ut
1148 4385 1268 4452 per
1298 4366 1501 4432 bonos
1554 4370 1617 4429 et
1650 4363 1884 4448 dignos
1936 4362 2371 4448 gubernentur
2404 4366 2605 4428 recto-

354 4497 459 4545 res
482 4529 498 4561 ,
551 4496 666 4562 per
717 4476 914 4543 duces
966 4475 1344 4563 perspicuos
1398 4474 1464 4538 in
1515 4471 1651 4539 suis
1697 4472 2003 4557 gregibus
2056 4471 2436 4558 dirigantur,
2490 4490 2606 4556 per

357 4603 580 4654 sacros
613 4591 678 4651 et
727 4583 1017 4651 eruditos
1050 4583 1381 4650 ministros
1415 4582 1481 4647 in
1522 4578 1974 4667 spiritualibus
2024 4578 2339 4664 fulgeant,
2394 4583 2459 4644 et
2486 4597 2603 4665 per

357 4697 847 4781 dispensatores
901 4692 1245 4780 prudentes
1300 4688 1757 4777 temporalium
1789 4688 2131 4774 proficiant
2173 4686 2603 4755 incrementis.
