3359 5250
1525 387 1649 451 117

444 587 668 666 cante,
720 581 1010 649 Mattheo
1060 581 1378 665 Magistro
1430 582 1894 669 Dapiferorum
1952 587 2018 648 et
2067 581 2318 649 Comite
2364 583 2707 671 Nitriensi,

443 686 747 756 Rolando
795 687 1114 772 Magistro
1166 687 1666 773 Pincernarum,
1720 689 2070 756 Wilhelmo
2122 687 2525 777 Crasinensi,
2580 694 2707 759 De-

443 796 678 864 metrio
710 795 1178 880 Chanadiensi,
1212 797 1493 864 Martino
1524 795 1909 865 Zaladiensi
1959 797 2322 866 Comitibus
2374 806 2438 866 et
2469 800 2705 867 ceteris

442 924 643 988 quam
696 904 992 991 pluribus
1027 902 1391 972 Comitatus
1422 912 1487 972 et
1517 907 1942 990 Magistratus
1972 906 2185 991 Regni
2234 907 2442 974 nostri
2487 913 2706 976 tenen-

439 1011 642 1078 tibus.
694 1009 882 1080 Anno
915 1012 1258 1079 Dominice
1290 1013 1779 1081 Incarnacionis
1810 1014 1902 1080 Μο
1924 1013 2054 1080 00⁰
2073 1015 2222 1081 XL⁰
2253 1013 2486 1101 primo,
2529 1035 2701 1083 nono

441 1119 758 1186 calendas
790 1119 1110 1206 Octobris,
1139 1122 1350 1204 Regni
1384 1129 1601 1189 autem
1631 1122 1841 1189 nostri
1873 1142 2044 1191 anno
2077 1127 2284 1192 sexto.

439 1315 513 1382 (A
538 1315 763 1384 zagrabi
789 1317 1051 1386 kiptalan
1083 1319 1305 1373 1350-ki
1330 1317 1639 1386 atiratabol,
1678 1336 1713 1374 a
1737 1321 1947 1389 Blagay
1971 1322 2166 1387 grofok
2192 1318 2495 1390 itomanyai
2519 1324 2703 1375 kczul.

435 1404 618 1460 Nehai
644 1425 725 1475 gr.
753 1409 949 1461 Teleki
974 1410 1165 1462 Jozsef
1197 1407 1662 1464 oklevelmasolati
1699 1409 2209 1479 gyiijtemenyeben.
2256 1411 2428 1465 Szabo
2454 1410 2701 1480 Kar-015.)

1307 1698 1835 1710 ——-..—.—..

1512 2156 1620 2224 75.

430 2338 551 2402 IX.
592 2335 866 2424 Gerqely
910 2340 1091 2424 pdpa
1122 2359 1165 2401 a
1196 2336 1445 2402 bazieni
1482 2338 1866 2423 osperesenok
1914 2338 2287 2425 meqenqede‘,
2335 2339 2495 2425 hoyy
2525 2361 2688 2426 espe-

540 2447 835 2532 rcstse'ye't
864 2466 979 2531 eqy
1009 2445 1247 2509 vdradi
1269 2443 1746 2530 praebendcival
1774 2454 1985 2533 eqyillt
2018 2446 2332 2514 birhassa.
2385 2449 2581 2513 1241.

652 2644 1016 2728 Gregorius
1048 2642 1415 2730 Episcopus
1447 2661 1677 2709 seruus
1709 2660 2045 2710 seruorum
2099 2643 2224 2710 Dei
2270 2641 2511 2711 dilecto
2556 2644 2691 2711 filio

431 2801 448 2819 .
490 2802 506 2819 .
547 2802 561 2818 .
616 2750 1095 2819 Archidiacono
1146 2750 1449 2818 Baziensi
1499 2750 1874 2818 colocensis
1924 2751 2241 2837 Diocesis,
2296 2752 2577 2819 salutem
2627 2760 2692 2819 et

426 2859 886 2947 Apostolicam
937 2858 1468 2927 benedictionem.
1517 2856 1870 2926 Probitatis
1918 2864 2032 2925 tue
2083 2858 2319 2926 merita
2354 2879 2474 2928 nos
2507 2857 2691 2926 indu-

422 2973 582 3035 cunt
601 3018 622 3052 ,
673 2975 746 3034 ut
793 2986 1138 3051 personam
1188 2973 1365 3034 tuam
1416 2964 1726 3053 specialis
1783 2965 2009 3033 favore
2059 2966 2272 3050 gratie
2334 2986 2686 3052 prosequa-

425 3095 591 3142 mur.
626 3074 788 3141 'I'uis
819 3075 1040 3160 itaque
1073 3071 1663 3161 supplicationibus
1695 3072 2012 3155 inclinati,
2047 3073 2400 3158 specialem
2430 3072 2572 3157 tibi,
2609 3070 2690 3137 de

427 3204 560 3267 quo
595 3181 932 3248 laudabile
981 3183 1171 3250 nobis
1204 3181 1645 3248 testimonium
1696 3180 2091 3266 perhibetur,
2141 3180 2420 3263 gratiam
2455 3179 2690 3246 facien·

421 3298 546 3376 tes,
604 3289 938 3357 devotioni
970 3297 1081 3358 tue
1110 3288 1499 3356 auctoritate
1547 3285 1955 3373 presencium
1988 3285 2425 3371 indulgemus,
2475 3292 2547 3353 ut
2575 3286 2689 3352 Ar-

430 3394 967 3462 chidiaconatum
1017 3394 1400 3461 Baziensem
1452 3400 1518 3459 et
1553 3392 1955 3479 prebendam
1993 3390 2510 3478 Waradiensem‚
2564 3414 2691 3480 que

431 3503 752 3571 canonice
801 3508 866 3568 te
897 3500 1213 3588 proponis
1262 3500 1592 3585 adeptum,
1643 3500 1852 3566 libere
1882 3498 2109 3565 valeas
2159 3497 2460 3582 retinere,
2512 3500 2688 3568 dum-

426 3610 629 3678 modo
680 3608 751 3675 in
783 3607 1078 3674 Ecclesia
1107 3606 1411 3673 Baziensi
1459 3605 1892 3693 personaliter
1932 3605 2291 3690 deservias,
2344 3610 2409 3672 et
2439 3604 2507 3672 in
2539 3606 2689 3672 Wa-

422 3718 726 3785 radiensi
757 3716 969 3783 facias
1000 3737 1119 3802 per
1147 3715 1450 3782 idoneum
1482 3715 1820 3781 vicarium
1853 3713 2188 3780 deserviri.
2226 3713 2469 3781 Datum
2503 3714 2689 3780 Late-

419 3826 571 3894 rani
606 3826 781 3892 VIII.
817 3823 966 3891 idus
997 3823 1341 3890 Februarii
1374 3821 1829 3911 (Pontificatus
1861 3820 2096 3909 nostri)
2130 3841 2305 3887 anno
2335 3821 2548 3889 XIIII.

420 4024 704 4090 (Theiner,
749 4025 1104 4077 Monumenta
1140 4022 1423 4075 Histoi-ica
1459 4022 1802 4088 Hungariam
1840 4020 2059 4074 Sacram
2100 4019 2448 4072 illustrantia.
2487 4021 2533 4071 1.
2571 4019 2687 4070 kot.

1456 4109 1662 4176 177.1.)
1716 4112 1721 4117 '

1289 4419 1812 4429 --———-----—---
