3359 5250
1878 345 1960 410 16

790 547 857 611 et
885 540 1275 609 electoribus
1322 540 1464 608 suis
1498 541 1586 608 ad
1615 559 1803 608 suam
1835 542 2234 628 presentiam
2272 544 2585 629 evocatis,
2635 565 2717 614 ac
2744 546 3048 631 testibus,

790 669 955 736 quos
984 649 1187 717 vellet
1230 646 1612 737 producere,
1643 668 1689 714 a
1719 647 2073 717 karissimo
2125 647 2193 716 in
2225 648 2486 718 Christo
2517 651 2652 723 filio
2689 661 2915 722 nostro
2948 704 2965 720 .
2989 705 3005 722 .
3032 705 3048 720 .

789 756 1038 826 Illustri
1056 757 1224 843 Regi
1242 756 1537 843 Ungarie
1567 776 1689 843 per
1718 761 1925 826 totum
1956 759 2259 843 Regnum
2291 779 2483 827 suum
2511 764 2862 831 securitate
2895 771 3051 831 ante

788 864 1007 933 omnia
1036 865 1406 951 impetrata,
1459 863 1657 932 dictis
1689 884 1949 951 quoque
1978 865 2060 932 A.
2094 866 2155 934 J.
2190 868 2276 933 M.
2308 875 2376 935 et
2406 869 2482 935 V.
2517 877 2584 937 et
2633 869 2783 937 aliis
2813 871 3050 941 electo·

785 973 964 1041 ribus
1012 972 1225 1061 ipsius
1253 973 1327 1040 P.
1360 974 1696 1058 negotium
1744 974 2085 1042 electionis
2127 976 2669 1061 prosequentibus
2717 977 3048 1047 mediante

782 1080 1039 1149 iustitia
1067 1080 1383 1150 restitutis
1414 1080 1814 1168 provideret,
1847 1083 1942 1150 eis
1975 1082 2438 1152 nichilominus
2477 1084 2562 1153 de
2589 1085 3046 1154 communibus

783 1189 1079 1258 eiusdem
1110 1190 1410 1258 Ecclesie
1460 1190 1887 1278 proventibus
1919 1193 1988 1258 in
2017 1190 2375 1260 moderatis
2405 1194 2716 1281 expensis
2733 1246 2751 1279 ,
2803 1194 2864 1261 si
2895 1214 3045 1263 con·

783 1306 1009 1382 staret,
1060 1318 1174 1368 eos
1224 1318 1369 1366 esse
1399 1297 1771 1368 Canonicos
1802 1301 2098 1368 Ecclesie
2148 1308 2510 1370 memorate
2530 1353 2549 1387 ,
2602 1323 2684 1370 ac
2725 1303 3043 1390 predictis

780 1408 1198 1494 processibus
1229 1415 1295 1475 et
1332 1408 1893 1495 appellationibus
1935 1409 2343 1497 interpositis
2373 1410 2746 1490 intellectis,
2785 1410 3045 1479 audiret

783 1535 1053 1583 causam
1085 1526 1152 1585 et
1184 1518 1631 1604 appellatione
1662 1525 1915 1587 remota
1956 1518 2084 1585 fine
2117 1516 2338 1587 debito
2370 1520 2770 1603 terminaret,
2820 1518 3040 1606 ipsam

784 1622 1181 1692 sufficienter
1210 1625 1617 1709 instructam,
1640 1626 1702 1692 si
1733 1624 2089 1692 difficultas
2109 1623 2338 1709 aliqua
2369 1624 2646 1695 forsitan
2664 1634 3038 1715 appareret,

779 1738 1050 1819 propter
1078 1753 1275 1818 quam
1306 1753 1575 1801 causam
1613 1734 1965 1801 terminare
1995 1755 2126 1802 non
2158 1741 2403 1821 posset,
2443 1733 2533 1800 ad
2563 1752 2839 1802 examen
2870 1734 3042 1822 Apo-

779 1840 1081 1909 stolicum
1128 1842 1632 1910 transmissurus
1667 1866 1684 1908 ε
1731 1843 1997 1930 proviso
2048 1862 2131 1910 ne
2180 1844 2304 1910 sub
2355 1841 2551 1911 dubio
2612 1842 2748 1909 litis
2797 1850 3034 1910 eventu

778 1948 1232 2018 Waradiensis
1251 1949 1549 2018 Ecclesia
1570 1949 2067 2036 dilapidationis
2087 1950 2500 2038 dispendium
2521 1956 2876 2036 pateretur.
2887 1952 3038 2018 Pre-

777 2055 954 2124 fatus
990 2056 1253 2141 quidem
1284 2058 1651 2147 Episcopus
1700 2064 1838 2125 tum
1866 2078 1986 2144 per
2016 2078 2108 2142 se,
2161 2065 2296 2126 tum
2326 2078 2445 2145 per
2475 2057 2793 2143 quosdem
2842 2058 3035 2141 alios,

776 2171 968 2250 prout
997 2166 1227 2252 potuit,
1259 2166 1328 2230 in
1365 2163 1658 2231 mandati
1691 2165 1897 2233 nostri
1928 2166 2314 2236 executione
2352 2165 2708 2254 processit3
2759 2185 3035 2249 quorum

776 2290 1090 2360 processu
1110 2272 1194 2339 ad
1213 2273 1663 2360 Apostolicam
1683 2275 1922 2341 Sedem
1939 2274 2348 2359 transmisso,
2381 2274 2595 2343 eidem
2613 2272 3031 2343 Subdiacono

774 2401 897 2468 pro
927 2399 1002 2447 se
1030 2386 1096 2448 et
1123 2380 1515 2466 quibusdam
1548 2382 1940 2450 electoribus
1972 2382 2130 2467 suis,
2164 2390 2230 2450 et
2257 2383 2664 2469 procuratori
2681 2380 2887 2467 partis
2917 2379 3033 2448 ad-

773 2508 964 2558 verse
994 2488 1063 2557 in
1094 2497 1319 2557 nostra
1369 2492 1703 2577 presentia
1733 2492 2127 2576 constitutis,
2178 2513 2299 2559 nos
2330 2491 2640 2559 dilectum
2680 2491 2886 2558 filium
2915 2513 3029 2560 no·

769 2605 976 2666 strum
1009 2597 1084 2667 T.
1115 2597 1283 2665 tituli
1340 2598 1581 2668 Sancte
1627 2600 1872 2668 Sabine
1921 2601 2364 2669 Presbiterum
2413 2606 2478 2668 et
2528 2601 2602 2667 Ε.
2635 2602 3028 2670 Sanctorum

771 2706 1007 2775 Oosme
1039 2716 1104 2775 et
1136 2709 1445 2775 Damiani
1482 2710 1848 2778 Diaconum
1885 2710 2274 2779 Cardinales
2306 2712 2745 2779 concessimus
2776 2711 3027 2779 audito-

771 2833 896 2882 res.
960 2814 1200 2883 Coram
1232 2818 1472 2903 quibus
1503 2818 1655 2885 dum
1689 2825 1868 2886 esset
1917 2819 2159 2887 diutius
2193 2820 2612 2906 disputatum,
2661 2819 2926 2887 tandem
2955 2820 3025 2886 in

771 2924 895 2992 hoc
925 2924 1171 2993 resedit
1186 2927 1538 3012 negotium,
1572 2928 1750 3011 quod
1781 2928 2010 2996 eodem
2030 2926 2443 2996 Subdiacono
2476 2926 2805 3013 quandam
2823 2926 3024 3012 scrip-

767 3038 1001 3121 turam,
1052 3054 1248 3120 quam
1280 3034 1539 3103 dicebat
1588 3037 1920 3104 continere
1963 3037 2356 3104 sententiam
2391 3057 2508 3122 pro
2538 3057 2610 3104 se
2657 3037 2880 3123 latam,
2934 3035 3024 3102 ad

765 3144 1219 3229 probationem
1250 3143 1626 3212 intentionis
1658 3163 1776 3210 sue
1805 3151 2034 3213 contra
2068 3151 2322 3231 partem
2340 3144 2618 3213 alteram
2647 3143 3019 3226 exhibente,

764 3252 936 3319 idem
966 3262 1348 3337 procurator
1397 3273 1526 3319 non
1560 3253 2006 3336 criminaliter,
2062 3253 2176 3321 sed
2209 3254 2488 3322 civiliter
2516 3254 2585 3319 in
2624 3252 2883 3319 modum
2915 3273 3022 3319 ex-

765 3358 1086 3444 ceptionis
1117 3357 1460 3443 duntaxat,
1510 3362 1722 3448 ipsam
1759 3362 2043 3428 asseruit
2072 3381 2220 3429 esse
2264 3360 2524 3444 falsam,
2575 3380 2828 3445 negans
2857 3377 3019 3428 vera

763 3485 929 3549 esse,
963 3483 1089 3548 que
1108 3465 1607 3533 continebantur
1635 3467 1704 3533 in
1726 3468 1894 3552 ipsa.
1916 3468 2056 3535 Nos
2087 3468 2288 3552 igitur
2319 3469 2709 3554 scripturam
2738 3467 3017 3534 eandem

765 3572 956 3641 vobis
996 3572 1118 3640 sub
1152 3573 1332 3639 bulla
1376 3580 1605 3640 nostra
1653 3576 2167 3642 transmittentes
2213 3575 2557 3659 inclusam,
2607 3575 3017 3657 mandamns,

763 3688 1084 3767 quatenus
1118 3681 1418 3749 adhibita
1437 3681 1706 3770 publica
1737 3703 2040 3770 persona,
2078 3686 2136 3750 si
2165 3691 2403 3770 potest,
2436 3689 2550 3750 aut
2568 3683 2825 3751 duobus
2856 3682 3016 3749 viris

759 3789 1034 3876 idoneis,
1086 3791 1199 3874 qui
1230 3790 1506 3859 fideliter
1535 3791 1844 3858 universa
1893 3791 2123 3858 iudicii
2163 3799 2314 3859 acta
2363 3791 2783 3858 conscribant
2828 3791 3016 3858 iuxta

757 3896 1036 3967 formam
1067 3898 1345 3968 Concilii
1392 3900 1760 3984 Generalis,
1813 3899 1896 3967 de
1926 3901 2202 3968 veritate
2234 3922 2312 3968 ac
2356 3900 2649 3968 falsitate
2694 3899 3018 3986 scripture

758 4007 1097 4094 premisse,
1149 4009 1255 4075 vel
1287 4014 1730 4077 contentorum
1760 4009 1829 4074 in
1861 4028 1962 4093 ea,
2015 4015 2153 4075 tam
2183 4028 2301 4094 per
2348 4008 2600 4094 priores
2650 4008 2897 4075 iudices
2948 4014 3015 4075 et

756 4117 1109 4204 scriptores
1140 4137 1361 4185 eornm
1397 4139 1475 4186 ac
1506 4126 1729 4203 testes,
1762 4138 2035 4203 quorum
2064 4118 2417 4186 nominain
2449 4118 2773 4204 scriptura
2811 4117 3014 4186 conti·

752 4231 990 4293 nentur
1020 4225 1272 4311 eadem,
1306 4232 1372 4292 et
1390 4225 1578 4311 alios,
1612 4245 1810 4310 quam
1841 4246 1961 4312 per
1978 4225 2395 4312 probationes
2427 4225 2615 4310 alias,
2659 4244 2824 4308 quas
2845 4232 3014 4292 utra-

750 4335 911 4404 libet
941 4335 1224 4423 partium
1252 4335 1511 4403 duxerit
1542 4335 2017 4424 producendas,
2070 4335 2348 4403 sollicite
2388 4340 2879 4418 cognoscentes,
2931 4352 3012 4400 ac

749 4445 1134 4531 recipientes
1184 4453 1388 4513 testes
1408 4496 1427 4530 ,
1477 4465 1643 4531 quos
1692 4445 1864 4512 idem
1896 4448 1971 4513 P.
2017 4465 2217 4533 super
2265 4443 2662 4532 spoliatione
2709 4441 3011 4529 predicta

749 4552 1130 4642 produxerit
1178 4573 1401 4622 coram
1448 4553 1659 4636 vobis,
1713 4571 1840 4637 que
1887 4551 2291 4637 inveneritis,
2341 4551 2430 4618 ad
2477 4570 2598 4619 nos
2647 4569 2793 4617 cum
2844 4549 3011 4617 actis

746 4663 987 4751 prioris
1037 4660 1265 4730 iudicii
1321 4662 1444 4729 sub
1503 4662 1746 4748 sigillis
1793 4661 2029 4729 vestris
2079 4668 2145 4727 et
2191 4659 2595 4729 documentis
2658 4656 3009 4726 autenticis
