<?xml version="1.0" encoding="UTF-8"?>
<!DOCTYPE html PUBLIC "-//W3C//DTD XHTML 1.0 Transitional//EN"
    "http://www.w3.org/TR/xhtml1/DTD/xhtml1-transitional.dtd">
<html xmlns="http://www.w3.org/1999/xhtml" xml:lang="en" lang="en">
 <head>
  <title>
</title>
<meta http-equiv="Content-Type" content="text/html;charset=utf-8" />
  <meta name='ocr-system' content='tesseract 3.04.00' />
  <meta name='ocr-capabilities' content='ocr_page ocr_carea ocr_par ocr_line ocrx_word'/>
</head>
<body>
  <div class='ocr_page' id='page_1' title='image "./codexdiplomatic09unkngoog_0588.png"; bbox 0 0 3359 5250; ppageno 0'>
   <div class='ocr_carea' id='block_1_1' title="bbox 1799 366 1932 433">
    <p class='ocr_par' dir='ltr' id='par_1_1' title="bbox 1799 366 1932 433">
     <span class='ocr_line' id='line_1_1' title="bbox 1799 366 1932 433; baseline -0.015 1"><span class='ocrx_word' id='word_1_1' title='bbox 1799 366 1932 433; x_wconf 83' lang='lat'><strong>548</strong></span> 
     </span>
    </p>
   </div>
   <div class='ocr_carea' id='block_1_2' title="bbox 1710 459 2020 472">
    <p class='ocr_par' dir='ltr' id='par_1_2' title="bbox 1710 459 2020 472">
     <span class='ocr_line' id='line_1_2' title="bbox 1710 459 2020 472; baseline 0 4778"><span class='ocrx_word' id='word_1_2' title='bbox 1710 459 2020 472; x_wconf 95' lang='lat' dir='ltr'><strong> </strong></span> 
     </span>
    </p>
   </div>
   <div class='ocr_carea' id='block_1_3' title="bbox 703 562 2990 4775">
    <p class='ocr_par' dir='ltr' id='par_1_3' title="bbox 716 562 2990 3037">
     <span class='ocr_line' id='line_1_3' title="bbox 726 562 2990 658; baseline -0.002 -21"><span class='ocrx_word' id='word_1_3' title='bbox 726 571 1041 658; x_wconf 87' lang='lat' dir='ltr'><strong>umphum</strong></span> <span class='ocrx_word' id='word_1_4' title='bbox 1090 570 1450 652; x_wconf 86' lang='lat' dir='ltr'><strong>tenuerunt,</strong></span> <span class='ocrx_word' id='word_1_5' title='bbox 1502 562 1931 633; x_wconf 81' lang='lat' dir='ltr'><strong>debellantur.</strong></span> <span class='ocrx_word' id='word_1_6' title='bbox 1987 566 2137 635; x_wconf 88' lang='lat' dir='ltr'><strong>Non</strong></span> <span class='ocrx_word' id='word_1_7' title='bbox 2171 574 2270 635; x_wconf 89' lang='lat' dir='ltr'><strong>est</strong></span> <span class='ocrx_word' id='word_1_8' title='bbox 2318 587 2555 653; x_wconf 80' lang='lat' dir='ltr'>magne</span> <span class='ocrx_word' id='word_1_9' title='bbox 2597 566 2990 656; x_wconf 87' lang='lat' dir='ltr'><strong>apparencic</strong></span> 
     </span>
     <span class='ocr_line' id='line_1_4' title="bbox 730 674 2988 764; baseline -0.003 -16"><span class='ocrx_word' id='word_1_10' title='bbox 730 679 1053 748; x_wconf 83' lang='lat' dir='ltr'><strong>exercitus</strong></span> <span class='ocrx_word' id='word_1_11' title='bbox 1083 678 1527 759; x_wconf 89' lang='lat' dir='ltr'><strong>Tartarorum,</strong></span> <span class='ocrx_word' id='word_1_12' title='bbox 1561 674 1671 758; x_wconf 92' lang='lat' dir='ltr'><strong>qui</strong></span> <span class='ocrx_word' id='word_1_13' title='bbox 1708 694 1889 743; x_wconf 90' lang='lat' dir='ltr'><strong>omes</strong></span> <span class='ocrx_word' id='word_1_14' title='bbox 1922 677 2116 743; x_wconf 87' lang='lat' dir='ltr'><strong>simul</strong></span> <span class='ocrx_word' id='word_1_15' title='bbox 2148 683 2213 744; x_wconf 90' lang='lat' dir='ltr'><strong>et</strong></span> <span class='ocrx_word' id='word_1_16' title='bbox 2243 677 2624 764; x_wconf 87' lang='lat' dir='ltr'><strong>congregati</strong></span> <span class='ocrx_word' id='word_1_17' title='bbox 2660 676 2988 763; x_wconf 90' lang='lat' dir='ltr'><strong>incedunt,</strong></span> 
     </span>
     <span class='ocr_line' id='line_1_5' title="bbox 729 783 2989 874; baseline -0.001 -20"><span class='ocrx_word' id='word_1_18' title='bbox 729 788 825 855; x_wconf 90' lang='lat' dir='ltr'><strong>ita</strong></span> <span class='ocrx_word' id='word_1_19' title='bbox 854 786 1030 874; x_wconf 90' lang='lat' dir='ltr'><strong>quod</strong></span> <span class='ocrx_word' id='word_1_20' title='bbox 1062 785 1240 852; x_wconf 90' lang='lat' dir='ltr'><strong>acies</strong></span> <span class='ocrx_word' id='word_1_21' title='bbox 1291 783 1469 850; x_wconf 89' lang='lat' dir='ltr'><strong>mille</strong></span> <span class='ocrx_word' id='word_1_22' title='bbox 1508 783 1930 850; x_wconf 87' lang='lat' dir='ltr'><strong>Tartarorum</strong></span> <span class='ocrx_word' id='word_1_23' title='bbox 1979 785 2480 870; x_wconf 90' lang='lat' dir='ltr'><strong>quingentorum</strong></span> <span class='ocrx_word' id='word_1_24' title='bbox 2520 785 2989 874; x_wconf 88' lang='lat' dir='ltr'><strong>apparenciam</strong></span> 
     </span>
     <span class='ocr_line' id='line_1_6' title="bbox 727 890 2987 981; baseline -0.002 -19"><span class='ocrx_word' id='word_1_25' title='bbox 727 917 855 964; x_wconf 90' lang='lat' dir='ltr'><strong>non</strong></span> <span class='ocrx_word' id='word_1_26' title='bbox 886 893 1175 963; x_wconf 81' lang='lat' dir='ltr'><strong>habebit.</strong></span> <span class='ocrx_word' id='word_1_27' title='bbox 1207 890 1472 958; x_wconf 81' lang='lat' dir='ltr'><strong>Tartari</strong></span> <span class='ocrx_word' id='word_1_28' title='bbox 1504 890 1836 958; x_wconf 84' lang='lat' dir='ltr'><strong>curialiter</strong></span> <span class='ocrx_word' id='word_1_29' title='bbox 1867 892 2159 977; x_wconf 81' lang='lat' dir='ltr'><strong>hospites</strong></span> <span class='ocrx_word' id='word_1_30' title='bbox 2189 893 2575 981; x_wconf 86' lang='lat' dir='ltr'><strong>suscipiunt,</strong></span> <span class='ocrx_word' id='word_1_31' title='bbox 2610 899 2675 962; x_wconf 90' lang='lat' dir='ltr'><strong>et</strong></span> <span class='ocrx_word' id='word_1_32' title='bbox 2705 894 2987 961; x_wconf 86' lang='lat' dir='ltr'><strong>libenter</strong></span> 
     </span>
     <span class='ocr_line' id='line_1_7' title="bbox 725 999 2986 1088; baseline -0 -18"><span class='ocrx_word' id='word_1_33' title='bbox 725 1003 940 1070; x_wconf 92' lang='lat' dir='ltr'><strong>cibum</strong></span> <span class='ocrx_word' id='word_1_34' title='bbox 975 1001 1278 1071; x_wconf 89' lang='lat' dir='ltr'><strong>dividunt</strong></span> <span class='ocrx_word' id='word_1_35' title='bbox 1322 1022 1468 1068; x_wconf 89' lang='lat' dir='ltr'><strong>cum</strong></span> <span class='ocrx_word' id='word_1_36' title='bbox 1502 999 1788 1084; x_wconf 90' lang='lat' dir='ltr'><strong>eisdem;</strong></span> <span class='ocrx_word' id='word_1_37' title='bbox 1839 1007 1905 1066; x_wconf 87' lang='lat' dir='ltr'><strong>ct</strong></span> <span class='ocrx_word' id='word_1_38' title='bbox 1953 1002 2180 1068; x_wconf 86' lang='lat' dir='ltr'><strong>volunt</strong></span> <span class='ocrx_word' id='word_1_39' title='bbox 2229 1022 2344 1088; x_wconf 92' lang='lat' dir='ltr'><strong>per</strong></span> <span class='ocrx_word' id='word_1_40' title='bbox 2396 1003 2656 1069; x_wconf 90' lang='lat' dir='ltr'><strong>modum</strong></span> <span class='ocrx_word' id='word_1_41' title='bbox 2708 1002 2986 1070; x_wconf 81' lang='lat' dir='ltr'><strong>similem</strong></span> 
     </span>
     <span class='ocr_line' id='line_1_8' title="bbox 725 1107 2985 1200; baseline -0.001 -20"><span class='ocrx_word' id='word_1_42' title='bbox 725 1109 1128 1200; x_wconf 88' lang='lat' dir='ltr'><strong>responderi,</strong></span> <span class='ocrx_word' id='word_1_43' title='bbox 1184 1110 1479 1194; x_wconf 89' lang='lat' dir='ltr'><strong>alioquin</strong></span> <span class='ocrx_word' id='word_1_44' title='bbox 1530 1108 1790 1194; x_wconf 89' lang='lat' dir='ltr'><strong>rapiunt</strong></span> <span class='ocrx_word' id='word_1_45' title='bbox 1840 1107 2175 1175; x_wconf 90' lang='lat' dir='ltr'><strong>violenter.</strong></span> <span class='ocrx_word' id='word_1_46' title='bbox 2225 1111 2484 1178; x_wconf 84' lang='lat' dir='ltr'><strong>Tartari</strong></span> <span class='ocrx_word' id='word_1_47' title='bbox 2547 1111 2718 1179; x_wconf 84' lang='lat' dir='ltr'><strong>alias</strong></span> <span class='ocrx_word' id='word_1_48' title='bbox 2771 1118 2985 1178; x_wconf 85' lang='lat' dir='ltr'><strong>terras</strong></span> 
     </span>
     <span class='ocr_line' id='line_1_9' title="bbox 725 1218 2987 1311; baseline -0.001 -24"><span class='ocrx_word' id='word_1_49' title='bbox 725 1221 942 1287; x_wconf 90' lang='lat' dir='ltr'><strong>sciunt</strong></span> <span class='ocrx_word' id='word_1_50' title='bbox 971 1218 1251 1286; x_wconf 81' lang='lat' dir='ltr'><strong>faciliter</strong></span> <span class='ocrx_word' id='word_1_51' title='bbox 1283 1236 1622 1303; x_wconf 88' lang='lat' dir='ltr'><strong>occupare,</strong></span> <span class='ocrx_word' id='word_1_52' title='bbox 1677 1218 1794 1284; x_wconf 91' lang='lat' dir='ltr'><strong>sed</strong></span> <span class='ocrx_word' id='word_1_53' title='bbox 1827 1224 2175 1303; x_wconf 87' lang='lat' dir='ltr'><strong>postquam</strong></span> <span class='ocrx_word' id='word_1_54' title='bbox 2215 1219 2703 1305; x_wconf 79' lang='lat' dir='ltr'><strong>acquisiverint,</strong></span> <span class='ocrx_word' id='word_1_55' title='bbox 2759 1221 2987 1311; x_wconf 88' lang='lat' dir='ltr'><strong>nolunt</strong></span> 
     </span>
     <span class='ocr_line' id='line_1_10' title="bbox 728 1325 2985 1414; baseline -0.001 -18"><span class='ocrx_word' id='word_1_56' title='bbox 728 1327 1089 1413; x_wconf 80' lang='lat' dir='ltr'><strong>custodire3</strong></span> <span class='ocrx_word' id='word_1_57' title='bbox 1123 1329 1283 1414; x_wconf 89' lang='lat' dir='ltr'><strong>quia</strong></span> <span class='ocrx_word' id='word_1_58' title='bbox 1313 1328 1378 1394; x_wconf 91' lang='lat' dir='ltr'><strong>in</strong></span> <span class='ocrx_word' id='word_1_59' title='bbox 1411 1326 1642 1392; x_wconf 86' lang='lat' dir='ltr'><strong>castris</strong></span> <span class='ocrx_word' id='word_1_60' title='bbox 1682 1333 1745 1392; x_wconf 88' lang='lat' dir='ltr'><strong>et</strong></span> <span class='ocrx_word' id='word_1_61' title='bbox 1769 1325 2143 1394; x_wconf 87' lang='lat' dir='ltr'><strong>civitatibus</strong></span> <span class='ocrx_word' id='word_1_62' title='bbox 2173 1328 2468 1395; x_wconf 89' lang='lat' dir='ltr'><strong>nesciunt</strong></span> <span class='ocrx_word' id='word_1_63' title='bbox 2488 1328 2809 1412; x_wconf 87' lang='lat' dir='ltr'><strong>habitare,</strong></span> <span class='ocrx_word' id='word_1_64' title='bbox 2855 1328 2985 1393; x_wconf 93' lang='lat' dir='ltr'><strong>imo</strong></span> 
     </span>
     <span class='ocr_line' id='line_1_11' title="bbox 726 1434 2977 1525; baseline -0.001 -21"><span class='ocrx_word' id='word_1_65' title='bbox 726 1459 986 1525; x_wconf 86' lang='lat' dir='ltr'><strong>semper</strong></span> <span class='ocrx_word' id='word_1_66' title='bbox 1015 1437 1240 1505; x_wconf 81' lang='lat' dir='ltr'><strong>volunt</strong></span> <span class='ocrx_word' id='word_1_67' title='bbox 1271 1457 1416 1503; x_wconf 90' lang='lat' dir='ltr'><strong>esse</strong></span> <span class='ocrx_word' id='word_1_68' title='bbox 1451 1435 1516 1501; x_wconf 92' lang='lat' dir='ltr'><strong>in</strong></span> <span class='ocrx_word' id='word_1_69' title='bbox 1550 1434 1848 1502; x_wconf 86' lang='lat' dir='ltr'><strong>tentoriis</strong></span> <span class='ocrx_word' id='word_1_70' title='bbox 1881 1444 1946 1501; x_wconf 87' lang='lat' dir='ltr'><strong>et</strong></span> <span class='ocrx_word' id='word_1_71' title='bbox 1979 1436 2044 1501; x_wconf 90' lang='lat' dir='ltr'><strong>in</strong></span> <span class='ocrx_word' id='word_1_72' title='bbox 2065 1436 2335 1523; x_wconf 84' lang='lat' dir='ltr'><strong>campis.</strong></span> <span class='ocrx_word' id='word_1_73' title='bbox 2370 1437 2631 1504; x_wconf 86' lang='lat' dir='ltr'><strong>Tartari</strong></span> <span class='ocrx_word' id='word_1_74' title='bbox 2667 1436 2977 1503; x_wconf 90' lang='lat' dir='ltr'><strong>mirabili-</strong></span> 
     </span>
     <span class='ocr_line' id='line_1_12' title="bbox 725 1543 2981 1633; baseline -0.001 -21"><span class='ocrx_word' id='word_1_75' title='bbox 725 1554 824 1614; x_wconf 90' lang='lat' dir='ltr'><strong>ter</strong></span> <span class='ocrx_word' id='word_1_76' title='bbox 856 1553 1006 1614; x_wconf 85' lang='lat' dir='ltr'><strong>sunt</strong></span> <span class='ocrx_word' id='word_1_77' title='bbox 1040 1543 1265 1633; x_wconf 86' lang='lat' dir='ltr'><strong>cupidi</strong></span> <span class='ocrx_word' id='word_1_78' title='bbox 1300 1550 1366 1610; x_wconf 91' lang='lat' dir='ltr'><strong>et</strong></span> <span class='ocrx_word' id='word_1_79' title='bbox 1397 1543 1607 1626; x_wconf 89' lang='lat' dir='ltr'><strong>avari,</strong></span> <span class='ocrx_word' id='word_1_80' title='bbox 1641 1549 1706 1611; x_wconf 87' lang='lat' dir='ltr'><strong>et</strong></span> <span class='ocrx_word' id='word_1_81' title='bbox 1738 1564 2120 1629; x_wconf 88' lang='lat' dir='ltr'><strong>quocunque</strong></span> <span class='ocrx_word' id='word_1_82' title='bbox 2153 1546 2346 1614; x_wconf 91' lang='lat' dir='ltr'><strong>modo</strong></span> <span class='ocrx_word' id='word_1_83' title='bbox 2376 1546 2663 1630; x_wconf 88' lang='lat' dir='ltr'><strong>valeant,</strong></span> <span class='ocrx_word' id='word_1_84' title='bbox 2706 1544 2981 1611; x_wconf 87' lang='lat' dir='ltr'><strong>libenter</strong></span> 
     </span>
     <span class='ocr_line' id='line_1_13' title="bbox 726 1652 2979 1742; baseline -0.001 -21"><span class='ocrx_word' id='word_1_85' title='bbox 726 1654 1054 1742; x_wconf 87' lang='lat' dir='ltr'><strong>arripiunt</strong></span> <span class='ocrx_word' id='word_1_86' title='bbox 1085 1655 1325 1738; x_wconf 90' lang='lat' dir='ltr'><strong>aliena,</strong></span> <span class='ocrx_word' id='word_1_87' title='bbox 1379 1673 1499 1719; x_wconf 90' lang='lat' dir='ltr'><strong>sua</strong></span> <span class='ocrx_word' id='word_1_88' title='bbox 1529 1658 1750 1719; x_wconf 88' lang='lat' dir='ltr'><strong>tamen</strong></span> <span class='ocrx_word' id='word_1_89' title='bbox 1782 1653 2152 1740; x_wconf 81' lang='lat' dir='ltr'><strong>expendere</strong></span> <span class='ocrx_word' id='word_1_90' title='bbox 2185 1674 2306 1721; x_wconf 88' lang='lat' dir='ltr'><strong>nec</strong></span> <span class='ocrx_word' id='word_1_91' title='bbox 2339 1652 2570 1737; x_wconf 86' lang='lat' dir='ltr'><strong>sciunt,</strong></span> <span class='ocrx_word' id='word_1_92' title='bbox 2617 1672 2737 1719; x_wconf 90' lang='lat' dir='ltr'><strong>nec</strong></span> <span class='ocrx_word' id='word_1_93' title='bbox 2770 1652 2979 1719; x_wconf 88' lang='lat' dir='ltr'><strong>eciam</strong></span> 
     </span>
     <span class='ocr_line' id='line_1_14' title="bbox 727 1761 2983 1848; baseline -0.001 -19"><span class='ocrx_word' id='word_1_94' title='bbox 727 1763 1071 1847; x_wconf 88' lang='lat' dir='ltr'><strong>custodire,</strong></span> <span class='ocrx_word' id='word_1_95' title='bbox 1124 1762 1254 1830; x_wconf 90' lang='lat' dir='ltr'><strong>imo</strong></span> <span class='ocrx_word' id='word_1_96' title='bbox 1287 1762 1662 1848; x_wconf 87' lang='lat' dir='ltr'><strong>permittunt</strong></span> <span class='ocrx_word' id='word_1_97' title='bbox 1712 1764 1935 1830; x_wconf 89' lang='lat' dir='ltr'><strong>omnia</strong></span> <span class='ocrx_word' id='word_1_98' title='bbox 1965 1761 2317 1830; x_wconf 89' lang='lat' dir='ltr'><strong>devastari.</strong></span> <span class='ocrx_word' id='word_1_99' title='bbox 2361 1763 2640 1846; x_wconf 87' lang='lat' dir='ltr'><strong>Tartari,</strong></span> <span class='ocrx_word' id='word_1_100' title='bbox 2694 1761 2750 1830; x_wconf 91' lang='lat' dir='ltr'><strong>si</strong></span> <span class='ocrx_word' id='word_1_101' title='bbox 2783 1762 2850 1827; x_wconf 91' lang='lat' dir='ltr'><strong>in</strong></span> <span class='ocrx_word' id='word_1_102' title='bbox 2882 1781 2983 1827; x_wconf 88' lang='lat' dir='ltr'><strong>so-</strong></span> 
     </span>
     <span class='ocr_line' id='line_1_15' title="bbox 726 1869 2979 1956; baseline -0.001 -18"><span class='ocrx_word' id='word_1_103' title='bbox 726 1872 963 1939; x_wconf 89' lang='lat' dir='ltr'><strong>cietate</strong></span> <span class='ocrx_word' id='word_1_104' title='bbox 983 1872 1258 1939; x_wconf 88' lang='lat' dir='ltr'><strong>aliorum</strong></span> <span class='ocrx_word' id='word_1_105' title='bbox 1280 1870 1606 1954; x_wconf 85' lang='lat' dir='ltr'><strong>incedunt,</strong></span> <span class='ocrx_word' id='word_1_106' title='bbox 1649 1869 1706 1936; x_wconf 88' lang='lat' dir='ltr'><strong>si</strong></span> <span class='ocrx_word' id='word_1_107' title='bbox 1739 1869 1980 1936; x_wconf 88' lang='lat' dir='ltr'><strong>fuerint</strong></span> <span class='ocrx_word' id='word_1_108' title='bbox 2001 1869 2370 1956; x_wconf 84' lang='lat' dir='ltr'><strong>debiliores,</strong></span> <span class='ocrx_word' id='word_1_109' title='bbox 2406 1871 2597 1938; x_wconf 91' lang='lat' dir='ltr'><strong>valde</strong></span> <span class='ocrx_word' id='word_1_110' title='bbox 2617 1870 2979 1938; x_wconf 85' lang='lat' dir='ltr'><strong>efficiuntur</strong></span> 
     </span>
     <span class='ocr_line' id='line_1_16' title="bbox 722 1977 2977 2065; baseline -0 -21"><span class='ocrx_word' id='word_1_111' title='bbox 722 1978 1004 2047; x_wconf 88' lang='lat' dir='ltr'><strong>humiles</strong></span> <span class='ocrx_word' id='word_1_112' title='bbox 1028 1986 1094 2047; x_wconf 88' lang='lat' dir='ltr'><strong>et</strong></span> <span class='ocrx_word' id='word_1_113' title='bbox 1125 1979 1429 2064; x_wconf 78' lang='lat' dir='ltr'><strong>benigni3</strong></span> <span class='ocrx_word' id='word_1_114' title='bbox 1464 1977 1699 2045; x_wconf 86' lang='lat' dir='ltr'><strong>sivero</strong></span> <span class='ocrx_word' id='word_1_115' title='bbox 1734 1996 1808 2044; x_wconf 89' lang='lat' dir='ltr'><strong>se</strong></span> <span class='ocrx_word' id='word_1_116' title='bbox 1826 1978 2124 2045; x_wconf 86' lang='lat' dir='ltr'><strong>noverint</strong></span> <span class='ocrx_word' id='word_1_117' title='bbox 2142 1977 2465 2065; x_wconf 86' lang='lat' dir='ltr'><strong>fortiores,</strong></span> <span class='ocrx_word' id='word_1_118' title='bbox 2498 1985 2685 2045; x_wconf 90' lang='lat' dir='ltr'><strong>erunt</strong></span> <span class='ocrx_word' id='word_1_119' title='bbox 2708 1977 2977 2064; x_wconf 90' lang='lat' dir='ltr'><strong>pessimi</strong></span> 
     </span>
     <span class='ocr_line' id='line_1_17' title="bbox 722 2086 2979 2173; baseline -0.001 -19"><span class='ocrx_word' id='word_1_120' title='bbox 722 2093 788 2153; x_wconf 92' lang='lat' dir='ltr'><strong>et</strong></span> <span class='ocrx_word' id='word_1_121' title='bbox 817 2088 1104 2173; x_wconf 81' lang='lat' dir='ltr'><strong>superbi.</strong></span> <span class='ocrx_word' id='word_1_122' title='bbox 1139 2086 1400 2154; x_wconf 87' lang='lat' dir='ltr'><strong>Tartari</strong></span> <span class='ocrx_word' id='word_1_123' title='bbox 1432 2107 1550 2171; x_wconf 90' lang='lat' dir='ltr'><strong>pro</strong></span> <span class='ocrx_word' id='word_1_124' title='bbox 1572 2086 1798 2172; x_wconf 90' lang='lat' dir='ltr'><strong>aliquo</strong></span> <span class='ocrx_word' id='word_1_125' title='bbox 1820 2086 2230 2156; x_wconf 90' lang='lat' dir='ltr'><strong>incommodo</strong></span> <span class='ocrx_word' id='word_1_126' title='bbox 2261 2106 2482 2154; x_wconf 92' lang='lat' dir='ltr'><strong>eorum</strong></span> <span class='ocrx_word' id='word_1_127' title='bbox 2508 2088 2784 2154; x_wconf 89' lang='lat' dir='ltr'><strong>libenter</strong></span> <span class='ocrx_word' id='word_1_128' title='bbox 2805 2107 2979 2153; x_wconf 89' lang='lat' dir='ltr'><strong>men·</strong></span> 
     </span>
     <span class='ocr_line' id='line_1_18' title="bbox 721 2195 2975 2282; baseline -0.001 -21"><span class='ocrx_word' id='word_1_129' title='bbox 721 2195 1011 2282; x_wconf 90' lang='lat' dir='ltr'><strong>ciuntur;</strong></span> <span class='ocrx_word' id='word_1_130' title='bbox 1067 2204 1132 2262; x_wconf 90' lang='lat' dir='ltr'><strong>et</strong></span> <span class='ocrx_word' id='word_1_131' title='bbox 1164 2202 1379 2262; x_wconf 89' lang='lat' dir='ltr'><strong>tamen</strong></span> <span class='ocrx_word' id='word_1_132' title='bbox 1432 2195 1499 2261; x_wconf 91' lang='lat' dir='ltr'><strong>in</strong></span> <span class='ocrx_word' id='word_1_133' title='bbox 1551 2195 1809 2262; x_wconf 90' lang='lat' dir='ltr'><strong>duobus</strong></span> <span class='ocrx_word' id='word_1_134' title='bbox 1859 2196 2118 2262; x_wconf 88' lang='lat' dir='ltr'><strong>mentiri</strong></span> <span class='ocrx_word' id='word_1_135' title='bbox 2170 2217 2299 2263; x_wconf 92' lang='lat' dir='ltr'><strong>non</strong></span> <span class='ocrx_word' id='word_1_136' title='bbox 2351 2196 2632 2282; x_wconf 89' lang='lat' dir='ltr'><strong>audent;</strong></span> <span class='ocrx_word' id='word_1_137' title='bbox 2684 2196 2755 2261; x_wconf 92' lang='lat' dir='ltr'><strong>in</strong></span> <span class='ocrx_word' id='word_1_138' title='bbox 2802 2195 2975 2261; x_wconf 85' lang='lat' dir='ltr'><strong>facto</strong></span> 
     </span>
     <span class='ocr_line' id='line_1_19' title="bbox 722 2284 2980 2390; baseline 0 -21"><span class='ocrx_word' id='word_1_139' title='bbox 722 2322 1047 2370; x_wconf 89' lang='lat' dir='ltr'><strong>armorum</strong></span> <span class='ocrx_word' id='word_1_140' title='bbox 1079 2302 1405 2386; x_wconf 87' lang='lat' dir='ltr'><strong>videlicet,</strong></span> <span class='ocrx_word' id='word_1_141' title='bbox 1458 2302 1635 2388; x_wconf 89' lang='lat' dir='ltr'><strong>quod</strong></span> <span class='ocrx_word' id='word_1_142' title='bbox 1666 2304 1887 2370; x_wconf 91' lang='lat' dir='ltr'><strong>nullus</strong></span> <span class='ocrx_word' id='word_1_143' title='bbox 1932 2323 2131 2370; x_wconf 89' lang='lat' dir='ltr'><strong>ausus</strong></span> <span class='ocrx_word' id='word_1_144' title='bbox 2163 2311 2338 2371; x_wconf 90' lang='lat' dir='ltr'><strong>esset</strong></span> <span class='ocrx_word' id='word_1_145' title='bbox 2388 2302 2472 2372; x_wconf 90' lang='lat' dir='ltr'><strong>de</strong></span> <span class='ocrx_word' id='word_1_146' title='bbox 2502 2284 2831 2390; x_wconf 78' lang='lat' dir='ltr'><strong>probitate</strong></span> <span class='ocrx_word' id='word_1_147' title='bbox 2865 2309 2980 2369; x_wconf 89' lang='lat' dir='ltr'><strong>aut</strong></span> 
     </span>
     <span class='ocr_line' id='line_1_20' title="bbox 720 2408 2977 2497; baseline 0.001 -24"><span class='ocrx_word' id='word_1_148' title='bbox 720 2408 1020 2477; x_wconf 89' lang='lat' dir='ltr'><strong>inmerito</strong></span> <span class='ocrx_word' id='word_1_149' title='bbox 1052 2427 1123 2476; x_wconf 90' lang='lat' dir='ltr'><strong>se</strong></span> <span class='ocrx_word' id='word_1_150' title='bbox 1156 2410 1426 2495; x_wconf 88' lang='lat' dir='ltr'><strong>iactare,</strong></span> <span class='ocrx_word' id='word_1_151' title='bbox 1474 2417 1591 2476; x_wconf 87' lang='lat' dir='ltr'><strong>ant</strong></span> <span class='ocrx_word' id='word_1_152' title='bbox 1622 2431 1869 2495; x_wconf 92' lang='lat' dir='ltr'><strong>negare</strong></span> <span class='ocrx_word' id='word_1_153' title='bbox 1909 2411 1965 2477; x_wconf 90' lang='lat' dir='ltr'><strong>si</strong></span> <span class='ocrx_word' id='word_1_154' title='bbox 1999 2411 2283 2497; x_wconf 81' lang='lat' dir='ltr'><strong>fugerint</strong></span> <span class='ocrx_word' id='word_1_155' title='bbox 2326 2413 2427 2478; x_wconf 88' lang='lat' dir='ltr'><strong>vel</strong></span> <span class='ocrx_word' id='word_1_156' title='bbox 2461 2411 2671 2478; x_wconf 89' lang='lat' dir='ltr'><strong>eciam</strong></span> <span class='ocrx_word' id='word_1_157' title='bbox 2703 2411 2977 2478; x_wconf 86' lang='lat' dir='ltr'><strong>fecerint</strong></span> 
     </span>
     <span class='ocr_line' id='line_1_21' title="bbox 718 2516 2973 2605; baseline 0 -21"><span class='ocrx_word' id='word_1_158' title='bbox 718 2517 1056 2585; x_wconf 87' lang='lat' dir='ltr'><strong>vilitatem.</strong></span> <span class='ocrx_word' id='word_1_159' title='bbox 1109 2516 1306 2584; x_wconf 87' lang='lat' dir='ltr'><strong>Aliud</strong></span> <span class='ocrx_word' id='word_1_160' title='bbox 1361 2524 1478 2601; x_wconf 89' lang='lat' dir='ltr'><strong>est,</strong></span> <span class='ocrx_word' id='word_1_161' title='bbox 1531 2516 1710 2605; x_wconf 90' lang='lat' dir='ltr'><strong>quod</strong></span> <span class='ocrx_word' id='word_1_162' title='bbox 1747 2519 1804 2586; x_wconf 93' lang='lat' dir='ltr'><strong>si</strong></span> <span class='ocrx_word' id='word_1_163' title='bbox 1854 2521 2170 2587; x_wconf 88' lang='lat' dir='ltr'><strong>Tartarus</strong></span> <span class='ocrx_word' id='word_1_164' title='bbox 2216 2520 2397 2587; x_wconf 88' lang='lat' dir='ltr'><strong>solus</strong></span> <span class='ocrx_word' id='word_1_165' title='bbox 2447 2516 2694 2605; x_wconf 87' lang='lat' dir='ltr'><strong>aliquid</strong></span> <span class='ocrx_word' id='word_1_166' title='bbox 2750 2539 2973 2605; x_wconf 89' lang='lat' dir='ltr'><strong>perpe-</strong></span> 
     </span>
     <span class='ocr_line' id='line_1_22' title="bbox 718 2627 2971 2715; baseline 0.001 -24"><span class='ocrx_word' id='word_1_167' title='bbox 718 2628 1006 2715; x_wconf 88' lang='lat' dir='ltr'><strong>traverit,</strong></span> <span class='ocrx_word' id='word_1_168' title='bbox 1064 2627 1146 2694; x_wconf 89' lang='lat' dir='ltr'><strong>de</strong></span> <span class='ocrx_word' id='word_1_169' title='bbox 1196 2648 1323 2711; x_wconf 91' lang='lat' dir='ltr'><strong>quo</strong></span> <span class='ocrx_word' id='word_1_170' title='bbox 1364 2628 1604 2695; x_wconf 90' lang='lat' dir='ltr'><strong>debeat</strong></span> <span class='ocrx_word' id='word_1_171' title='bbox 1652 2628 2140 2715; x_wconf 89' lang='lat' dir='ltr'><strong>condempnari,</strong></span> <span class='ocrx_word' id='word_1_172' title='bbox 2193 2630 2632 2713; x_wconf 86' lang='lat' dir='ltr'><strong>interrogatus</strong></span> <span class='ocrx_word' id='word_1_173' title='bbox 2682 2649 2724 2693; x_wconf 94' lang='lat' dir='ltr'><strong>a</strong></span> <span class='ocrx_word' id='word_1_174' title='bbox 2746 2628 2971 2713; x_wconf 90' lang='lat' dir='ltr'><strong>judice</strong></span> 
     </span>
     <span class='ocr_line' id='line_1_23' title="bbox 718 2733 2972 2822; baseline -0 -20"><span class='ocrx_word' id='word_1_175' title='bbox 718 2756 849 2803; x_wconf 91' lang='lat' dir='ltr'><strong>non</strong></span> <span class='ocrx_word' id='word_1_176' title='bbox 894 2735 1187 2822; x_wconf 88' lang='lat' dir='ltr'><strong>negabit,</strong></span> <span class='ocrx_word' id='word_1_177' title='bbox 1241 2735 1368 2802; x_wconf 91' lang='lat' dir='ltr'><strong>imo</strong></span> <span class='ocrx_word' id='word_1_178' title='bbox 1420 2737 1767 2803; x_wconf 88' lang='lat' dir='ltr'><strong>veritatem</strong></span> <span class='ocrx_word' id='word_1_179' title='bbox 1819 2736 2125 2804; x_wconf 85' lang='lat' dir='ltr'><strong>continuo</strong></span> <span class='ocrx_word' id='word_1_180' title='bbox 2175 2739 2536 2805; x_wconf 86' lang='lat' dir='ltr'><strong>confitetur.</strong></span> <span class='ocrx_word' id='word_1_181' title='bbox 2588 2736 2670 2802; x_wconf 84' lang='lat' dir='ltr'><strong>Et</strong></span> <span class='ocrx_word' id='word_1_182' title='bbox 2718 2734 2839 2802; x_wconf 93' lang='lat' dir='ltr'><strong>hec</strong></span> <span class='ocrx_word' id='word_1_183' title='bbox 2889 2733 2972 2801; x_wconf 93' lang='lat' dir='ltr'><strong>de</strong></span> 
     </span>
     <span class='ocr_line' id='line_1_24' title="bbox 716 2842 2971 2932; baseline 0 -24"><span class='ocrx_word' id='word_1_184' title='bbox 716 2842 1013 2926; x_wconf 86' lang='lat' dir='ltr'><strong>Tartaris</strong></span> <span class='ocrx_word' id='word_1_185' title='bbox 1034 2843 1247 2911; x_wconf 89' lang='lat' dir='ltr'><strong>modis</strong></span> <span class='ocrx_word' id='word_1_186' title='bbox 1278 2843 1624 2930; x_wconf 85' lang='lat' dir='ltr'><strong>sufficiant,</strong></span> <span class='ocrx_word' id='word_1_187' title='bbox 1663 2845 1821 2929; x_wconf 89' lang='lat' dir='ltr'><strong>quia</strong></span> <span class='ocrx_word' id='word_1_188' title='bbox 1840 2848 2107 2929; x_wconf 85' lang='lat' dir='ltr'><strong>longum</strong></span> <span class='ocrx_word' id='word_1_189' title='bbox 2126 2851 2321 2929; x_wconf 88' lang='lat' dir='ltr'><strong>esset,</strong></span> <span class='ocrx_word' id='word_1_190' title='bbox 2361 2843 2588 2912; x_wconf 88' lang='lat' dir='ltr'><strong>modos</strong></span> <span class='ocrx_word' id='word_1_191' title='bbox 2616 2864 2734 2932; x_wconf 91' lang='lat' dir='ltr'><strong>per</strong></span> <span class='ocrx_word' id='word_1_192' title='bbox 2753 2843 2971 2912; x_wconf 90' lang='lat' dir='ltr'><strong>omnia</strong></span> 
     </span>
     <span class='ocr_line' id='line_1_25' title="bbox 717 2951 2333 3037; baseline -0.001 -19"><span class='ocrx_word' id='word_1_193' title='bbox 717 2951 1140 3037; x_wconf 84' lang='lat' dir='ltr'><strong>singulariter</strong></span> <span class='ocrx_word' id='word_1_194' title='bbox 1169 2971 1492 3018; x_wconf 88' lang='lat' dir='ltr'><strong>enarrare.</strong></span> <span class='ocrx_word' id='word_1_195' title='bbox 1533 2989 2333 3002; x_wconf 78' lang='lat'>———————</span> 
     </span>
    </p>

    <p class='ocr_par' dir='ltr' id='par_1_4' title="bbox 703 3059 2968 4775">
     <span class='ocr_line' id='line_1_26' title="bbox 931 3059 2967 3146; baseline -0.002 -20"><span class='ocrx_word' id='word_1_196' title='bbox 931 3061 1031 3127; x_wconf 93' lang='lat' dir='ltr'><strong>De</strong></span> <span class='ocrx_word' id='word_1_197' title='bbox 1063 3059 1349 3129; x_wconf 86' lang='lat' dir='ltr'><strong>secundo</strong></span> <span class='ocrx_word' id='word_1_198' title='bbox 1399 3060 1534 3127; x_wconf 88' lang='lat' dir='ltr'><strong>filio</strong></span> <span class='ocrx_word' id='word_1_199' title='bbox 1567 3060 1880 3146; x_wconf 88' lang='lat' dir='ltr'><strong>Octocan,</strong></span> <span class='ocrx_word' id='word_1_200' title='bbox 1933 3062 2042 3146; x_wconf 90' lang='lat' dir='ltr'><strong>qui</strong></span> <span class='ocrx_word' id='word_1_201' title='bbox 2078 3063 2437 3129; x_wconf 88' lang='lat' dir='ltr'><strong>vocabatur</strong></span> <span class='ocrx_word' id='word_1_202' title='bbox 2478 3061 2708 3128; x_wconf 90' lang='lat' dir='ltr'><strong>Batho.</strong></span> <span class='ocrx_word' id='word_1_203' title='bbox 2761 3060 2967 3126; x_wconf 86' lang='lat' dir='ltr'><strong>Batho</strong></span> 
     </span>
     <span class='ocr_line' id='line_1_27' title="bbox 716 3167 2968 3255; baseline -0.001 -19"><span class='ocrx_word' id='word_1_204' title='bbox 716 3169 1041 3240; x_wconf 89' lang='lat' dir='ltr'><strong>secundus</strong></span> <span class='ocrx_word' id='word_1_205' title='bbox 1089 3169 1260 3238; x_wconf 88' lang='lat' dir='ltr'><strong>filius</strong></span> <span class='ocrx_word' id='word_1_206' title='bbox 1293 3170 1605 3255; x_wconf 90' lang='lat' dir='ltr'><strong>Octocan,</strong></span> <span class='ocrx_word' id='word_1_207' title='bbox 1657 3190 1802 3237; x_wconf 92' lang='lat' dir='ltr'><strong>cum</strong></span> <span class='ocrx_word' id='word_1_208' title='bbox 1835 3178 2030 3255; x_wconf 88' lang='lat' dir='ltr'><strong>gente</strong></span> <span class='ocrx_word' id='word_1_209' title='bbox 2081 3171 2218 3255; x_wconf 90' lang='lat' dir='ltr'><strong>illa,</strong></span> <span class='ocrx_word' id='word_1_210' title='bbox 2273 3191 2468 3254; x_wconf 89' lang='lat' dir='ltr'><strong>quam</strong></span> <span class='ocrx_word' id='word_1_211' title='bbox 2518 3169 2644 3236; x_wconf 90' lang='lat' dir='ltr'><strong>sibi</strong></span> <span class='ocrx_word' id='word_1_212' title='bbox 2697 3167 2968 3236; x_wconf 86' lang='lat' dir='ltr'><strong>dederat</strong></span> 
     </span>
     <span class='ocr_line' id='line_1_28' title="bbox 715 3275 2965 3366; baseline -0.002 -21"><span class='ocrx_word' id='word_1_213' title='bbox 715 3286 902 3366; x_wconf 87' lang='lat' dir='ltr'><strong>pater</strong></span> <span class='ocrx_word' id='word_1_214' title='bbox 933 3299 1112 3365; x_wconf 89' lang='lat' dir='ltr'><strong>snus,</strong></span> <span class='ocrx_word' id='word_1_215' title='bbox 1146 3278 1463 3364; x_wconf 89' lang='lat' dir='ltr'><strong>equitauit</strong></span> <span class='ocrx_word' id='word_1_216' title='bbox 1487 3297 1715 3347; x_wconf 89' lang='lat' dir='ltr'><strong>versus</strong></span> <span class='ocrx_word' id='word_1_217' title='bbox 1750 3286 1971 3365; x_wconf 89' lang='lat' dir='ltr'><strong>partes</strong></span> <span class='ocrx_word' id='word_1_218' title='bbox 2003 3278 2510 3365; x_wconf 88' lang='lat' dir='ltr'><strong>septemtrionis,</strong></span> <span class='ocrx_word' id='word_1_219' title='bbox 2544 3275 2965 3361; x_wconf 88' lang='lat' dir='ltr'><strong>quoadusque</strong></span> 
     </span>
     <span class='ocr_line' id='line_1_29' title="bbox 714 3384 2961 3473; baseline -0.002 -20"><span class='ocrx_word' id='word_1_220' title='bbox 714 3386 1009 3473; x_wconf 90' lang='lat' dir='ltr'><strong>peruenit</strong></span> <span class='ocrx_word' id='word_1_221' title='bbox 1038 3385 1124 3453; x_wconf 89' lang='lat' dir='ltr'><strong>ad</strong></span> <span class='ocrx_word' id='word_1_222' title='bbox 1150 3386 1445 3471; x_wconf 88' lang='lat' dir='ltr'><strong>Regnum</strong></span> <span class='ocrx_word' id='word_1_223' title='bbox 1477 3385 1810 3454; x_wconf 82' lang='lat' dir='ltr'><strong>Comanie.</strong></span> <span class='ocrx_word' id='word_1_224' title='bbox 1855 3386 2125 3454; x_wconf 84' lang='lat' dir='ltr'><strong>Comani</strong></span> <span class='ocrx_word' id='word_1_225' title='bbox 2156 3407 2332 3472; x_wconf 89' lang='lat' dir='ltr'><strong>vero,</strong></span> <span class='ocrx_word' id='word_1_226' title='bbox 2364 3387 2479 3472; x_wconf 87' lang='lat' dir='ltr'><strong>qui</strong></span> <span class='ocrx_word' id='word_1_227' title='bbox 2511 3404 2819 3471; x_wconf 89' lang='lat' dir='ltr'><strong>magnam</strong></span> <span class='ocrx_word' id='word_1_228' title='bbox 2852 3384 2961 3449; x_wconf 89' lang='lat' dir='ltr'><strong>ha-</strong></span> 
     </span>
     <span class='ocr_line' id='line_1_30' title="bbox 713 3490 2963 3581; baseline -0.001 -21"><span class='ocrx_word' id='word_1_229' title='bbox 713 3493 956 3562; x_wconf 87' lang='lat' dir='ltr'><strong>bebant</strong></span> <span class='ocrx_word' id='word_1_230' title='bbox 984 3493 1239 3580; x_wconf 86' lang='lat' dir='ltr'><strong>copiam</strong></span> <span class='ocrx_word' id='word_1_231' title='bbox 1285 3498 1703 3581; x_wconf 88' lang='lat' dir='ltr'><strong>armatorum,</strong></span> <span class='ocrx_word' id='word_1_232' title='bbox 1739 3494 2154 3562; x_wconf 89' lang='lat' dir='ltr'><strong>crediderunt</strong></span> <span class='ocrx_word' id='word_1_233' title='bbox 2185 3493 2350 3562; x_wconf 90' lang='lat' dir='ltr'><strong>bene</strong></span> <span class='ocrx_word' id='word_1_234' title='bbox 2389 3513 2584 3581; x_wconf 91' lang='lat' dir='ltr'><strong>posse</strong></span> <span class='ocrx_word' id='word_1_235' title='bbox 2614 3490 2963 3559; x_wconf 85' lang='lat' dir='ltr'><strong>defendere</strong></span> 
     </span>
     <span class='ocr_line' id='line_1_31' title="bbox 711 3598 2967 3689; baseline -0.002 -20"><span class='ocrx_word' id='word_1_236' title='bbox 711 3609 952 3669; x_wconf 91' lang='lat' dir='ltr'><strong>terram</strong></span> <span class='ocrx_word' id='word_1_237' title='bbox 970 3621 1177 3687; x_wconf 88' lang='lat' dir='ltr'><strong>suam,</strong></span> <span class='ocrx_word' id='word_1_238' title='bbox 1205 3607 1272 3667; x_wconf 89' lang='lat' dir='ltr'><strong>et</strong></span> <span class='ocrx_word' id='word_1_239' title='bbox 1300 3607 1744 3687; x_wconf 90' lang='lat' dir='ltr'><strong>opposuerunt</strong></span> <span class='ocrx_word' id='word_1_240' title='bbox 1774 3621 1847 3669; x_wconf 88' lang='lat' dir='ltr'><strong>se</strong></span> <span class='ocrx_word' id='word_1_241' title='bbox 1864 3601 2198 3689; x_wconf 80' lang='lat' dir='ltr'><strong>Tartaris3</strong></span> <span class='ocrx_word' id='word_1_242' title='bbox 2232 3602 2351 3669; x_wconf 92' lang='lat' dir='ltr'><strong>sed</strong></span> <span class='ocrx_word' id='word_1_243' title='bbox 2381 3601 2464 3670; x_wconf 93' lang='lat' dir='ltr'><strong>de</strong></span> <span class='ocrx_word' id='word_1_244' title='bbox 2492 3600 2675 3667; x_wconf 88' lang='lat' dir='ltr'><strong>facili</strong></span> <span class='ocrx_word' id='word_1_245' title='bbox 2709 3598 2967 3666; x_wconf 87' lang='lat' dir='ltr'><strong>fuerunt</strong></span> 
     </span>
     <span class='ocr_line' id='line_1_32' title="bbox 713 3707 2963 3796; baseline -0.002 -20"><span class='ocrx_word' id='word_1_246' title='bbox 713 3709 1026 3778; x_wconf 89' lang='lat' dir='ltr'><strong>debellati</strong></span> <span class='ocrx_word' id='word_1_247' title='bbox 1075 3717 1142 3777; x_wconf 89' lang='lat' dir='ltr'><strong>et</strong></span> <span class='ocrx_word' id='word_1_248' title='bbox 1169 3709 1477 3796; x_wconf 88' lang='lat' dir='ltr'><strong>fugerunt</strong></span> <span class='ocrx_word' id='word_1_249' title='bbox 1525 3730 1734 3796; x_wconf 88' lang='lat' dir='ltr'><strong>usque</strong></span> <span class='ocrx_word' id='word_1_250' title='bbox 1785 3711 1873 3778; x_wconf 95' lang='lat' dir='ltr'><strong>ad</strong></span> <span class='ocrx_word' id='word_1_251' title='bbox 1902 3713 2197 3796; x_wconf 84' lang='lat' dir='ltr'><strong>Regnum</strong></span> <span class='ocrx_word' id='word_1_252' title='bbox 2231 3709 2588 3794; x_wconf 88' lang='lat' dir='ltr'><strong>Hungarie,</strong></span> <span class='ocrx_word' id='word_1_253' title='bbox 2642 3714 2707 3776; x_wconf 92' lang='lat' dir='ltr'><strong>et</strong></span> <span class='ocrx_word' id='word_1_254' title='bbox 2749 3707 2963 3774; x_wconf 89' lang='lat' dir='ltr'><strong>adhuc</strong></span> 
     </span>
     <span class='ocr_line' id='line_1_33' title="bbox 711 3814 2962 3901; baseline -0.001 -18"><span class='ocrx_word' id='word_1_255' title='bbox 711 3836 916 3901; x_wconf 87' lang='lat' dir='ltr'><strong>usque</strong></span> <span class='ocrx_word' id='word_1_256' title='bbox 947 3817 1033 3885; x_wconf 88' lang='lat' dir='ltr'><strong>ad</strong></span> <span class='ocrx_word' id='word_1_257' title='bbox 1062 3817 1444 3885; x_wconf 87' lang='lat' dir='ltr'><strong>hodiernum</strong></span> <span class='ocrx_word' id='word_1_258' title='bbox 1475 3816 1651 3886; x_wconf 91' lang='lat' dir='ltr'><strong>diem</strong></span> <span class='ocrx_word' id='word_1_259' title='bbox 1684 3824 1838 3886; x_wconf 88' lang='lat' dir='ltr'><strong>sunt</strong></span> <span class='ocrx_word' id='word_1_260' title='bbox 1869 3819 2053 3886; x_wconf 87' lang='lat' dir='ltr'><strong>multi</strong></span> <span class='ocrx_word' id='word_1_261' title='bbox 2086 3817 2357 3886; x_wconf 87' lang='lat' dir='ltr'><strong>Comani</strong></span> <span class='ocrx_word' id='word_1_262' title='bbox 2390 3814 2634 3884; x_wconf 88' lang='lat' dir='ltr'><strong>ibidem</strong></span> <span class='ocrx_word' id='word_1_263' title='bbox 2667 3814 2962 3882; x_wconf 89' lang='lat' dir='ltr'><strong>habitan-</strong></span> 
     </span>
     <span class='ocr_line' id='line_1_34' title="bbox 708 3921 2961 4012; baseline -0.003 -17"><span class='ocrx_word' id='word_1_264' title='bbox 708 3932 828 3995; x_wconf 82' lang='lat' dir='ltr'><strong>tes.</strong></span> <span class='ocrx_word' id='word_1_265' title='bbox 868 3926 1223 4011; x_wconf 89' lang='lat' dir='ltr'><strong>Postquam</strong></span> <span class='ocrx_word' id='word_1_266' title='bbox 1257 3946 1412 3995; x_wconf 89' lang='lat' dir='ltr'><strong>vero</strong></span> <span class='ocrx_word' id='word_1_267' title='bbox 1432 3924 1647 3995; x_wconf 90' lang='lat' dir='ltr'><strong>Batbo</strong></span> <span class='ocrx_word' id='word_1_268' title='bbox 1668 3933 1856 3993; x_wconf 84' lang='lat' dir='ltr'><strong>extra</strong></span> <span class='ocrx_word' id='word_1_269' title='bbox 1874 3926 2169 4012; x_wconf 88' lang='lat' dir='ltr'><strong>Regnum</strong></span> <span class='ocrx_word' id='word_1_270' title='bbox 2190 3924 2501 3994; x_wconf 87' lang='lat' dir='ltr'><strong>Comanie</strong></span> <span class='ocrx_word' id='word_1_271' title='bbox 2518 3941 2742 3993; x_wconf 89' lang='lat' dir='ltr'><strong>omnes</strong></span> <span class='ocrx_word' id='word_1_272' title='bbox 2781 3921 2961 4006; x_wconf 87' lang='lat' dir='ltr'><strong>fuga-</strong></span> 
     </span>
     <span class='ocr_line' id='line_1_35' title="bbox 709 4031 2964 4123; baseline -0.002 -23"><span class='ocrx_word' id='word_1_273' title='bbox 709 4034 805 4101; x_wconf 89' lang='lat' dir='ltr'><strong>vit</strong></span> <span class='ocrx_word' id='word_1_274' title='bbox 825 4034 1173 4119; x_wconf 77' lang='lat' dir='ltr'><strong>Cumanos,</strong></span> <span class='ocrx_word' id='word_1_275' title='bbox 1209 4034 1297 4101; x_wconf 94' lang='lat' dir='ltr'><strong>ad</strong></span> <span class='ocrx_word' id='word_1_276' title='bbox 1317 4036 1613 4122; x_wconf 88' lang='lat' dir='ltr'><strong>Regnum</strong></span> <span class='ocrx_word' id='word_1_277' title='bbox 1635 4037 1857 4123; x_wconf 86' lang='lat' dir='ltr'><strong>Rusye</strong></span> <span class='ocrx_word' id='word_1_278' title='bbox 1889 4054 1963 4103; x_wconf 93' lang='lat' dir='ltr'><strong>se</strong></span> <span class='ocrx_word' id='word_1_279' title='bbox 1992 4036 2348 4123; x_wconf 85' lang='lat' dir='ltr'><strong>transtulit,</strong></span> <span class='ocrx_word' id='word_1_280' title='bbox 2380 4042 2446 4103; x_wconf 91' lang='lat' dir='ltr'><strong>et</strong></span> <span class='ocrx_word' id='word_1_281' title='bbox 2473 4033 2555 4101; x_wconf 93' lang='lat' dir='ltr'><strong>de</strong></span> <span class='ocrx_word' id='word_1_282' title='bbox 2588 4032 2769 4100; x_wconf 86' lang='lat' dir='ltr'><strong>facili</strong></span> <span class='ocrx_word' id='word_1_283' title='bbox 2800 4031 2964 4097; x_wconf 90' lang='lat' dir='ltr'><strong>illud</strong></span> 
     </span>
     <span class='ocr_line' id='line_1_36' title="bbox 707 4141 2959 4231; baseline -0.002 -21"><span class='ocrx_word' id='word_1_284' title='bbox 707 4141 1102 4229; x_wconf 88' lang='lat' dir='ltr'><strong>subiugavit.</strong></span> <span class='ocrx_word' id='word_1_285' title='bbox 1152 4142 1515 4230; x_wconf 86' lang='lat' dir='ltr'><strong>Occnpavit</strong></span> <span class='ocrx_word' id='word_1_286' title='bbox 1562 4143 1831 4231; x_wconf 88' lang='lat' dir='ltr'><strong>insuper</strong></span> <span class='ocrx_word' id='word_1_287' title='bbox 1879 4151 2119 4212; x_wconf 90' lang='lat' dir='ltr'><strong>terram</strong></span> <span class='ocrx_word' id='word_1_288' title='bbox 2175 4142 2515 4227; x_wconf 83' lang='lat' dir='ltr'><strong>Gaczarie,</strong></span> <span class='ocrx_word' id='word_1_289' title='bbox 2567 4146 2633 4207; x_wconf 92' lang='lat' dir='ltr'><strong>et</strong></span> <span class='ocrx_word' id='word_1_290' title='bbox 2662 4141 2959 4223; x_wconf 86' lang='lat' dir='ltr'><strong>Regnum</strong></span> 
     </span>
     <span class='ocr_line' id='line_1_37' title="bbox 706 4247 2961 4337; baseline -0.002 -19"><span class='ocrx_word' id='word_1_291' title='bbox 706 4250 1044 4336; x_wconf 89' lang='lat' dir='ltr'><strong>Bulgarie.</strong></span> <span class='ocrx_word' id='word_1_292' title='bbox 1093 4251 1218 4318; x_wconf 88' lang='lat' dir='ltr'><strong>Per</strong></span> <span class='ocrx_word' id='word_1_293' title='bbox 1250 4250 1425 4318; x_wconf 86' lang='lat' dir='ltr'><strong>viam</strong></span> <span class='ocrx_word' id='word_1_294' title='bbox 1458 4271 1646 4318; x_wconf 89' lang='lat' dir='ltr'><strong>suam</strong></span> <span class='ocrx_word' id='word_1_295' title='bbox 1677 4250 1983 4336; x_wconf 87' lang='lat' dir='ltr'><strong>fugerant</strong></span> <span class='ocrx_word' id='word_1_296' title='bbox 2014 4249 2305 4337; x_wconf 82' lang='lat' dir='ltr'><strong>Comani,</strong></span> <span class='ocrx_word' id='word_1_297' title='bbox 2358 4247 2679 4336; x_wconf 85' lang='lat' dir='ltr'><strong>equitavit</strong></span> <span class='ocrx_word' id='word_1_298' title='bbox 2709 4252 2776 4315; x_wconf 93' lang='lat' dir='ltr'><strong>et</strong></span> <span class='ocrx_word' id='word_1_299' title='bbox 2817 4269 2961 4334; x_wconf 91' lang='lat' dir='ltr'><strong>per-</strong></span> 
     </span>
     <span class='ocr_line' id='line_1_38' title="bbox 706 4355 2960 4447; baseline -0.003 -20"><span class='ocrx_word' id='word_1_300' title='bbox 706 4361 885 4429; x_wconf 91' lang='lat' dir='ltr'><strong>venit</strong></span> <span class='ocrx_word' id='word_1_301' title='bbox 933 4379 1141 4446; x_wconf 90' lang='lat' dir='ltr'><strong>usque</strong></span> <span class='ocrx_word' id='word_1_302' title='bbox 1191 4361 1277 4427; x_wconf 90' lang='lat' dir='ltr'><strong>ad</strong></span> <span class='ocrx_word' id='word_1_303' title='bbox 1308 4363 1603 4446; x_wconf 89' lang='lat' dir='ltr'><strong>Regnum</strong></span> <span class='ocrx_word' id='word_1_304' title='bbox 1637 4361 1949 4446; x_wconf 89' lang='lat' dir='ltr'><strong>Ungarie,</strong></span> <span class='ocrx_word' id='word_1_305' title='bbox 2003 4361 2226 4447; x_wconf 89' lang='lat' dir='ltr'><strong>ibique</strong></span> <span class='ocrx_word' id='word_1_306' title='bbox 2275 4359 2521 4426; x_wconf 89' lang='lat' dir='ltr'><strong>invenit</strong></span> <span class='ocrx_word' id='word_1_307' title='bbox 2571 4356 2827 4442; x_wconf 89' lang='lat' dir='ltr'><strong>aliquos</strong></span> <span class='ocrx_word' id='word_1_308' title='bbox 2878 4355 2960 4422; x_wconf 91' lang='lat' dir='ltr'><strong>de</strong></span> 
     </span>
     <span class='ocr_line' id='line_1_39' title="bbox 706 4468 2959 4557; baseline -0.002 -22"><span class='ocrx_word' id='word_1_309' title='bbox 706 4468 1013 4539; x_wconf 82' lang='lat' dir='ltr'><strong>Comanis</strong></span> <span class='ocrx_word' id='word_1_310' title='bbox 1044 4470 1220 4537; x_wconf 89' lang='lat' dir='ltr'><strong>circa</strong></span> <span class='ocrx_word' id='word_1_311' title='bbox 1244 4470 1503 4555; x_wconf 89' lang='lat' dir='ltr'><strong>flumen,</strong></span> <span class='ocrx_word' id='word_1_312' title='bbox 1538 4491 1700 4557; x_wconf 91' lang='lat' dir='ltr'><strong>quos</strong></span> <span class='ocrx_word' id='word_1_313' title='bbox 1734 4471 1941 4557; x_wconf 78' lang='lat' dir='ltr'><strong>cepit3</strong></span> <span class='ocrx_word' id='word_1_314' title='bbox 1978 4471 2093 4538; x_wconf 89' lang='lat' dir='ltr'><strong>alii</strong></span> <span class='ocrx_word' id='word_1_315' title='bbox 2125 4490 2276 4539; x_wconf 88' lang='lat' dir='ltr'><strong>vero</strong></span> <span class='ocrx_word' id='word_1_316' title='bbox 2300 4468 2575 4537; x_wconf 84' lang='lat' dir='ltr'><strong>Cumani</strong></span> <span class='ocrx_word' id='word_1_317' title='bbox 2607 4468 2959 4553; x_wconf 86' lang='lat' dir='ltr'><strong>fugierunt,</strong></span> 
     </span>
     <span class='ocr_line' id='line_1_40' title="bbox 703 4574 2959 4667; baseline -0.003 -23"><span class='ocrx_word' id='word_1_318' title='bbox 703 4575 860 4661; x_wconf 88' lang='lat' dir='ltr'><strong>quia</strong></span> <span class='ocrx_word' id='word_1_319' title='bbox 889 4580 1152 4646; x_wconf 86' lang='lat' dir='ltr'><strong>Tartari</strong></span> <span class='ocrx_word' id='word_1_320' title='bbox 1202 4600 1333 4647; x_wconf 92' lang='lat' dir='ltr'><strong>non</strong></span> <span class='ocrx_word' id='word_1_321' title='bbox 1382 4585 1733 4667; x_wconf 90' lang='lat' dir='ltr'><strong>potuerunt</strong></span> <span class='ocrx_word' id='word_1_322' title='bbox 1785 4579 2025 4646; x_wconf 90' lang='lat' dir='ltr'><strong>flumen</strong></span> <span class='ocrx_word' id='word_1_323' title='bbox 2078 4579 2384 4663; x_wconf 88' lang='lat' dir='ltr'><strong>transire,</strong></span> <span class='ocrx_word' id='word_1_324' title='bbox 2416 4596 2646 4644; x_wconf 84' lang='lat' dir='ltr'><strong>versus</strong></span> <span class='ocrx_word' id='word_1_325' title='bbox 2698 4574 2959 4640; x_wconf 87' lang='lat' dir='ltr'><strong>Alama-</strong></span> 
     </span>
     <span class='ocr_line' id='line_1_41' title="bbox 705 4681 2959 4775; baseline -0.001 -25"><span class='ocrx_word' id='word_1_326' title='bbox 705 4684 923 4770; x_wconf 82' lang='lat' dir='ltr'><strong>niam,</strong></span> <span class='ocrx_word' id='word_1_327' title='bbox 978 4705 1318 4773; x_wconf 88' lang='lat' dir='ltr'><strong>quousque</strong></span> <span class='ocrx_word' id='word_1_328' title='bbox 1366 4692 1806 4774; x_wconf 85' lang='lat' dir='ltr'><strong>pervenerunt</strong></span> <span class='ocrx_word' id='word_1_329' title='bbox 1855 4686 1941 4753; x_wconf 89' lang='lat' dir='ltr'><strong>ad</strong></span> <span class='ocrx_word' id='word_1_330' title='bbox 1995 4689 2207 4775; x_wconf 86' lang='lat' dir='ltr'><strong>ripam</strong></span> <span class='ocrx_word' id='word_1_331' title='bbox 2262 4685 2604 4754; x_wconf 90' lang='lat' dir='ltr'><strong>cuiusdam</strong></span> <span class='ocrx_word' id='word_1_332' title='bbox 2653 4681 2959 4768; x_wconf 88' lang='lat' dir='ltr'><strong>fluminis,</strong></span> 
     </span>
    </p>
   </div>
   <div class='ocr_carea' id='block_1_4' title="bbox 3276 4141 3287 4707">
    <p class='ocr_par' dir='ltr' id='par_1_5' title="bbox 3276 4141 3287 4707">
     <span class='ocr_line' id='line_1_42' title="bbox 3276 4141 3287 4707; baseline 0 0"><span class='ocrx_word' id='word_1_333' title='bbox 3276 4141 3287 4707; x_wconf 95' lang='lat' dir='ltr'><strong> </strong></span> 
     </span>
    </p>
   </div>
  </div>
 </body>
</html>
