3359 5250
1368 363 1501 432 237

306 575 672 643 mansuros,
722 577 834 626 eos
867 559 1257 628 auctoritate
1302 567 1532 629 nostra
1586 570 1651 630 et
1687 564 2090 651 reconcilies,
2144 574 2210 634 et
2247 573 2561 653 tanquam

305 664 632 751 speciales
663 672 730 734 et
776 666 1046 737 devotos
1076 667 1248 737 filios
1278 669 1650 757 incorpores
1684 671 1973 760 predicte
2008 675 2303 743 Romane
2338 675 2561 743 Eccle-

304 772 427 858 sie,
458 791 588 857 que
615 778 825 841 mater
855 781 958 843 est
985 775 1293 864 omnium,
1344 777 1600 846 unitati.
1650 778 1857 866 quue
1887 801 2007 868 per
2034 781 2182 850 loca
2213 787 2279 849 et
2307 782 2557 867 Regna,

250 950 267 958 ,
303 881 374 948 in
404 882 639 966 quibus
672 882 985 971 expedire
1016 881 1279 966 videris,
1319 885 1611 973 publices
1645 894 1712 955 et
1741 886 1950 957 facias
1985 871 2182 956 etiam
2216 888 2555 977 publicari.

302 991 547 1058 Datum
578 990 881 1076 Lugduni
913 993 1057 1063 vll.
1091 992 1238 1061 idus
1267 992 1693 1080 Septembris.
1734 994 2153 1066 Pontificatus
2204 998 2408 1064 nostri
2446 1019 2557 1065 an-

300 1119 393 1166 no
420 1099 668 1181 quinto.

968 1229 1281 1298 (Turgenev
1322 1231 1394 1283 id.
1419 1247 1488 1285 m.
1516 1233 1561 1283 1.
1587 1232 1699 1286 hot.
1743 1234 1828 1285 62.
1854 1234 1916 1302 l.)

1166 1516 1700 1528 Ἣ

1361 1998 1518 2069 164.

300 2180 423 2247 IV.
458 2178 641 2248 Inone
661 2183 845 2270 papa
892 2180 1319 2268 uqyamtmtak
1356 2177 1770 2249 Galcczidban
1817 2185 1882 2249 ds
1909 2206 1953 2249 a
1981 2182 2252 2251 lwbt’czoei
2292 2184 2557 2272 piispb‘k·

479 2289 697 2377 aequ
726 2312 805 2356 az
831 2288 1025 2356 &adei
1045 2289 1318 2376 pallium
1345 2290 1754 2359 hamalant
1778 2291 2157 2381 mqmqodc.
2175 2288 2378 2359 1247.

512 2486 929 2557 Innocentius
958 2487 1328 2576 Episcopus
1377 2506 1607 2557 servus
1644 2506 1979 2557 servorum
2023 2489 2150 2558 Dei
2201 2488 2558 2559 venerabili
2636 2547 2644 2553 .

299 2594 489 2667 fian-i
520 2646 539 2666 .
573 2646 593 2665 .
626 2646 645 2665 .
677 2596 1185 2686 Archiepiscopo
1214 2596 1501 2683 Prussie,
1552 2595 1827 2667 Livonie
1878 2605 1946 2668 et
1974 2597 2249 2668 Estonie
2278 2596 2557 2668 salutem

206 2761 216 2769 .
298 2712 365 2774 et
379 2705 832 2795 Apostolieam
861 2705 1402 2777 benedictionem.
1432 2705 1868 2793 Exigentibus
1897 2712 2010 2776 tue
2032 2705 2398 2777 devotionis
2430 2724 2561 2774 me-

298 2813 464 2899 ritis,
518 2813 692 2883 votis
739 2815 871 2883 tuis
920 2812 1199 2884 libenter
1229 2814 1595 2901 annuimus,
1645 2820 1713 2882 et
1741 2813 2091 2902 petitiones
2136 2820 2306 2902 tuas,
2355 2831 2556 2898 quan·

298 2929 437 2990 tum
470 2942 619 2992 cum
651 2925 794 2993 Deo
823 2943 1189 3012 possumus,
1225 2922 1673 2992 favorabiliter
1704 2921 2116 2992 exaudimus.
2148 2922 2307 2991 Tuis
2334 2922 2559 3008 itaque

299 3030 890 3119 supplicationibus
918 3030 1234 3117 inclinati,
1275 3029 1497 3100 utendi
1527 3030 1748 3118 palleo
1776 3031 1844 3099 in
1881 3029 2176 3118 partibus
2227 3027 2462 3098 Russie
2492 3033 2561 3096 et

294 3137 596 3207 Ecclesie
624 3138 1029 3227 Lubicensis,
1061 3157 1257 3225 quam
1286 3138 1407 3206 tibi
1436 3137 1892 3224 commisimus,
1943 3137 2204 3225 plenam
2254 3135 2376 3205 tibi
2406 3155 2553 3205 con·

294 3246 592 3315 cedimus
617 3247 703 3314 de
732 3247 1008 3334 speciali
1038 3246 1254 3333 gratia
1292 3246 1695 3316 facultatem.
1747 3247 1936 3315 Hanc
1964 3251 2189 3314 autem
2217 3243 2553 3330 indulgen-

286 3355 457 3439 tiam
492 3354 581 3422 ad
609 3361 757 3423 tuos
786 3353 1051 3423 extendi
1079 3355 1382 3423 nolumus
1428 3371 1881 3439 successores3
1912 3353 2124 3442 ipsam
2175 3359 2243 3421 te
2283 3351 2555 3421 cedente

292 3464 399 3531 vel
431 3461 833 3532 decendente
865 3482 1087 3533 carere
1118 3462 1370 3531 viribus
1409 3462 1853 3531 decernentes.
1885 3459 2068 3529 Nulli
2098 3479 2257 3547 ergo
2288 3459 2550 3529 omnino

296 3569 632 3638 hominum
662 3569 861 3639 liceat
888 3569 1060 3637 hanc
1089 3570 1402 3658 paginam
1444 3575 1665 3638 nostre
1697 3565 2138 3637 concessionis
2175 3565 2550 3654 infringere,

294 3679 400 3746 vel
430 3677 498 3744 ei
528 3696 695 3745 ausu
722 3677 1073 3746 temerario
1105 3677 1449 3746 contraire.
1480 3677 1556 3744 Si
1588 3676 1733 3763 quis
1752 3682 1969 3744 autem
1999 3675 2124 3743 hoc
2152 3679 2549 3762 attemptare

294 3783 766 3873 presumpserit
814 3786 1330 3873 indignationem
1380 3786 1860 3873 omnipotentis
1895 3786 2043 3871 Dei,
2095 3790 2163 3855 et
2198 3787 2548 3856 Beatorum

292 3893 462 3961 Petri
495 3899 564 3960 et
590 3895 783 3962 Pauli
800 3894 1256 3982 Apostolorum
1287 3896 1431 3982 eJus
1463 3916 1536 3965 se
1554 3897 1807 3964 noverit
1835 3895 2266 3964 incursurum.
2300 3896 2544 3962 Datum

294 4000 602 4087 Lugduni
631 4001 773 4068 VII.
805 4001 952 4070 idus
973 4001 1393 4089 Septembris,
1427 4000 1854 4072 Pontificatus
1872 4002 2081 4072 nostri
2098 4020 2273 4071 anno
2297 4000 2544 4088 quinto.

960 4200 1274 4267 (Turgonev
1298 4201 1371 4253 id.
1398 4217 1465 4252 m.
1494 4201 1537 4252 1.
1564 4201 1678 4255 ket.
1700 4203 1786 4254 65.
1817 4199 1881 4271 1.)

1172 4489 1690 4498 ψ
