3359 5250
1784 502 1814 508 -.
1830 394 1985 507 „292

789 601 875 666 ad
906 595 1146 668 siccum
1178 605 1382 692 potok,
1423 624 1540 690 per
1573 624 1765 688 quem
1797 601 1983 670 vadit
2014 603 2102 669 ad
2132 611 2330 689 caput
2359 602 2556 673 fontis
2579 604 2907 691 Ohebden,
2936 630 3058 696 per

792 729 983 793 quem
1014 711 1199 777 vadit
1247 712 1515 778 inferius
1567 732 1797 779 versus
1848 712 2186 779 meridiem
2237 734 2480 798 magna
2511 715 2936 802 longitudine,
2990 724 3057 783 et

796 818 932 884 exit
961 836 1189 884 versus
1240 817 1639 885 occidentem
1693 818 1780 884 ad
1831 828 2070 886 metam
2112 825 2420 903 terream,
2472 820 2557 887 de
2587 840 2718 905 qua
2762 823 3060 908 procedit

788 925 877 991 ad
910 930 1206 994 arborem
1241 929 1373 1013 scyl
1390 953 1416 1003 ,·
1464 926 1617 993 inde
1649 925 1835 995 vadit
1865 928 1951 995 ad
1998 934 2238 994 metam
2270 935 2586 1013 terream;
2637 929 2721 996 de
2750 951 2880 1015 qua
2912 931 3056 998 iens

785 1034 1126 1101 reuertitur
1174 1034 1261 1099 ad
1292 1042 1527 1101 metam
1561 1035 1864 1122 priorem.
1917 1034 2258 1103 Contamei
2292 1036 2456 1123 (igy,
2494 1037 2905 1125 contermini)
2935 1060 3050 1106 au·-

786 1145 917 1207 tem
950 1141 1158 1226 ipsius
1190 1148 1363 1210 terre
1414 1164 1456 1209 a
1488 1150 1678 1229 parte
1727 1142 2085 1211 occidentis
2137 1151 2289 1210 suut
2338 1145 2815 1229 generaciones
2847 1145 3053 1233 Cyvc-

785 1249 989 1335 koigi,
1045 1270 1087 1316 a
1118 1257 1305 1337 parte
1355 1272 1511 1318 vero
1564 1251 1890 1337 aquilonis
1942 1260 2007 1318 et
2036 1272 2080 1317 a
2128 1257 2317 1336 parte
2369 1252 2706 1319 orientalis
2756 1253 3052 1323 forenses

791 1359 874 1425 de
906 1358 1438 1443 Jaztraburzcka,
1476 1368 1540 1425 et
1570 1381 1611 1426 a
1643 1358 1914 1426 meridie
1947 1366 2047 1426 est
2077 1361 2288 1427 Ztane
2309 1361 2582 1445 j0bagio
2614 1363 2845 1430 Castri.
2883 1366 3050 1430 Item

787 1468 1000 1553 prima
1032 1474 1206 1536 meta
1236 1475 1408 1535 terre
1440 1469 1650 1553 Reka,
1703 1489 1828 1553 que
1859 1475 1960 1535 est
1988 1470 2258 1553 Thome,
2311 1468 2540 1556 incipit
2585 1491 2628 1536 a
2657 1473 2931 1538 meridie
2959 1473 3048 1538 ab

782 1597 912 1643 nno
949 1577 1341 1661 molendino,
1394 1578 1503 1644 vbi
1535 1578 1729 1644 simul
1762 1577 1999 1644 cadunt
2030 1576 2160 1645 duo
2199 1576 2414 1662 riuuli,
2467 1583 2532 1645 ct
2583 1577 2830 1647 vadunt
2861 1599 3051 1667 supe·

784 1686 920 1752 rius
970 1686 1155 1753 iuxta
1194 1709 1391 1754 vnum
1445 1687 1798 1754 eorundem
1836 1686 2095 1754 nomine
2145 1687 2354 1753 Scitut
2402 1686 2490 1752 ad
2539 1687 2911 1771 aquilonem
2959 1689 3053 1756 ad

785 1802 1024 1862 metam
1057 1803 1335 1862 terream
1361 1820 1376 1881 3
1410 1796 1562 1863 hinc
1595 1795 1886 1862 declinat
1917 1816 2142 1862 versus
2173 1792 2594 1880 occidentem,
2639 1803 2705 1863 et
2734 1797 2921 1863 vadit
2948 1817 3051 1862 su-

787 1904 1004 1989 perius
1038 1904 1120 1971 de
1151 1906 1279 1972 fine
1311 1905 1503 1972 vnius
1538 1904 1726 1971 vinee
1758 1924 1955 1991 super
1987 1904 2158 1986 berz,
2205 1902 2315 1968 vbi
2346 1910 2447 1969 est
2478 1910 2654 1970 meta
2684 1925 2880 1990 super
2911 1903 3042 1990 spi-

785 2033 891 2094 na,
947 2018 1013 2077 et
1043 2010 1196 2077 hinc
1227 2013 1413 2077 vadit
1459 2011 1735 2078 inferius
1788 2011 1875 2077 ad
1914 2010 2249 2077 meridiem
2282 2031 2399 2097 per
2446 2009 2721 2079 eundem
2754 2012 2929 2096 berz,
2981 2016 3050 2076 et

786 2120 1072 2186 declinat
1122 2141 1350 2206 parum
1385 2121 1471 2186 ad
1504 2121 1904 2186 occidentem
1936 2138 2130 2206 super
2159 2117 2447 2200 fluuium,
2502 2125 2570 2187 et
2607 2120 2698 2188 ibi
2731 2126 2832 2186 est
2868 2127 3046 2186 meta

785 2233 1000 2296 terrea
1031 2230 1150 2294 sub
1185 2230 1417 2296 arbore
1449 2219 1654 2315 rfucis,
1690 2249 1733 2292 a
1763 2233 1949 2312 parte
1981 2226 2308 2311 aquilonis
2333 2227 2801 2311 jobagionibus
2829 2225 3047 2295 Castri

788 2336 1309 2421 remanentibus3
1366 2335 1602 2404 deinde
1653 2335 1943 2402 declinat
1988 2355 2214 2403 versus
2273 2317 2607 2402 meridiem
2660 2356 2889 2424 parum
2908 2390 2927 2424 ,
2976 2346 3046 2405 et

785 2442 963 2510 cadit
994 2443 1082 2509 ad
1113 2451 1352 2511 metam
1384 2444 1684 2531 priorem.
1736 2446 1899 2511 Item
1930 2444 2146 2530 prima
2194 2450 2372 2511 meta
2400 2453 2572 2511 terre
2602 2446 2881 2529 Molona,
2916 2465 3044 2529 que

783 2559 883 2620 est
930 2554 1326 2652 Zporconis,
1392 2552 1619 2639 incipit
1671 2572 1714 2618 a
1762 2551 2033 2619 meridie
2081 2553 2149 2618 in
2208 2560 2384 2618 meta
2431 2558 2649 2619 terrea
2703 2554 2894 2639 juxta
2956 2552 3042 2618 ri-

783 2662 1002 2727 uulum
1033 2663 1317 2747 Molona,
1371 2668 1436 2727 et
1465 2662 1674 2728 tendit
1706 2680 1932 2727 versus
1990 2661 2300 2728 orientem
2345 2661 2708 2728 ascendens
2757 2661 2825 2726 in
2859 2662 3035 2745 berz,

787 2776 852 2836 et
887 2771 1185 2855 peruenit
1217 2770 1302 2836 ad
1335 2770 1643 2836 verticem
1677 2769 1836 2852 eius,
1877 2769 1986 2835 vbi
2022 2775 2124 2835 est
2153 2778 2331 2836 meta
2356 2777 2611 2854 terrea;
2646 2769 2798 2835 inde
2828 2768 3043 2835 tendit

783 2897 1011 2944 versus
1045 2878 1414 2963 aquilonem
1447 2879 1513 2944 in
1548 2876 1777 2944 eodem
1809 2878 1959 2944 berz
1992 2897 2236 2961 magna
2286 2877 2692 2962 longitudine
2741 2876 3040 2963 perueni-

782 3005 899 3052 ens
940 2985 1028 3052 ad
1079 2991 1316 3052 metam
1349 2992 1668 3071 terream;
1726 2985 1875 3051 hinc
1917 2984 2318 3052 descendens
2347 2985 2559 3051 tendit
2602 3003 2832 3051 versus
2870 2984 3039 3050 occi·

785 3094 1045 3160 dentem
1096 3092 1185 3159 ad
1212 3098 1345 3159 tres
1393 3112 1635 3180 paruos
1684 3090 1939 3173 fluuioS,
1992 3098 2058 3157 et
2107 3112 2223 3178 per
2275 3092 2691 3160 medietatem
2722 3091 3041 3159 dictorum

779 3200 1120 3267 fluuiorum
1155 3201 1335 3267 cadit
1367 3199 1454 3267 ad
1483 3200 1766 3266 riuulum
1817 3200 2082 3269 Molona
2110 3198 2493 3286 predictum,
2547 3201 2654 3267 vbi
2687 3219 2945 3285 semper
2998 3219 3041 3263 a

782 3308 1010 3376 dextro
1054 3307 1524 3393 jobagionibus
1557 3306 1776 3374 Castri
1809 3312 1874 3373 et
1904 3306 2345 3373 castrensibus
2376 3307 2883 3392 remanentibus,
2917 3327 3040 3393 per

779 3417 1144 3503 predictum
1186 3425 1402 3481 autem
1451 3414 1721 3481 fluuium
1772 3415 2035 3482 Molona
2081 3414 2424 3481 reuertitur
2453 3414 2542 3481 ad
2572 3414 2854 3500 priorem
2912 3436 3041 3481 me·

780 3531 935 3591 tam.
987 3525 1148 3590 Item
1182 3523 1395 3609 prima
1425 3528 1599 3588 meta
1628 3529 1801 3588 terre
1834 3520 2182 3608 Cupuzdol,
2217 3542 2342 3606 que
2389 3530 2487 3588 est
2516 3523 2896 3607 Zporconis‚
2946 3521 3041 3587 in·

780 3631 939 3718 cipit
987 3634 1072 3698 ab
1125 3630 1374 3697 oriente
1429 3630 1613 3696 iuxta
1665 3630 1947 3698 riuulum
1999 3630 2300 3715 Moluna3
2370 3630 2523 3696 inde
2572 3628 2756 3697 vadit
2803 3651 3035 3697 versus

778 3739 1178 3805 occidentem
1239 3760 1438 3827 super
1487 3740 1639 3806 berz
1664 3790 1680 3823 ,
1746 3741 1812 3804 in
1864 3739 2046 3806 cuius
2095 3740 2340 3805 vertice
2390 3745 2489 3805 est
2538 3747 2713 3805 meta
2778 3745 3035 3823 terrea3

777 3846 928 3914 inde
993 3847 1405 3933 progreditur
1465 3866 1692 3913 versus
1753 3847 2124 3929 aquilonem
2185 3866 2305 3932 per
2368 3844 2610 3912 dictum
2662 3846 2858 3913 berch
2881 3898 2899 3930 ,
2967 3856 3039 3913 et

774 3958 904 4022 itur
948 3955 1354 4042 longitudine
1404 3957 1599 4023 trium
1639 3957 1985 4040 jugerum;
2034 3954 2186 4021 hinc
2236 3963 2457 4021 autem
2486 3955 2759 4021 reclinat
2804 3974 3037 4021 versus

776 4065 1106 4150 orientem,
1151 4071 1217 4131 et
1247 4062 1581 4129 descendit
1610 4082 1731 4148 per
1760 4062 1914 4128 berz
1947 4062 2033 4129 ad
2065 4061 2464 4129 nominatum
2495 4061 2797 4144 riuulum,
2838 4081 3038 4147 quem

771 4172 1098 4239 transiens
1130 4172 1307 4238 cadit
1341 4172 1426 4237 ad
1455 4172 1736 4238 riuulum
1769 4169 2028 4257 Oupuz;
2065 4182 2132 4238 et
2159 4170 2316 4238 inde
2346 4170 2552 4237 tendit
2592 4190 2820 4238 versus
2853 4172 3036 4255 aqui—

773 4281 986 4347 lonem
1011 4301 1126 4366 per
1147 4279 1431 4346 medium
1453 4279 1746 4347 eiusdem
1771 4277 1984 4365 riuuli,
2022 4285 2087 4343 et
2107 4278 2402 4364 peruenit
2432 4276 2522 4344 ad
2539 4278 2823 4345 medium
2854 4276 3038 4364 ville,

772 4390 885 4455 vbi
916 4395 1048 4455 stat
1086 4395 1261 4455 meta
1309 4394 1560 4474 terrea;
1613 4388 1763 4454 hinc
1811 4394 2030 4453 autem
2079 4387 2257 4454 venit
2290 4406 2517 4454 versus
2567 4386 2906 4469 orientem,
2961 4395 3035 4452 et

772 4497 962 4564 vadit
1007 4499 1175 4564 inter
1211 4495 1377 4563 duas
1407 4498 1636 4562 vineas
1686 4495 2073 4581 perueniens
2104 4496 2192 4562 ad
2239 4495 2538 4563 arborem
2568 4494 2715 4583 piri,
2768 4513 2893 4579 que
2926 4503 3036 4562 est

769 4627 887 4694 pro
921 4613 1133 4692 meta3
1188 4613 1252 4673 et
1281 4604 1434 4672 inde
1463 4603 1675 4670 tendit
1721 4622 1948 4670 versus
1997 4604 2349 4671 meridiem.
2380 4623 2499 4690 per
2548 4604 2824 4670 eundem
2870 4603 3031 4671 berz

768 4717 938 4781 bona
970 4714 1398 4800 longitudine,
1435 4719 1500 4779 et
1530 4712 1827 4799 peruenit
1857 4712 1944 4778 ad
1976 4720 2214 4780 metam
2232 4719 2539 4797 terream3
2574 4711 2731 4779 inde
2761 4710 3033 4778 descen·
