3359 5250
1484 398 1608 466 3¹21

1478 917 1632 985 260.

417 1080 668 1161 Mamas,
697 1079 934 1168 kirdlyi
963 1079 1260 1166 fh'tdlnok
1289 1105 1330 1146 a
1359 1081 1567 1167 kirdly
1602 1082 2132 1171 meqha-qydsdbdl
2164 1083 2453 1171 Somoqy,
2505 1083 2673 1152 Zala

571 1193 632 1252 e's
679 1187 996 1276 Veszpre'm
1026 1188 1380 1277 mquye'kben
1411 1189 1545 1255 t5bb
1576 1190 1959 1277 birtokiiqyet
1986 1189 2284 1258 elrendez.
2321 1189 2518 1257 1254.

631 1350 768 1422 Nos
800 1351 1114 1422 Nicolaus
1134 1350 1260 1419 Dei
1292 1350 1519 1436 gracia
1547 1351 1864 1437 Magister
1890 1353 2349 1441 Dapiferorum
2386 1347 2669 1422 Illustris

415 1460 576 1528 Bele
607 1462 807 1546 Regis
830 1460 1171 1547 Hungarie
1189 1458 1539 1545 vniuersis,
1570 1460 1658 1527 ad
1690 1480 1852 1545 quos
1884 1481 2155 1548 presens
2184 1461 2494 1547 scriptum
2520 1481 2664 1551 per-

415 1567 669 1636 uenerit
701 1567 978 1635 salutem
1009 1576 1296 1661 etomne
1330 1567 1591 1634 bonum.
1641 1566 1806 1635 Cum
1839 1567 1927 1635 ad
1957 1568 2396 1636 recensendos
2436 1570 2666 1638 vduor·

417 1679 601 1746 nicos
632 1697 786 1745 suos
818 1698 936 1764 per
966 1677 1339 1746 vniuersum
1371 1679 1669 1762 Regnum
1700 1677 2009 1764 anarie
2042 1677 2425 1746 constitutos
2472 1698 2669 1767 super

412 1795 590 1855 terra
620 1788 975 1856 eorundem
1025 1785 1468 1854 examinanda
1499 1806 1542 1852 a
1572 1784 1833 1856 domino
1865 1789 2044 1871 Rege
2090 1806 2294 1874 supra
2337 1791 2667 1856 nominato

413 1896 744 1964 constituti
776 1895 1145 1979 fuissemus,
1194 1896 1354 1961 etin
1387 1895 1534 1982 ipso
1564 1895 1840 1979 negocio
1873 1893 2256 1980 exequendo
2286 1896 2373 1962 ad
2407 1897 2661 1983 prouin-

413 2006 586 2072 ciam
616 2003 1076 2090 Simigiensem
1107 2003 1656 2089 peruenissemus‚
1688 2002 2078 2070 accedentes
2113 2003 2199 2071 ad
2231 2024 2351 2072 nos
2381 2002 2666 2071 vniuersi

410 2113 590 2180 illius
636 2111 973 2201 prouincie
1003 2109 1364 2179 wduornici
1410 2118 1475 2178 et
1507 2109 1860 2177 eorundem
1883 2110 2278 2196 jobagiones
2324 2114 2664 2197 conquesti

401 2230 584 2305 sunt,
617 2219 793 2304 quod
811 2220 1037 2288 Abbas
1067 2217 1289 2287 Sancti
1310 2217 1574 2286 Martini
1602 2219 1684 2286 de
1716 2218 1919 2288 Sacro
1938 2220 2157 2289 Monte
2178 2220 2512 2290 Pannonie
2534 2219 2662 2288 duo

411 2329 785 2398 molendina
813 2331 882 2395 in
912 2336 1108 2413 terra,
1158 2346 1286 2412 que
1315 2325 1552 2396 dicitur
1582 2326 1726 2413 Sar,
1762 2328 1848 2397 ab
1879 2327 2128 2398 eisdem
2167 2329 2231 2395 in
2284 2331 2662 2398 concambio

408 2439 786 2528 recepisset.
821 2438 1066 2506 Contra
1095 2456 1258 2522 quos
1287 2433 1613 2523 predictus
1644 2435 1873 2504 Abbas
1912 2436 2208 2506 exhibuit
2249 2437 2662 2525 priuilegium

407 2550 668 2617 Nicolai
724 2547 839 2616 filii
870 2546 1036 2615 Borz
1089 2546 1416 2634 quondam
1449 2544 1757 2613 Palatini.
1811 2545 2011 2615 Cuius
2054 2552 2282 2615 tenore
2332 2546 2474 2615 viso
2525 2569 2668 2636 pre·

407 2659 586 2727 dicta
616 2656 993 2726 molendina
1024 2654 1268 2723 Abbati
1323 2654 1556 2723 relicta
1586 2659 1735 2722 sunt
1766 2656 1853 2723 ab
1885 2657 2134 2725 eisdem
2181 2663 2491 2745 perpetuo
2522 2679 2664 2744 pos-

408 2767 708 2837 sidenda.
759 2765 969 2853 Igitur
998 2762 1323 2831 vniuersis
1372 2762 1667 2849 negociis
1697 2763 2036 2851 prouincie
2068 2764 2483 2852 simigiensis
2525 2787 2662 2854 per·

405 2879 575 2946 actis
606 2876 937 2945 venientes
957 2873 1044 2939 ad
1064 2870 1472 2960 prouinciam
1492 2871 1678 2957 Zala,
1700 2872 2069 2941 inuenimus
2092 2895 2416 2961 agazones
2439 2875 2662 2943 Sancti

407 2984 671 3056 Martini
707 2983 828 3053 sub
860 2987 1077 3051 monte
1097 2981 1482 3068 Hygmogos
1513 2989 1757 3049 terram
1788 3001 1975 3049 suam
2005 2980 2248 3051 habere
2287 2990 2658 3070 separatam

405 3116 556 3164 cum
585 3090 956 3161 vduornicis
988 3091 1072 3157 de
1102 3091 1327 3173 Kezey
1357 3111 1401 3157 a
1429 3090 1635 3175 plaga
1663 3089 2035 3175 aquilonari
2067 3109 2211 3158 cum
2239 3092 2495 3159 duabus
2529 3114 2661 3160 ma·

406 3205 557 3290 gnis
588 3201 779 3269 metis
827 3197 1057 3268 terreis
1088 3197 1176 3266 ad
1209 3195 1647 3266 molendinum
1682 3196 1923 3285 Soych,
1969 3198 2143 3284 quod
2178 3205 2277 3268 est
2317 3219 2514 3287 super
2545 3200 2658 3267 flu·

405 3315 586 3382 uium
618 3310 865 3398 Egrud,
915 3315 982 3399 et
1012 3307 1248 3377 transit
1276 3328 1395 3394 per
1449 3307 1715 3375 fluuium
1748 3307 1993 3393 Egrud,
2041 3316 2107 3376 et
2138 3308 2318 3377 vadit
2347 3331 2466 3398 per
2498 3312 2658 3379 anti·

404 3443 603 3509 quum
623 3419 846 3506 Egrud
876 3437 995 3504 per
1024 3422 1236 3504 prata.
1273 3413 1435 3483 Cum
1468 3414 1844 3484 vdnornicis
1877 3435 2051 3503 vem,
2083 3419 2195 3502 qui
2225 3423 2377 3486 sunt
2409 3418 2474 3485 in
2497 3420 2655 3504 Hig-

404 3550 657 3617 mogos,
694 3549 737 3596 a
766 3534 954 3615 parte
984 3522 1376 3594 occidentali
1404 3530 1648 3591 terram
1666 3525 1911 3594 habent
1932 3546 2333 3595 communem
2353 3527 2419 3594 in
2448 3528 2656 3614 siluis,

406 3651 473 3710 et
503 3641 570 3708 in
623 3637 882 3706 fenetis.
934 3636 1058 3702 Hic
1090 3632 1301 3701 eciam
1331 3635 1672 3722 completis
1722 3636 2055 3723 prouincie
2104 3636 2294 3705 huius
2344 3637 2653 3724 negociis,

403 3749 726 3819 veniendo
791 3744 876 3813 ad
943 3742 1321 3830 parochiam
1380 3741 1955 3828 vesprimiensem,
2005 3744 2367 3812 inuenimus
2429 3745 2655 3813 villam

404 3860 651 3927 Sancte
689 3854 916 3923 Crucis
964 3853 1086 3920 sub
1119 3852 1288 3920 silua
1317 3851 1536 3920 Bocon
1573 3852 1868 3920 Ecclesie
1897 3854 2084 3921 Beati
2116 3855 2414 3921 Mauricii
2462 3856 2671 3942 perti··

401 3974 688 4055 nentem,
740 3973 984 4031 terram
1015 3981 1203 4030 suam
1251 3960 1494 4030 habere
1545 3969 1921 4049 separatam
1971 3984 2113 4031 cum
2146 3962 2520 4032 vduornicis
2570 3966 2653 4033 de

401 4078 565 4145 villa
594 4077 734 4142 Fen
766 4093 913 4140 cum
966 4070 1157 4139 metis
1189 4070 1472 4155 antiquis
1525 4078 1591 4139 et
1619 4072 1832 4157 nouis,
1883 4079 1955 4140 vt
1989 4072 2189 4141 habet
2237 4065 2651 4160 priuilegium

403 4184 563 4252 Bele
593 4182 795 4266 Regis
845 4189 910 4248 et
957 4178 1364 4264 quorundam
1419 4178 1746 4264 quondam
1782 4179 2251 4248 Palatinorum.
2309 4181 2410 4247 Ne
2457 4181 2652 4266 igitur

401 4314 524 4382 per
554 4297 917 4376 temporum
946 4286 1442 4374 generacionem
1471 4286 1554 4353 ab
1587 4286 1956 4355 hominibus
1988 4286 2481 4355 succedentibus
2512 4309 2652 4375 pre-

402 4404 650 4488 scripta
676 4399 748 4466 in
778 4417 1064 4466 errorem
1114 4400 1228 4462 aut
1256 4393 1511 4463 irritum
1540 4394 1647 4462 vel
1677 4393 2150 4464 dissensionem
2200 4394 2432 4463 deduci
2472 4398 2648 4463 vale-

404 4519 539 4598 ant,
590 4514 957 4597 presentem
986 4504 1304 4593 paginam
1339 4503 1779 4573 concessimus
1807 4504 2013 4591 sigilli
2062 4506 2267 4573 nostri
2299 4506 2649 4574 munimine

401 4623 797 4692 roboratam.
829 4617 1072 4685 Datum
1101 4636 1277 4684 anno
1317 4615 1582 4683 Domini
1611 4615 1704 4682 M⁰
1722 4612 1854 4683 00⁰
1873 4614 1955 4680 L⁰
1972 4615 2063 4682 IV
2066 4622 2110 4681 ⁰.

729 4745 1002 4812 (Eredetie
1026 4762 1060 4796 a
1083 4744 1466 4812 pannonlialmi
1490 4740 1887 4811 sssapatsagnak
1913 4739 2322 4809 levatas-aban.)

2206 4845 2323 4900 24*
