3359 5250
1744 419 1775 432 θ
1835 323 1969 392 204

771 525 1199 609 Assumendo‚
1253 523 1425 608 quod
1476 522 1533 591 si
1588 522 1791 607 aliqui
1849 522 1930 590 de
1980 541 2099 589 suo
2149 539 2389 606 genere
2436 520 2647 606 ips-um
2710 517 3026 588 Comitem

773 637 1201 719 Scemeynum
1232 652 1428 718 super
1460 630 1842 699 uendicione
1872 628 2045 698 dicte
2075 636 2246 697 terre
2277 630 2637 715 inquietare
2670 638 3016 718 attempta·

773 750 935 828 rent,
986 742 1159 811 idem
1192 741 1346 809 Jula
1394 738 1766 807 deffendere
1817 739 2162 806 tenebitur.
2214 741 2378 807 Item
2406 740 2719 824 Magister
2750 741 3030 809 Vincen-

772 852 911 921 cius
943 850 1462 918 Archidiaconus
1496 846 1869 930 Nitriensis,
1923 854 1986 913 et
2019 847 2218 913 frater
2267 866 2422 914 suus
2457 848 2705 916 Guncel
2751 857 3022 935 partem,

771 980 899 1046 que
929 961 1111 1047 ipsos
1163 958 1245 1025 de
1278 959 1456 1024 dicta
1487 965 1662 1024 terra
1691 956 1921 1042 Boyon
1953 953 2348 1024 hereditarie
2384 956 2825 1045 contingebat,
2878 925 3027 1026 ved·

772 1068 1072 1138 diderunt
1123 1065 1336 1133 eidem
1389 1063 1628 1133 Con-iti
1682 1066 1749 1131 S.
1790 1086 1909 1152 pro
1961 1065 2166 1132 tribus
2220 1065 2459 1132 marcis
2509 1068 2806 1152 argenti3
2859 1087 3025 1152 quas

772 1178 996 1244 decem
1028 1184 1092 1243 et
1125 1194 1358 1244 nouem
1391 1195 1648 1241 marcas
1684 1174 2122 1260 prenominati
2162 1174 2532 1243 uenditores
2563 1177 2844 1244 confessi
2876 1184 3028 1243 sunt

772 1307 813 1354 a
843 1286 1014 1355 dicto
1048 1286 1299 1354 Comite
1330 1287 1393 1353 S.
1425 1285 1551 1352 sibi
1602 1283 1808 1353 fuisse
1837 1284 2136 1371 plenarie
2168 1285 2558 1370 persolutas.
2611 1287 2694 1352 Et
2723 1286 2844 1354 hec
2879 1306 3028 1354 uen-

772 1394 939 1462 dicio
991 1395 1167 1461 facta
1199 1400 1297 1461 est
1350 1395 1541 1462 salua
1595 1400 1780 1480 parte
1814 1395 2063 1462 Domus
2096 1393 2459 1480 Hospitalis
2507 1399 2746 1463 Sancte
2800 1394 3025 1463 Crucis

773 1503 856 1570 de
905 1502 1255 1588 Strigonio‚
1315 1521 1512 1588 quam
1543 1500 1804 1569 domum
1856 1511 1989 1568 tam
2024 1503 2152 1589 ipsi
2193 1501 2582 1585 venditores,
2637 1522 2831 1587 quam
2863 1502 3022 1571 dicti

768 1609 1203 1696 Hospitalarij
1257 1608 1537 1678 confessi
1592 1615 1742 1676 sunt
1793 1609 1859 1676 in
1911 1609 2139 1676 eadem
2194 1615 2401 1675 terrra
2453 1616 2705 1676 sextam
2767 1615 3023 1696 partem

769 1720 1124 1806 possidere.
1160 1720 1242 1785 Et
1275 1721 1421 1804 ipsa
1453 1719 1671 1787 totalis
1705 1727 1898 1803 terra,
1941 1727 2129 1806 prout
2159 1719 2360 1804 ijdem
2393 1717 2763 1787 venditores
2794 1720 3024 1787 retule-

769 1835 936 1910 runt,
990 1848 1033 1893 a
1066 1836 1251 1913 parte
1305 1826 1608 1895 orientali
1664 1836 1837 1895 tenet
1873 1835 2083 1895 metas
2117 1847 2262 1896 cum
2295 1827 2711 1913 monetarijs;
2761 1848 2804 1894 a
2835 1835 3026 1913 parte

771 1933 1177 2002 meridionali
1232 1954 1375 2000 cum
1408 1934 1732 2002 Nicholao
1767 1936 1899 2002 filio
1932 1935 2252 2002 Johanuis
2294 1935 2374 2002 de
2406 1954 2646 2020 genere
2679 1933 3022 2020 Capatan3

768 2064 810 2110 a
839 2049 1027 2130 parte
1076 2040 1470 2110 occidentali
1523 2064 1665 2110 cum
1710 2043 2054 2110 cruciferis
2106 2046 2328 2112 Sancti
2377 2044 2599 2126 Regis,
2656 2065 2698 2109 a
2745 2053 3025 2128 septem-

770 2152 1031 2220 trionali
1087 2150 1318 2217 iterum
1372 2172 1514 2217 cum
1553 2153 1952 2237 monetarijs‚
2013 2153 2203 2220 etsie
2234 2155 2649 2221 continuatur
2699 2152 3021 2239 prioribus

771 2261 977 2328 metis.
1011 2265 1218 2344 Super
1269 2279 1394 2342 quo
1428 2260 1678 2327 litteras
1728 2271 1986 2328 nostras
2038 2260 2510 2327 testimoniales
2547 2263 2865 2345 Semeyno
2903 2259 3021 2327 Co·

773 2369 909 2435 miti
960 2368 1294 2453 pecierunt
1347 2367 1660 2435 exhiberi.
1715 2372 1850 2437 Nos
1885 2389 2039 2454 ergo
2091 2367 2179 2435 ad
2228 2368 2615 2435 instanciam
2671 2368 3023 2453 peticionis

768 2475 1138 2545 eorumdem
1174 2484 1511 2562 presentes
1544 2479 1984 2546 concessimus
2018 2477 2289 2562 litteras,
2341 2477 2548 2561 sigilli
2582 2476 2786 2544 nostri
2819 2478 3022 2543 muni·

767 2581 937 2649 mine
971 2583 1332 2653 roboratas,
1388 2585 1577 2654 Anno
1613 2587 1953 2654 Dominice
1987 2583 2476 2654 Incarnacionis
2517 2585 2861 2653 millesimo
2911 2584 3021 2652 du·

766 2695 1118 2764 centesimo
1151 2699 1657 2782 quadragesimo
1701 2699 1943 2781 quinto.

1457 2878 1514 2941 A
1733 2877 1786 2941 B
2005 2876 2054 2942 C
2270 2876 2330 2940 D

973 3060 1069 3119 (Az
1100 3058 1297 3108 credeti
1326 3054 1455 3108 utini
1484 3059 1673 3108 Knauz
1702 3054 1939 3117 Nzindor,
1967 3058 2195 3120 Magyar
2226 3058 2352 3106 Sion
2380 3057 2450 3106 11.
2479 3056 2589 3107 kot.
2621 3059 2738 3106 524.
2771 3054 2834 3109 1.)
