3359 5250
1806 348 1894 414 54

724 569 898 616 anno
929 547 1153 633 gracie
1186 548 1276 613 Μο
1297 545 1428 613 000
1449 546 1668 613 XXX⁰
1690 548 1920 628 VIIJ⁰.,
1968 547 2050 611 V⁰
2082 564 2290 612 nonas
2321 543 2502 628 Maij,
2536 545 2747 626 Regni
2778 544 2986 610 nostri

724 677 894 725 anno
926 657 1076 723 IIJ0.

725 836 999 902 (Eredctie
1023 833 1370 903 b6rhartyan,
1398 834 1621 901 molyrffl
1647 850 1683 885 a
1708 831 1886 899 kiraly
1912 829 2259 900 peesetjenek
2281 830 2536 883 tiiredeke
2556 833 2735 882 barna
2762 831 2986 897 selyem-

1100 924 1351 978 asinoron
1377 925 1530 991 sugg.
1558 926 1604 976 A
1632 924 1798 977 budai
1825 923 1928 973 kir.
1957 923 2199 973 kamarai
2226 918 2602 987 leveltarban.)

1603 1208 2109 1220 *μ

1808 1673 1919 1741 35.

732 1857 773 1921 1
784 1856 854 1922 V.
888 1855 1050 1921 Bdla
1082 1854 1426 1942 kirdlynak
1456 1853 1642 1918 Faad
1673 1855 1835 1916 nevil
1863 1852 2135 1917 birtokot
2169 1857 2473 1940 triryyazd
2499 1853 2854 1939 adomcinya
2881 1851 2992 1916 Osl

1469 1983 1661 2027 comes
1691 1962 2003 2024 szdmdra.
2060 1962 2254 2025 1238.

951 2160 1112 2227 Bela
1142 2159 1265 2226 Dei
1298 2157 1524 2244 gracia
1562 2159 1702 2225 Rex
1735 2157 2022 2240 Vngarie
2051 2157 2377 2224 vniuersis
2418 2157 2659 2223 Christi
2691 2156 2993 2223 fidelibus

740 2267 1022 2333 salutem
1053 2266 1122 2333 in
1145 2265 1425 2335 Domino
1448 2266 1488 2332 J
1493 2284 1630 2332 esu.
1666 2266 1889 2348 Digna
1920 2267 2449 2332 remuneracione
2468 2265 2751 2333 fidelitas
2774 2265 2993 2351 dignis

742 2373 932 2440 debet
964 2374 1309 2462 stipendiis
1342 2394 1385 2441 a
1413 2374 1617 2456 Regie
1648 2372 2072 2439 celsitudinis
2107 2373 2470 2441 Serenitate
2500 2373 2804 2459 refoueri‚
2837 2394 2995 2458 qua-

736 2487 929 2549 tenus
962 2490 1025 2548 et
1073 2482 1426 2549 humanum
1475 2481 1736 2549 iusticie
1779 2481 2068 2548 debitum
2119 2482 2567 2567 impendatur,
2622 2489 2688 2548 et
2725 2482 2997 2549 retribu-

739 2588 947 2658 cionis
979 2588 1278 2676 exemplo
1311 2586 1597 2656 fidelium
1629 2606 1936 2656 numerus
1970 2593 2308 2671 augeatur.
2342 2587 2510 2655 Hinc
2547 2596 2665 2674 est,
2697 2589 2873 2672 quod
2906 2587 2995 2655 ad

742 2696 1190 2764 uniuersorum
1223 2695 1533 2763 noticiam
1583 2702 1808 2762 tenore
1838 2696 2249 2782 presencium
2297 2697 2595 2763 uolumus
2627 2698 2994 2785 peruenire,

742 2803 917 2889 quod
947 2822 1066 2872 nos
1100 2804 1384 2870 seruicia
1434 2808 1499 2868 et
1527 2802 1891 2888 probitates
1943 2803 2164 2870 dilecti
2197 2823 2276 2869 ac
2307 2804 2516 2870 fidelis
2563 2806 2773 2872 nostri
2806 2804 2991 2889 Oslu,

746 2911 1037 2994 Comitis,
1069 2910 1184 2994 filij
1216 2910 1397 2994 Oslu,
1445 2929 1569 2994 que
1601 2910 1790 2978 nobis
1835 2917 1901 2978 et
1931 2913 2154 2996 Regno
2187 2911 2627 2978 indesinenter
2676 2912 2993 2996 exhibuit,

741 3020 1056 3086 habentes
1094 3037 1211 3104 pre
1244 3017 1477 3104 oculis,
1532 3025 1598 3084 et
1627 3019 1924 3086 nolentes
1956 3019 2192 3105 ipsum,
2246 3017 2413 3085 sicut
2444 3039 2564 3085 nec
2595 3020 2800 3104 decet,
2853 3042 3000 3090 suo-

740 3148 885 3194 rum
942 3126 1364 3193 seruiciorum
1418 3125 1796 3192 defraudari
1848 3125 2094 3194 meritis
2115 3177 2133 3210 ,
2197 3126 2265 3192 in
2315 3127 2998 3212 recompensacionem

743 3254 860 3301 sue
890 3233 1226 3300 fidelitatis
1260 3239 1325 3300 et
1358 3232 1778 3319 probitatum,
1813 3238 2058 3299 terram
2089 3233 2279 3300 Faad
2307 3235 2376 3299 in
2408 3233 2733 3302 Comitatu
2767 3236 2992 3321 Sopro-

743 3341 954 3406 niensi
984 3340 1169 3407 iuxta
1200 3340 1479 3425 chama,
1531 3341 1830 3428 predium
1881 3343 2236 3411 eorundem
2268 3350 2401 3410 tam
2452 3366 2597 3411 cum
2628 3351 2801 3411 terra
2854 3365 3001 3411 ara·

745 3447 904 3532 bili,
969 3466 1164 3530 quam
1213 3467 1358 3514 cum
1408 3451 1674 3535 pascuis
1727 3456 1794 3515 et
1839 3449 2055 3518 feneto
2106 3453 2251 3518 vsui
2303 3453 2576 3537 triginta
2634 3461 2998 3522 aratrorum

745 3562 1238 3643 competentem,
1294 3576 1492 3641 quam
1541 3557 1721 3644 prius
1755 3579 1837 3625 ex
1890 3560 2249 3629 donacione
2300 3564 2508 3648 patris
2559 3563 2765 3630 nostri
2800 3561 2999 3648 digne

747 3675 1212 3754 promeruerat,
1249 3667 1636 3736 contulimus
1669 3668 1809 3736 iure
1840 3677 2155 3758 perpetuo
2195 3671 2681 3757 possidendam.
2721 3674 3001 3758 Insuper

748 3775 900 3843 filiis
931 3775 1138 3844 Belud
1169 3775 1441 3843 Comitis
1491 3775 1660 3843 bone
1695 3779 2044 3861 memorie,
2097 3779 2207 3862 qui
2240 3779 2540 3846 similiter
2589 3780 2897 3847 maximis
2937 3786 3002 3846 et

748 3882 1191 3952 laudabilibus
1241 3884 1535 3952 seruiciis
1587 3906 1806 3952 coram
1866 3887 2072 3955 oculis
2122 3888 2362 3955 nostris
2413 3896 2478 3956 et
2518 3896 3000 3956 antecessorum

746 3999 1117 4062 nostrorum
1150 4014 1192 4060 a
1222 3992 1535 4080 primeuis
1557 3995 1751 4062 etatis
1784 4015 1902 4062 sue
1932 3996 2332 4082 temporibus
2354 3998 2702 4080 claruerat,
2743 4015 3002 4063 conces·

755 4102 960 4169 simus
1013 4102 1094 4167 de
1147 4108 1322 4167 terra
1352 4100 1631 4167 Widcha
1682 4102 1747 4167 in
1786 4102 2014 4169 eodem
2050 4102 2397 4186 comitatu,
2451 4104 2635 4169 iuxta
2681 4102 2998 4190 predium,

748 4210 921 4296 quod
970 4217 1243 4279 uocatur
1273 4208 1502 4294 Belud,
1553 4211 1741 4278 iuxta
1775 4211 2063 4297 Rabcha,
2116 4211 2203 4276 ad
2236 4212 2519 4297 quinque
2573 4217 2810 4296 aratra,
2862 4219 2999 4278 tam

751 4339 897 4386 cum
930 4323 1110 4383 terra
1139 4316 1405 4401 arabili‚·
1434 4336 1628 4400 quam
1661 4336 1808 4384 cum
1839 4319 2102 4404 pascuis
2136 4324 2200 4385 et
2231 4318 2468 4401 feneto,
2509 4318 2619 4384 ubi
2649 4318 2850 4403 ijdem
2882 4316 3003 4402 filij

752 4423 962 4491 Belud
992 4422 1236 4492 habent
1288 4422 1516 4491 domos
1549 4430 1614 4489 et
1651 4424 2017 4492 ecclesiam.
2050 4425 2136 4492 Vt
2164 4424 2365 4510 igitur
2395 4426 2517 4492 hec
2554 4433 2774 4493 nostre
2805 4422 3002 4494 dona-

750 4528 955 4599 cionis
987 4531 1236 4617 pagina
1282 4530 1538 4599 firmum
1591 4534 1789 4600 robur
1837 4533 2132 4620 optineat
2176 4534 2246 4600 in
2292 4538 2645 4619 posterum,
2701 4540 2767 4599 et
2804 4532 3003 4600 nullis

753 4658 1041 4725 unquam
1074 4640 1474 4726 temporibus
1521 4642 1744 4709 ualeat
1775 4641 2138 4727 retractari,
2188 4641 2468 4728 duplicis
2500 4660 2648 4708 eam
2680 4639 2858 4726 sigili
2892 4660 3000 4708 no-
