3359 5250
1772 337 1990 438 128-

697 514 1073 602 pensionem
1108 516 1176 581 in
1207 516 1503 584 terminis
1537 517 1624 583 ad
1657 518 1782 585 hoc
1816 517 2120 604 superius
2154 517 2504 604 deputatis.
2543 519 2756 599 Quam
2789 521 2959 589 solu-

697 625 947 692 cionem
980 624 1038 691 si
1068 623 1363 711 prefatus
1395 624 1713 709 Magister
1743 625 1979 713 Adam,
2030 626 2137 692 uel
2170 627 2311 693 eius
2341 627 2618 696 heredes
2665 630 2957 714 neglige·

694 738 855 819 rent,
913 733 1021 800 uel
1054 733 1221 800 alias
1254 734 1322 800 in
1375 733 1752 820 prescriptis
1801 733 2094 801 terminis
2146 734 2365 801 facere
2399 745 2796 824 recusarent,
2844 737 2954 803 uel

694 862 856 928 opus
887 841 1020 908 iam
1053 840 1295 908 dictum
1328 845 1571 908 statuto
1604 849 1899 929 tempore
1930 862 2060 909 non
2093 842 2513 931 conplerent;
2554 845 2695 932 ipse
2729 853 2792 912 et
2820 844 2953 930 ipsi

694 949 967 1017 heredes
1000 954 1236 1015 extunc
1283 947 1623 1037 priuentur
1651 947 1790 1015 iure
1823 949 2113 1036 predicte
2145 950 2624 1036 conduccionis,
2680 952 2953 1019 licitum-

693 1078 818 1143 que
850 1056 937 1125 sit
964 1057 1154 1125 nobis
1186 1057 1255 1122 in
1288 1056 1562 1124 alteram
1618 1078 2068 1143 quamcunque
2100 1058 2496 1126 uoluerimus
2527 1066 2785 1146 partem
2815 1080 2956 1146 pre·

692 1166 934 1233 dictam
965 1165 1321 1233 transferre
1346 1164 1771 1251 locacionem,
1804 1174 1872 1234 et
1903 1165 2359 1235 nichilominos
2390 1167 2518 1253 ipsi
2551 1167 2638 1233 ad
2661 1168 2951 1253 dampna

692 1281 756 1341 et
785 1274 1105 1343 interesse
1127 1281 1491 1340 teneantur.
1527 1274 1720 1340 Dicta
1750 1282 1970 1341 autem
1991 1274 2270 1360 edificia,
2307 1275 2365 1342 si
2405 1276 2628 1361 aliqua
2658 1275 2952 1360 indigue·

690 1384 822 1451 rint
871 1383 1321 1469 reparacione‚
1356 1382 1441 1448 ab
1473 1380 1593 1447 illa
1623 1381 1749 1466 die,
1802 1402 1932 1466 qua
1971 1383 2301 1468 completa
2352 1389 2559 1468 erunt,
2610 1403 2817 1469 nsque
2867 1382 2954 1449 ad

690 1493 882 1559 finem
913 1490 1209 1557 vicesimi
1241 1490 1416 1576 anni,
1450 1488 1624 1556 idem
1656 1490 1974 1575 Magister
2004 1490 2218 1558 Adam
2252 1493 2354 1559 uel
2391 1493 2532 1559 eius
2563 1493 2838 1560 heredes
2871 1511 2953 1558 ea

691 1599 976 1687 proprijs
1010 1598 1316 1686 expensis
1367 1600 1636 1666 reficere
1664 1605 2048 1685 teneantu1·;
2082 1606 2146 1666 et
2178 1599 2233 1667 si
2267 1599 2419 1685 igne
2459 1599 2747 1688 proprio,
2780 1599 2955 1684 quod

691 1710 885 1794 absit,
920 1714 1367 1792 exurerentur,
1421 1707 1722 1774 similiter
1755 1728 1838 1775 ea
1871 1709 2157 1795 propriis
2187 1709 2497 1795 expensis
2530 1708 2840 1777 reficiant.
2881 1707 2955 1774 Si

688 1837 845 1885 uero
877 1818 1031 1902 igne
1063 1816 1299 1902 alieno,
1355 1816 1463 1883 uel
1496 1817 1776 1884 hostium
1814 1815 2060 1884 insultu
2093 1818 2612 1904 deuastarentur,
2665 1825 2819 1885 tunc
2851 1839 2952 1886 su-

689 1947 807 2013 per
838 1926 1265 2014 reparaeione
1294 1945 1516 1991 eorum
1547 1925 1760 2009 Regni
1783 1924 2201 1992 consuedudo
2233 1923 2407 2014 (igy)
2445 1928 2846 1994 obseruetur.
2879 1925 2954 1992 Si

694 2042 912 2103 autem
963 2035 1260 2105 omnibus
1314 2032 1709 2120 supradictis
1742 2033 1864 2100 rite
1915 2034 2217 2120 peractis,
2270 2033 2603 2122 sepefatus
2634 2036 2954 2118 Magister

692 2145 927 2229 Adam,
962 2146 1068 2211 uel
1100 2146 1239 2210 eius
1273 2143 1545 2211 heredes
1577 2142 1874 2228 legitimi,
1916 2146 2237 2230 completo
2271 2150 2561 2230 tempore
2590 2143 2950 2232 sepenomi-

687 2261 844 2319 nate
896 2251 1272 2334 locacionis‚
1307 2250 1542 2335 viginti
1591 2270 1909 2317 annorum
1960 2249 2287 2335 videlieet,
2343 2250 2789 2338 supradictam
2842 2250 2949 2318 do·

683 2379 861 2426 mum
895 2379 1041 2425 cum
1095 2358 1414 2424 edificatis
1447 2358 1515 2423 in
1547 2356 1696 2444 ipsa
1747 2357 1831 2423 de
1861 2378 2034 2425 nouo
2066 2357 2499 2426 reconducere
2545 2378 2588 2424 a
2616 2360 2806 2426 nobis
2839 2379 2951 2426 uo·

680 2468 960 2554 luerint;
1011 2468 1184 2535 bona
1234 2465 1363 2533 fide
1413 2466 1853 2551 promittimus
1901 2464 2116 2533 eidem
2146 2467 2464 2553 Magistro
2498 2469 2661 2553 Ade,
2712 2489 2830 2535 suo
2882 2473 2949 2533 et

681 2573 994 2643 heredum
1047 2593 1326 2642 suorum·
1360 2572 1623 2642 nomine
1676 2574 2040 2661 stipulanti,
2094 2575 2267 2659 quod
2307 2597 2425 2663 pro
2475 2595 2556 2643 ea
2610 2575 2947 2664 pensione,

684 2706 881 2770 quam
933 2691 1087 2752 tunc
1119 2684 1358 2767 aliquis
1410 2682 1581 2749 alius
1614 2682 1968 2750 conductor
2006 2683 2287 2771 offerret,
2340 2704 2468 2752 non
2502 2685 2568 2750 in
2618 2684 2943 2770 fraudem,

682 2792 847 2879 ipsis
900 2792 1133 2858 eadem
1181 2790 1621 2872 relinquemus
1678 2798 1743 2857 et
1792 2791 2171 2878 locabimus,
2238 2793 2515 2879 quilibet
2565 2791 2737 2880 (igy)
2789 2793 2943 2861 aliis

682 2900 1182 2970 conductoribus
1214 2919 1327 2967 eos
1359 2905 1671 2984 quantum
1696 2900 1784 2967 ad
1813 2900 1936 2968 hoc
1968 2902 2410 2989 preponendo.
2450 2904 2534 2969 Et
2563 2902 2622 2969 si
2654 2902 2799 2990 ipse
2832 2903 2939 2971 uel

681 3012 820 3079 eius
853 3007 1128 3078 heredes
1178 3016 1331 3077 tunc
1360 3009 1612 3077 nollent
1647 3009 1891 3077 dictam
1924 3009 2186 3076 domum
2234 3008 2689 3098 reconducere‚
2739 3019 2937 3099 prout

678 3122 810 3188 iam
863 3119 1104 3186 dictum
1137 3125 1276 3205 est;
1330 3116 1529 3184 liceat
1559 3118 1751 3185 nobis
1805 3116 1991 3182 alteri
2024 3137 2304 3203 persone
2350 3139 2496 3186 eam
2547 3119 2769 3187 locare
2819 3140 2940 3205 pro

677 3237 898 3296 nostre
928 3228 1115 3296 libito
1145 3227 1523 3295 voluntatis.
1577 3228 1661 3293 Et
1692 3233 1763 3292 ut
1794 3245 2063 3312 presens
2109 3232 2481 3295 contractus
2512 3230 2712 3296 robur
2740 3228 2933 3295 firmi-

677 3337 836 3404 tatis
869 3337 1181 3422 obtineat‚
1236 3342 1575 3422 presentes
1607 3333 1864 3401 litteras
1895 3333 2101 3420 sigilli
2130 3335 2337 3421 nostrj
2386 3333 2686 3402 dedimus
2733 3336 2938 3403 muni·

677 3447 851 3514 mine
870 3444 1234 3530 roboratas,
1269 3450 1335 3510 et
1366 3445 1453 3511 ad
1484 3444 1811 3510 cautelam
1835 3443 2206 3510 consimiles
2239 3463 2384 3511 cum
2406 3443 2695 3513 alfabeto
2731 3466 2936 3532 penes

678 3574 799 3622 nos
833 3552 1232 3621 retinuimus.
1266 3551 1497 3618 Actum
1531 3551 1844 3636 Strigonij
1887 3550 1955 3617 in
1989 3550 2271 3637 ecclesia
2308 3551 2531 3618 Sancti
2565 3551 2931 3639 Adalberti‚

676 3683 847 3731 anno
885 3662 1220 3729 Dominice
1250 3659 1739 3729 Incarnacionis
1777 3658 2125 3728 millesimo
2176 3660 2624 3728 ducentesimo
2657 3662 2935 3745 quadra-

675 3773 924 3856 gesimo
974 3769 1280 3855 secundo,
1334 3788 1554 3836 mense
1603 3766 1929 3854 Octobris,
1985 3766 2050 3832 in
2100 3767 2270 3834 festo
2325 3768 2547 3836 Sancti
2587 3768 2930 3837 Michaelis

673 3880 1090 3966 Archangeli.

1300 3987 1359 4053 A
1539 3988 1593 4053 B
1778 3987 1829 4052 O
2008 3987 2069 4051 D
2248 3987 2304 4053 E

884 4185 985 4255 (Aa
1009 4188 1211 4241 eredeti
1236 4183 1372 4241 utan
1397 4188 1588 4239 Knauz
1612 4183 1852 4250 Nandor,
1876 4187 2108 4252 Magyar
2132 4184 2264 4238 Sion
2290 4185 2362 4235 11.
2389 4184 2502 4238 hot.
2530 4186 2652 4237 621.
2681 4183 2740 4253 1.)
