3359 5250
1327 383 1556 486 νὑμεῖς)

355 584 550 652 huius
579 583 677 651 rei
706 584 910 652 series
959 584 1158 653 robur
1187 591 1501 673 perpetue
1531 585 1861 654 firmitatis
1904 583 2216 672 optineat,
2273 585 2613 670 presentes

359 692 572 761 eidem
602 692 1271 779 MagistroMauricio
1319 694 1573 762 litteras
1612 701 1870 762 nostras
1918 691 2358 761 concessimus
2408 691 2613 778 sigilli

360 801 566 871 nostri
596 801 952 870 munimine
982 801 1350 871 roboratas.
1401 802 1645 871 Datum
1677 802 1745 869 in
1775 803 2002 877 ‚Aurea
2034 798 2232 868 Curia
2263 820 2432 868 anno
2475 801 2611 868 Do·

357 910 522 978 mini
551 908 896 980 millesimo
929 910 1371 980 ducentesimo
1410 910 1954 998 quinquagesimo
1994 907 2291 995 septimo.

361 1074 639 1141 (Eredetie
660 1071 1010 1145 b6rhartyain‚
1029 1076 1283 1144 melynek
1306 1075 1517 1141 egykor
1537 1074 1710 1143 fiiggo'
1728 1075 1967 1144 pecsetje
1985 1074 2261 1135 elveszett,
2281 1090 2316 1127 a
2333 1074 2492 1126 budai
2514 1073 2617 1124 kir.

1175 1166 1423 1219 kamarai
1448 1163 1830 1235 levhltarban.)

1213 1445 1370 1453 —--
1405 1446 1416 1451 -
1433 1445 1552 1450 -.-.<.„...
1609 1447 1636 1451 .-
1659 1445 1765 1454 Ἤ..

1420 1832 1573 1902 331.

360 2018 425 2083 A
457 2018 788 2102 fehe'rva'ri
831 2018 1259 2103 kdptalannff
1303 2017 1825 2103 balzonysdqlaevele
1841 2066 1862 2098 ,
1922 2018 2081 2103 koqy
2132 2017 2368 2081 Princh
2424 2038 2616 2081 comes

359 2128 608 2194 Re'nold
637 2128 943 2193 comesnek
954 2127 1080 2210 fia,
1129 2133 1192 2191 e's
1221 2126 1386 2192 Ivdn
1416 2126 1666 2193 bannale
1708 2126 1971 2191 rokonai
2000 2149 2041 2190 α
2069 2149 2152 2192 ez.
2186 2125 2433 2212 Marqit
2460 2131 2618 2189 nevil

357 2238 556 2304 birtok
584 2239 648 2303 έε
677 2260 718 2302 a
746 2237 993 2302 kanisai
1020 2238 1429 2326 erdohatdrai
1455 2236 1663 2301 1εόνῦἱί
1695 2233 2295 2322 eqyenetlensdyeiket
2323 2235 2613 2300 bar-‹imi-

1093 2369 1292 2433 9osan
1320 2344 1643 2411 elinte'ztek.
1684 2340 1881 2409 1257.

580 2542 948 2632 Capitulum
995 2543 1291 2610 Ecclesie
1337 2542 1649 2611 Albensis
1700 2541 1998 2609 omnibus
2029 2540 2273 2608 Christi
2319 2538 2620 2608 fidelibus

364 2652 778 2742 presentibus
824 2651 1076 2740 pariter
1124 2661 1192 2720 et
1236 2651 1470 2720 futuris
1531 2661 1870 2740 presentes
1917 2652 2174 2719 litteras
2232 2649 2623 2737 inspecturis

362 2762 645 2830 salutem
672 2761 739 2828 in
769 2758 1072 2828 Domino.
1123 2757 1232 2826 Ad
1262 2759 1707 2828 vniuersorum
1754 2757 2064 2829 noticiam
2095 2765 2322 2826 tenore
2360 2777 2618 2843 presen-

361 2871 538 2940 cium
584 2869 881 2938 uolumus
905 2867 1270 2957 peruenire
1288 2919 1308 2953 ,
1354 2867 1528 2952 quod
1577 2867 1967 2936 accedentes
2015 2866 2104 2934 ad
2149 2875 2438 2937 nostram
2476 2887 2616 2954 pre·

363 2976 657 3048 sanciam
702 2976 939 3044 Princh
988 2974 1220 3046 Comes
1250 2975 1423 3045 filius
1474 2975 1745 3045 Comitis
1774 2974 2053 3045 Renoldi
2105 2993 2190 3042 ex
2224 2996 2356 3043 vna
2407 2981 2619 3062 parte,

363 3094 432 3157 et
477 3106 564 3154 ex
609 3086 820 3153 altera
865 3083 1137 3171 Egidius
1154 3135 1174 3169 ,
1223 3085 1594 3171 Tybnrcius
1642 3093 1708 3154 et
1757 3088 1993 3153 Petrus
2041 3084 2160 3170 filij
2211 3082 2432 3172 Egidij
2484 3083 2620 3150 fra·

362 3196 486 3264 tris
531 3193 706 3262 Juan
735 3192 925 3280 Bani,
973 3211 1097 3260 nee
1142 3212 1275 3262 non
1321 3194 1492 3260 alter
1519 3191 1795 3279 Egidius
1846 3199 1912 3260 et
1939 3192 2180 3260 Fulcus
2226 3192 2342 3278 filij
2374 3191 2619 3260 Fulcus

364 3302 586 3374 stati-is
616 3300 907 3372 eiusdem
924 3299 1102 3370 Juan
1119 3300 1306 3387 Bani,
1341 3308 1842 3389 proposuerunt,
1874 3300 2050 3386 quod
2069 3320 2217 3368 oum
2247 3319 2443 3388 super
2470 3321 2622 3389 pos-⁸

363 3413 769 3485 sessionibus
816 3410 1109 3499 ipsorum
1157 3431 1197 3478 e
1242 3409 1484 3480 uicinio
1537 3409 2014 3496 adiacentibus,
2061 3409 2372 3478 videlicet
2427 3430 2623 3497 super

364 3531 540 3593 terra
569 3521 811 3590 Sancte
837 3516 1258 3606 Margaretbe
1287 3519 1530 3587 Princh
1559 3519 1797 3587 Comiti
1827 3520 1971 3588 iure
2000 3519 2399 3588 hereditario
2428 3521 2621 3608 perti-

364 3639 587 3721 nente,
635 3637 704 3699 et
728 3650 927 3718 super
971 3628 1144 3697 silua
1192 3629 1459 3697 Kenesa
1511 3629 1930 3716 possessione
1978 3629 2255 3698 filiorum
2285 3629 2507 3716 Egidij
2557 3638 2622 3699 et

367 3742 613 3812 Fulcus
660 3737 977 3808 nobilium
1016 3738 1448 3827 predictorum
1493 3740 1901 3828 temporibus
1946 3747 2291 3828 parentum
2336 3761 2620 3826 suorum,

366 3870 490 3920 neo
521 3869 656 3917 non
683 3847 1054 3932 eorundem,
1085 3847 1530 3915 controuersia
1553 3853 1618 3915 et
1647 3849 2101 3917 contenciones
2121 3847 2396 3935 plurime
2428 3867 2625 3935 super

368 3959 563 4031 metis
592 3964 661 4028 et
712 3956 1006 4025 terminis
1040 3956 1329 4044 ipsarum
1360 3957 1856 4043 possessionum
1886 3957 2164 4025 fuissent
2193 3964 2437 4042 exorte,
2485 3963 2625 4024 tan-

370 4070 519 4138 dem
552 4065 886 4135 mediante
916 4064 1250 4133 sentencia
1277 4064 1593 4133 nobilium
1616 4065 2043 4152 plurimorum
2074 4084 2117 4130 a
2147 4063 2443 4150 partibus
2474 4063 2626 4131 hino

368 4176 527 4246 inde
575 4177 929 4244 electorum
964 4174 1035 4241 in
1083 4175 1283 4241 talem
1331 4172 1811 4260 conposicionis
1861 4172 2137 4240 formam
2186 4170 2624 4258 deuenissent,

370 4284 550 4373 quod
579 4293 756 4354 terra
785 4284 993 4351 Beate
1021 4280 1441 4367 Margarethe
1488 4281 1870 4368 supradicta
1898 4280 2134 4348 Princh
2167 4278 2403 4348 Comiti
2434 4282 2624 4368 perti-

374 4415 563 4481 nens,
594 4392 665 4461 in
694 4412 828 4478 qua
856 4388 1200 4460 ecclesiam
1229 4389 1297 4458 in
1329 4390 1573 4458 honore
1604 4390 1811 4457 Beate
1840 4388 2256 4474 Margaretbe
2289 4388 2624 4458 fundatam

375 4506 586 4574 eciam
617 4501 944 4586 dicebant,
976 4505 1154 4568 esset
1180 4497 1491 4567 adiacens
1522 4517 1640 4586 per
1671 4497 2143 4586 longitudinem
2174 4499 2361 4564 iuxta
2390 4496 2626 4566 siluam

381 4613 706 4685 nobilium
730 4612 1167 4699 predictorum
1194 4611 1454 4678 nomine
1489 4611 1775 4695 Kenesa,
1826 4615 1893 4677 et
1923 4630 1966 4677 a
1994 4615 2183 4696 parte
2219 4606 2624 4696 septemtrio-

373 4722 514 4794 nali
535 4720 1002 4806 adiungeretur
1015 4725 1187 4786 terre
1206 4716 1821 4806 Bele‚Kysembu1-d
1851 4724 1919 4783 et
1934 4715 2318 4785 Wolkoslon
2347 4713 2626 4784 filiorum
