3359 5250
1789 354 1921 422 280

1781 913 1939 983 198.

720 1101 989 1188 Spalato
1039 1105 1223 1166 υάνοε
1272 1098 1560 1165 ὒίνάίπαῖο
1607 1099 1891 1183 bizonyoo
1938 1095 2378 1160 malomvdmot
2426 1097 2727 1184 tdrqyazd
2778 1096 2991 1161 ite‘lete.

1758 1200 1955 1266 1248.

864 1404 1052 1469 Anno
1072 1398 1550 1468 Incarnationis
1560 1397 1822 1465 Domini
1842 1398 2048 1465 nostri
2069 1399 2112 1466 J
2115 1416 2230 1464 esu
2251 1398 2492 1465 Christi
2509 1394 2988 1467 MOGXLVIII.

723 1529 950 1577 mense
998 1509 1346 1576 Decembri
1396 1508 1504 1574 die
1531 1507 1752 1574 XXII.
1802 1505 2089 1572 intrante
2126 1506 2485 1573 Indictione
2516 1508 2693 1592 V11.;
2746 1509 2987 1594 praesi-

720 1617 915 1685 dente
946 1616 1206 1684 domino
1256 1617 1511 1684 Joanne
1543 1611 1927 1700 spalatensi
1958 1611 2385 1696 Archielect0‚
2438 1621 2729 1700 tempore
2762 1615 2984 1683 Desae

726 1723 1087 1806 Michaelis,
1140 1722 1420 1791 Joannis
1463 1720 1704 1788 Vitalis
1755 1725 1820 1786 et
1866 1718 2069 1786 Dobri
2119 1718 2395 1787 Brasieh
2444 1719 2487 1786 J
2491 1719 2770 1789 udicum.
2823 1722 2986 1789 Cum

723 1852 845 1899 nos
877 1828 1201 1918 siquidem
1234 1828 1594 1915 supradicti
1624 1826 1892 1896 Judices
1922 1847 2004 1894 ex
2035 1827 2281 1913 injucto
2313 1827 2526 1896 officio
2579 1830 2983 1914 sederemus,

725 1941 793 2006 in
828 1939 1006 2006 curia
1059 1937 1353 2025 generali
1375 1937 1489 2022 jus
1538 1955 1728 2003 suum
1778 1935 2009 2020 cuique
2040 1935 2402 2018 tribuendo,
2451 1937 2986 2022 supervenientes

722 2049 903 2114 Desa
951 2045 1148 2114 Corbi
1199 2043 1586 2127 canonicus,
1640 2047 1706 2110 et
1753 2044 1934 2109 Desa
1981 2042 2188 2127 Ivani,
2229 2043 2693 2111 Procuratores
2745 2043 2987 2113 Curiae

723 2153 1344 2240 Archiepiscopalis,
1379 2151 1715 2235 conquesti
1748 2158 1899 2217 sunt
1929 2171 2150 2219 coram
2182 2152 2371 2218 nobis
2404 2151 2487 2219 de
2535 2153 2578 2220 J
2581 2172 2790 2221 oanne
2822 2154 2985 2220 Dui-

723 2263 833 2350 mi,
884 2262 994 2348 qui
1028 2261 1154 2328 sibi
1184 2261 1343 2327 dare
1374 2259 1746 2344 denegabat
1776 2259 1858 2326 de
1890 2259 2173 2345 quodam
2222 2259 2595 2329 molendino
2646 2283 2764 2331 suo
2785 2262 2981 2349 justi-

723 2370 884 2435 tiam
939 2367 1226 2434 debitam
1275 2368 1497 2434 Sancti
1546 2366 1831 2452 Domnii,
1884 2365 2051 2433 sicut
2101 2373 2165 2433 et
2197 2367 2331 2434 alia
2375 2368 2751 2435 molendina
2798 2371 2983 2437 Salo·

725 2495 851 2542 nae
884 2475 1244 2543 solvebant.
1299 2476 1425 2555 Qui
1465 2494 1610 2540 cum
1657 2493 1779 2561 per
1814 2475 2207 2543 contrarium
2257 2476 2683 2564 responderet
2729 2476 2982 2563 dicens,

721 2581 887 2650 nihil
917 2581 1043 2650 sibi
1075 2583 1235 2650 dare
1266 2582 1523 2670 debere,
1577 2589 1643 2649 et
1674 2581 1839 2650 nihil
1888 2581 2139 2669 aliquid
2174 2590 2418 2652 certum
2450 2584 2859 2670 ostenderet3
2916 2592 2985 2654 et

727 2689 886 2758 dicti
914 2693 1380 2760 Procuratores
1412 2691 1481 2757 in
1514 2691 1873 2759 continenti
1894 2693 2317 2759 ostenderunt
2347 2694 2694 2778 quamdam
2726 2701 2982 2762 senten-

721 2799 884 2865 tiam
916 2796 1340 2884 definitivam,
1394 2799 1596 2865 latam
1628 2818 1748 2884 per
1779 2789 2063 2867 Judices'
2097 2800 2404 2867 Duimum
2436 2799 2687 2868 Fiorini
2724 2808 2982 2889 patrem

722 2906 933 2990 ipsius
966 2905 1265 2990 Joannis,
1317 2913 1384 2974 et
1420 2905 1701 2973 Micham
1757 2907 1964 2974 Madii
1996 2907 2218 2994 Soppe
2249 2927 2446 2995 super
2495 2910 2703 2995 ipsius
2735 2911 2981 2978 molen·

724 3010 860 3082 dini
891 3010 1133 3097 placito
1167 3012 1321 3079 olim
1354 3012 1551 3078 etiam
1583 3012 2087 3099 promulgatum.
2124 3012 2271 3092 Qua
2290 3015 2597 3100 perlecta,
2632 3025 2696 3082 et
2725 3036 2768 3082 a
2787 3017 2982 3085 nobis

722 3118 918 3204 plane
948 3117 1281 3186 intellecta
1311 3119 1719 3187 concorditer
1755 3140 1898 3187 cum
1931 3122 2254 3188 communi
2286 3122 2560 3191 consilio
2588 3126 2980 3211 approbavi-

724 3245 886 3311 mus,
929 3233 996 3294 et
1045 3225 1276 3293 eadem
1329 3226 1853 3294 confirmavimus
1904 3230 2392 3316 sententiando;
2446 3238 2513 3297 et
2559 3230 2686 3317 ipsi
2735 3232 2979 3300 Joanni

722 3336 1201 3420 praecepimus,
1248 3353 1331 3399 ne
1364 3334 1447 3401 de
1478 3341 1695 3403 cetero
1731 3334 1972 3401 similia
2002 3343 2444 3422 praesumeret
2479 3344 2822 3410 attentare.
2853 3340 2975 3408 Te·

721 3447 856 3509 stes
890 3447 1040 3509 sunt
1069 3442 1360 3510 Joannes
1385 3440 1740 3508 Buccasius
1773 3448 1839 3508 et
1869 3443 1912 3509 J
1915 3461 2159 3512 oannes
2192 3442 2437 3512 Gindri.

1184 3638 1435 3706 (Farlati,
1461 3641 1743 3709 Illyricum
1768 3641 1994 3698 Sacrum
2019 3643 2113 3695 IV.
2139 3644 2254 3695 ΒΜ.
2293 3645 2419 3699 273.
2443 3645 2503 3713 1.)
