3359 5250
1798 353 1932 423 410

1809 932 1965 1005 291.

755 1129 817 1195 A
850 1130 1356 1216 sze'lcessehe'rvdri
1384 1131 1809 1220 kdptalannak
1840 1133 2380 1219 bizonysdqlevele,
2427 1136 2590 1221 hoqy
2624 1134 3000 1200 Konstantia

904 1238 1183 1304 kanonok
1215 1239 1443 1305 Multae?
1470 1240 1735 1307 birtokdt
1762 1241 2020 1307 Aladdr
2050 1241 2357 1307 comesnelc
2385 1243 2609 1309 eladta.
2644 1241 2837 1309 1255.

969 1437 1340 1524 Capitulum
1372 1439 1668 1507 Eeclesie
1699 1416 2006 1508 Albensis
2057 1439 2357 1508 omnibus
2407 1438 2643 1509 Christi
2694 1439 2996 1511 fidelibus

757 1551 1094 1633 presentes
1126 1544 1374 1614 litteras
1406 1547 1795 1633 inspecturis
1825 1547 2104 1614 salutem
2134 1547 2199 1613 in
2222 1548 2522 1617 Domino.
2565 1548 3001 1618 Uniuersitati

758 1660 974 1723 uestre
1003 1662 1227 1724 tenore
1258 1655 1664 1743 presencium
1694 1656 1991 1725 uolumus
2020 1655 2161 1724 fieri
2195 1656 2632 1744 manifestum,
2665 1659 2841 1743 quod
2862 1660 3000 1728 Ma·

762 1763 966 1850 gistro
985 1762 1411 1833 Constantino
1449 1764 1795 1832 karissimo
1816 1761 2270 1834 Concanonieo
2290 1773 2511 1835 nostro
2532 1787 2616 1834 ex
2633 1787 2767 1834 una
2784 1772 3000 1855 parte,

758 1877 824 1939 et
853 1871 1168 1941 Aladario
1199 1870 1448 1940 Gemite
1498 1873 1633 1942 filio
1666 1871 1940 1941 Comitis
1971 1870 2173 1941 Chete
2218 1892 2301 1941 ex
2332 1874 2487 1959 alia,
2540 1894 2760 1943 eoram
2808 1873 3004 1943 nobis

758 1980 1190 2066 personaliter
1220 1981 1607 2067 constitutis,
1641 1979 1972 2067 predictus
2004 1981 2318 2066 Magister
2358 1979 2825 2052 Constantinus
2856 2003 3003 2051 con·

758 2089 972 2157 fessus
1022 2096 1122 2158 est
1157 2091 1313 2157 viua
1360 2110 1538 2175 uoce,
1592 2087 1768 2175 quod
1802 2096 2010 2158 totam
2057 2097 2296 2157 terram
2344 2109 2529 2159 suam
2578 2096 2863 2178 emptam
2914 2090 3003 2158 ab

761 2197 1025 2285 Ypolito
1074 2205 1141 2265 et
1160 2198 1375 2285 ‚Paulo
1423 2198 1557 2265 filio
1606 2197 1852 2284 Turka,
1906 2199 2204 2284 cognatis
2254 2197 2526 2267 Comitis
2569 2198 2772 2267 Chete
2819 2206 2998 2268 ante·

760 2305 934 2389 dieti,
982 2314 1048 2375 et
1083 2306 1167 2373 ab
1199 2307 1350 2375 aliis
1403 2307 1914 2394 quibuscunque,
1945 2326 2143 2392 quam
2174 2307 2462 2376 habebat
2488 2307 2558 2375 in
2590 2306 2751 2375 villa
2780 2309 3002 2393 Nuba,

760 2435 906 2483 eum
956 2414 1257 2483 omnibus
1308 2416 1731 2501 pertinencijs
1779 2415 1917 2483 suis
1937 2466 1956 2500 ‚
2017 2414 2326 2482 videlieet
2373 2414 2689 2503 domibus,
2740 2415 3000 2503 fenetis,

763 2522 1134 2592 molendino
1185 2531 1250 2591 et
1296 2523 1449 2610 aliis
1488 2522 1904 2607 vtilitatibus,
1957 2528 2176 2609 preter
2222 2542 2449 2590 seruos
2499 2527 2565 2591 et
2612 2524 2888 2592 ancillas
2938 2532 3006 2593 et

759 2634 895 2703 alia
925 2634 1213 2722 mobilia,
1248 2633 1652 2703 uendidisset
1675 2631 1995 2702 Aladario
2018 2631 2253 2701 Comiti
2286 2633 2663 2720 supradicto
2692 2654 2811 2721 pro
2843 2654 3002 2720 qua-

758 2741 1064 2830 draginta
1094 2750 1372 2828 quatuor
1402 2744 1641 2811 marcis
1671 2741 1953 2829 argenti,
1985 2741 2126 2809 iure
2155 2747 2468 2827 perpetuo
2496 2742 3002 2829 possidendam3

760 2858 827 2919 et
854 2852 1065 2939 ipsam
1098 2871 1417 2919 summam
1449 2850 1723 2940 pecunie
1770 2849 1947 2918 idem
1978 2849 2292 2935 magister
2322 2847 2781 2919 Constantinus
2808 2852 3007 2938 plene

759 2969 826 3029 et
855 2960 1263 3047 integraliter
1311 2980 1384 3029 se
1415 2960 1743 3047 recepisse
1773 2959 1861 3026 ab
1892 2957 2122 3027 eodem
2151 2956 2500 3026 affirmauit
2533 2978 2752 3028 coram
2790 2959 3002 3046 nobis,

759 3077 824 3138 et
852 3069 1136 3138 restituit
1155 3069 1376 3140 omnia
1405 3069 1773 3158 priuilegia,
1796 3086 1923 3153 que
1942 3067 2229 3135 habebat
2238 3084 2439 3154 super
2458 3064 2635 3135 dicta
2653 3075 2833 3134 terra
2852 3087 3001 3137 con-

761 3183 952 3265 fecta,
1006 3181 1125 3248 tali
1157 3179 1540 3249 condicione
1586 3178 1993 3265 interposita,
2046 3176 2219 3263 quod
2267 3176 2323 3245 si
2361 3175 2583 3261 alique
2630 3176 2846 3244 littere
2894 3178 3005 3245 uel

762 3290 1108 3377 priuilegia
1157 3288 1510 3356 casualiter
1555 3287 1768 3356 forent
1799 3292 2155 3371 reseruata,
2206 3284 2268 3352 si
2300 3303 2585 3370 unquam
2624 3284 3009 3353 exhiberen-

766 3407 886 3482 tur,
921 3397 1094 3465 uires
1115 3397 1370 3481 aliquas
1400 3414 1527 3463 non
1548 3394 1885 3462 baberent.
1919 3395 2010 3463 Ut
2027 3393 2228 3479 igitur
2245 3391 2438 3460 huius
2469 3392 2564 3460 rei
2584 3392 2787 3461 series
2807 3392 3006 3462 robur

768 3514 1079 3597 perpetue
1109 3504 1429 3575 firmitatis
1462 3504 1776 3593 optineat,
1808 3523 1929 3571 nec
1958 3503 2165 3592 possit
2196 3504 2263 3570 in
2293 3509 2623 3590 posterum
2661 3503 2747 3568 ab
2780 3502 3007 3588 aliquo

765 3617 1129 3701 retraetari,
1163 3616 1249 3683 ad
1279 3613 1666 3703 peticionem
1702 3613 2037 3699 utriusque
2068 3612 2274 3700 partis
2306 3618 2642 3698 presentes
2680 3612 3003 3680 concessi·

766 3746 911 3794 mus
943 3725 1191 3793 litteras
1243 3722 1445 3808 sigilli
1474 3721 1679 3791 nostri
1732 3721 2081 3789 munimine
2130 3722 2492 3789 roboratas.
2543 3722 2785 3788 Datum
2834 3741 3008 3790 anno

763 3835 1026 3904 Domini
1058 3836 1149 3902 Μ’
1168 3832 1301 3900 CC⁰
1320 3833 1399 3900 L⁰
1419 3833 1669 3918 quinto,
1704 3837 1891 3900 sexto
1922 3829 2246 3898 kalendas
2265 3830 2464 3916 Junij,
2494 3830 2809 3915 Magistro
2828 3828 3009 3897 Sma-

764 3946 972 4031 ragdo
1005 3945 1298 4013 Ecclesie
1327 3951 1547 4011 nostre
1577 3942 1800 4010 Electo
1832 3941 1983 4009 aule
2012 3940 2218 4028 Regie
2246 3939 2861 4024 Vice-Cancellario,
2898 3939 3011 4007 Ja-

765 4055 927 4124 cobo
961 4053 1257 4141 Cantore,
1293 4051 1542 4121 Mathia
1574 4050 1877 4135 Custode,
1910 4050 2129 4117 Micba
2160 4051 2426 4118 Decano
2462 4048 2912 4118 existentibus.

836 4251 1114 4323 (Eredetie
1138 4248 1488 4318 bethan-tysim
1515 4250 1772 4318 melynek
1797 4246 2041 4317 pecsetje
2065 4245 2415 4316 vo’rBs-sarga
2432 4248 2681 4302 asinorou
2707 4249 2879 4318 fiigg3
2907 4267 2943 4302 a

1179 4341 1381 4395 fomelt.
1404 4343 1633 4410 herezeg
1657 4337 1955 4406 Batthyani
1979 4337 2162 4391 csalffl
2186 4336 2598 4407 levaldi-aban.)
