3359 5250
1447 301 1573 367 197

374 497 554 565 Petri
590 496 948 583 Budeusis;
1003 518 1044 564 a
1075 505 1262 584 parte
1308 518 1464 566 uero
1514 498 1905 569 occidentali
1956 509 2057 569 est
2105 503 2419 589 contigua
2464 510 2634 573 terre

366 607 755 695 populorum
807 606 892 673 de
928 605 1090 673 uilla
1120 607 1440 692 Beseneu‚
1491 613 1558 674 et
1589 608 1655 675 in
1692 607 1926 677 eadem
1959 616 2134 677 terra
2165 611 2422 681 Pardeu
2456 612 2632 679 dedi·

371 734 514 782 mus
547 714 675 782 duo
709 713 1086 782 molendina
1117 714 1294 783 circa
1325 714 1592 783 fluuium
1635 716 1883 784 Bakus.
1935 713 2099 785 Item
2131 725 2264 786 tres
2303 737 2531 788 seruos
2564 723 2629 788 in

368 823 605 890 eadem
636 830 812 891 terra
842 823 1099 890 Pardeu
1132 823 1509 909 residentes,
1546 822 1852 903 videlicet
1881 825 2161 908 Simoun,
2201 833 2264 893 et
2296 827 2629 896 Mortunus

367 930 577 997 filium
609 931 769 1016 eius,
804 951 883 996 ac
903 931 1273 1016 Sjmeonem
1306 931 1569 997 fratrem
1591 932 1753 998 eius.
1788 931 1949 998 Item
1980 933 2048 999 in
2068 934 2226 1001 uilla
2253 973 2328 982 —
2358 972 2443 982 —-
2464 953 2629 1003 eneu

366 1037 535 1107 duas
569 1040 944 1108 mansiones
998 1038 1426 1106 castrensium
1461 1040 1542 1105 de
1580 1041 1957 1127 Zulgageur
2006 1042 2128 1107 sub
2161 1041 2391 1109 eadem
2440 1041 2627 1108 liber-

362 1153 523 1231 tate,
592 1148 759 1215 sicut
810 1148 894 1213 ad
949 1148 1248 1215 Castrum
1299 1148 1733 1233 pertinebant.
1798 1146 2080 1214 Nomina
2132 1167 2286 1215 uero
2336 1150 2623 1239 ipsorum

360 1255 751 1322 rusticorum
787 1263 938 1323 sunt
958 1256 1038 1321 H.
1074 1255 1229 1323 item
1265 1262 1329 1320 et
1346 1253 1655 1338 Endarej.
1693 1252 2097 1321 Contulimus
2131 1256 2338 1322 eciam
2361 1255 2622 1323 vineam

300 1413 305 1416 .
362 1363 628 1447 Nicolaj
662 1362 1067 1446 maccellarij
1116 1361 1283 1428 ciuis
1316 1362 1636 1429 Budensis
1689 1382 1896 1444 suam,
1952 1364 2118 1430 inter
2155 1364 2417 1433 vineam
2448 1364 2621 1430 Petri

354 1471 476 1556 filij
513 1469 846 1538 Guthman
901 1491 982 1537 ex
1020 1477 1204 1554 parte
1255 1490 1404 1551 una,
1459 1478 1522 1536 et
1560 1469 1860 1552 Magistri
1909 1471 2169 1557 Nicolaj
2222 1473 2621 1541 succentoris

354 1579 705 1660 Budensis,
741 1587 808 1646 et
840 1578 1054 1664 Egydi
1089 1598 1169 1644 ex
1203 1580 1432 1664 altera,
1490 1577 1777 1645 defuncti
1811 1579 1953 1646 sine
1986 1580 2330 1647 heredibus
2363 1579 2452 1648 ad
2485 1600 2616 1647 ma-

354 1707 481 1753 nus
510 1686 758 1770 Regias
792 1685 1170 1756 deuolutam
1204 1687 1556 1754 secundum
1591 1687 1800 1771 Regni
1853 1690 2055 1754 nostri
2088 1689 2617 1758 consuetudinem

354 1795 813 1881 approbatam,
868 1795 1396 1863 inreuocabiliter
1430 1804 1495 1861 et
1544 1795 1980 1881 perhemniter
2027 1793 2478 1883 posidendam.
2533 1799 2619 1865 Vt

352 1907 576 1966 autem
610 1903 935 1986 premissa
990 1902 1263 1970 donacio
1305 1902 1445 1969 siue
1501 1902 1779 1970 tradicio
1816 1910 2042 1971 nostra
2083 1902 2276 1970 robur
2325 1905 2615 1972 obtineat

349 2016 673 2093 perpetue
706 2007 1043 2090 firmitatis,
1100 2017 1439 2095 prenotato
1473 2011 1866 2077 Monasterio
1899 2009 2124 2076 Sancti
2155 2011 2513 2092 Michaelis,
2548 2016 2613 2077 et

348 2115 672 2181 fratribus
706 2115 943 2182 ibidem
972 2119 1113 2184 Deo
1146 2117 1615 2183 famulantibus
1648 2116 1905 2184 litteras
1946 2125 2282 2202 presentes
2315 2119 2383 2184 in
2416 2117 2611 2184 stabi·

347 2222 608 2290 litatem
650 2231 1027 2309 perpetuam
1063 2225 1499 2292 concessimus
1552 2224 1877 2311 dupplicis
1929 2225 2130 2309 sigilli
2162 2227 2369 2293 nostri
2409 2225 2611 2292 muni·

346 2331 525 2399 mine
561 2335 920 2400 roboratas.
975 2334 1217 2400 Datum
1253 2354 1425 2401 anno
1457 2333 1946 2401 incarnacionis
1988 2334 2330 2400 Dominice
2364 2335 2453 2400 Μο
2475 2331 2606 2399 000

342 2439 865 2523 quadragesimo
887 2439 1132 2525 quinto,
1155 2449 1388 2511 octauo
1409 2440 1734 2508 kalendas
1744 2441 2146 2526 Decembris,
2159 2442 2368 2524 Regni
2391 2449 2607 2509 antem

341 2548 553 2615 nostri
586 2568 757 2615 auno
794 2547 1150 2617 vndecium.

338 2745 414 2814 (A
442 2748 795 2800 kercsztesek
823 2749 986 2800 budai
1018 2748 1305 2801 felhevvizi
1334 2747 1737 2814 konventjmek
1781 2749 2005 2800 1278·ki
2030 2745 2341 2813 atiratabol,
2383 2765 2416 2800 a
2441 2747 2604 2802 budai

1086 2837 1184 2887 kin
1214 2836 1455 2887 kamarai
1484 2831 1861 2917 leveltarban.)

1397 3576 1548 3644 129.

330 3761 465 3829 IV.
522 3761 702 3827 Iucze
743 3759 1048 3845 pdpa'nalc
1096 3782 1138 3823 a
1188 3758 1507 3842 ‘mongololc
1557 3759 1739 3823 ellani
1788 3756 2306 3841 nyilatkozvdnya
2339 3778 2378 3819 α
2430 3755 2601 3839 lyoni

1063 3867 1320 3953 eyyhdzi
1348 3868 1649 3930 zainoeton.
1685 3863 1879 3927 1245.

554 4064 926 4132 Inocentius
959 4061 1322 4147 Episcopus
1377 4080 1603 4127 seruus
1659 4078 1993 4127 seruorum
2028 4056 2173 4123 Dei.
2230 4054 2597 4122 Christiane

332 4171 682 4258 religionis
717 4171 957 4237 cultum
1012 4170 1273 4255 longius
1306 4169 1632 4253 latiusque
1679 4188 1797 4256 per
1829 4167 2048 4233 orbem
2091 4161 2367 4230 diffundi
2404 4179 2600 4245 super

337 4280 562 4348 omnia
614 4280 974 4366 cupientes,
1025 4278 1498 4346 inextimabilis
1533 4276 1778 4344 doloris
1832 4278 1960 4342 telo
2005 4271 2487 4351 transfudimur‚
2542 4267 2597 4334 si

336 4390 607 4476 quando
630 4389 834 4474 aliqui
858 4388 954 4455 sic
974 4394 1197 4456 nostro
1220 4388 1283 4454 in
1316 4388 1439 4453 hac
1472 4393 1661 4475 parte
1684 4385 1954 4452 obviant
1973 4380 2320 4466 desideri0‚
2358 4376 2599 4445 affectu

341 4499 672 4568 contrario
696 4507 759 4565 et
783 4498 1036 4580 effectu,
1071 4496 1245 4581 quod
1276 4497 1486 4580 ipsum
1518 4496 1760 4562 cultum
1782 4493 2002 4559 delere
2033 4491 2290 4577 penitus
2324 4487 2597 4553 deterre

344 4606 689 4696 superficie
726 4605 903 4697 omni
937 4605 1172 4692 studio,
1208 4609 1472 4691 totaque
1507 4603 1802 4693 potentia
1833 4598 2200 4668 moliuntur.
2243 4598 2415 4662 Sane
2437 4594 2596 4660 Tar-
