<?xml version="1.0" encoding="UTF-8"?>
<!DOCTYPE html PUBLIC "-//W3C//DTD XHTML 1.0 Transitional//EN"
    "http://www.w3.org/TR/xhtml1/DTD/xhtml1-transitional.dtd">
<html xmlns="http://www.w3.org/1999/xhtml" xml:lang="en" lang="en">
 <head>
  <title>
</title>
<meta http-equiv="Content-Type" content="text/html;charset=utf-8" />
  <meta name='ocr-system' content='tesseract 3.04.00' />
  <meta name='ocr-capabilities' content='ocr_page ocr_carea ocr_par ocr_line ocrx_word'/>
</head>
<body>
  <div class='ocr_page' id='page_1' title='image "./codexdiplomatic09unkngoog_0599.png"; bbox 0 0 3359 5250; ppageno 0'>
   <div class='ocr_carea' id='block_1_1' title="bbox 1362 362 1498 435">
    <p class='ocr_par' dir='ltr' id='par_1_1' title="bbox 1362 362 1498 435">
     <span class='ocr_line' id='line_1_1' title="bbox 1362 362 1498 435; baseline 0 0"><span class='ocrx_word' id='word_1_1' title='bbox 1362 362 1498 435; x_wconf 72' lang='lat'><strong>559</strong></span> 
     </span>
    </p>
   </div>
   <div class='ocr_carea' id='block_1_2' title="bbox 1267 455 1576 468">
    <p class='ocr_par' dir='ltr' id='par_1_2' title="bbox 1267 455 1576 468">
     <span class='ocr_line' id='line_1_2' title="bbox 1267 455 1576 468; baseline 0 0"><span class='ocrx_word' id='word_1_2' title='bbox 1267 455 1576 468; x_wconf 95' lang='lat' dir='ltr'><strong> </strong></span> 
     </span>
    </p>
   </div>
   <div class='ocr_carea' id='block_1_3' title="bbox 290 561 2655 4767">
    <p class='ocr_par' dir='ltr' id='par_1_3' title="bbox 290 561 2562 1621">
     <span class='ocr_line' id='line_1_3' title="bbox 290 561 2560 653; baseline 0.001 -21"><span class='ocrx_word' id='word_1_3' title='bbox 290 563 409 650; x_wconf 83' lang='lat' dir='ltr'><strong>qui</strong></span> <span class='ocrx_word' id='word_1_4' title='bbox 437 561 774 633; x_wconf 82' lang='lat' dir='ltr'><strong>venientes</strong></span> <span class='ocrx_word' id='word_1_5' title='bbox 826 582 942 649; x_wconf 91' lang='lat' dir='ltr'><strong>per</strong></span> <span class='ocrx_word' id='word_1_6' title='bbox 968 570 1215 631; x_wconf 89' lang='lat' dir='ltr'><strong>terram</strong></span> <span class='ocrx_word' id='word_1_7' title='bbox 1244 562 1448 631; x_wconf 89' lang='lat' dir='ltr'><strong>Sudal</strong></span> <span class='ocrx_word' id='word_1_8' title='bbox 1500 561 1819 651; x_wconf 77' lang='lat' dir='ltr'><strong>captivati</strong></span> <span class='ocrx_word' id='word_1_9' title='bbox 1850 571 2002 632; x_wconf 90' lang='lat' dir='ltr'><strong>sunt</strong></span> <span class='ocrx_word' id='word_1_10' title='bbox 2032 584 2075 631; x_wconf 88' lang='lat' dir='ltr'><strong>a</strong></span> <span class='ocrx_word' id='word_1_11' title='bbox 2104 564 2290 632; x_wconf 82' lang='lat' dir='ltr'><strong>Duce</strong></span> <span class='ocrx_word' id='word_1_12' title='bbox 2331 565 2560 653; x_wconf 89' lang='lat' dir='ltr'><strong>Sudal,</strong></span> 
     </span>
     <span class='ocr_line' id='line_1_4' title="bbox 293 671 2562 760; baseline 0.001 -20"><span class='ocrx_word' id='word_1_13' title='bbox 293 679 361 740; x_wconf 91' lang='lat' dir='ltr'><strong>et</strong></span> <span class='ocrx_word' id='word_1_14' title='bbox 409 672 661 740; x_wconf 83' lang='lat' dir='ltr'><strong>litteras</strong></span> <span class='ocrx_word' id='word_1_15' title='bbox 710 672 876 758; x_wconf 90' lang='lat' dir='ltr'><strong>Regi</strong></span> <span class='ocrx_word' id='word_1_16' title='bbox 926 671 1167 741; x_wconf 90' lang='lat' dir='ltr'><strong>missas</strong></span> <span class='ocrx_word' id='word_1_17' title='bbox 1201 674 1354 738; x_wconf 85' lang='lat' dir='ltr'><strong>Dux</strong></span> <span class='ocrx_word' id='word_1_18' title='bbox 1404 672 1518 739; x_wconf 87' lang='lat' dir='ltr'><strong>ille</strong></span> <span class='ocrx_word' id='word_1_19' title='bbox 1549 673 1801 760; x_wconf 82' lang='lat' dir='ltr'><strong>recepit</strong></span> <span class='ocrx_word' id='word_1_20' title='bbox 1852 673 1940 740; x_wconf 91' lang='lat' dir='ltr'><strong>ab</strong></span> <span class='ocrx_word' id='word_1_21' title='bbox 1993 672 2129 759; x_wconf 88' lang='lat' dir='ltr'><strong>eis;</strong></span> <span class='ocrx_word' id='word_1_22' title='bbox 2181 681 2248 742; x_wconf 91' lang='lat' dir='ltr'><strong>et</strong></span> <span class='ocrx_word' id='word_1_23' title='bbox 2300 675 2562 760; x_wconf 86' lang='lat' dir='ltr'><strong>legatos</strong></span> 
     </span>
     <span class='ocr_line' id='line_1_5' title="bbox 295 778 2554 866; baseline 0.001 -20"><span class='ocrx_word' id='word_1_24' title='bbox 295 782 479 865; x_wconf 87' lang='lat' dir='ltr'><strong>ipsos</strong></span> <span class='ocrx_word' id='word_1_25' title='bbox 512 799 657 848; x_wconf 87' lang='lat' dir='ltr'><strong>eum</strong></span> <span class='ocrx_word' id='word_1_26' title='bbox 688 779 886 848; x_wconf 85' lang='lat' dir='ltr'><strong>sociis</strong></span> <span class='ocrx_word' id='word_1_27' title='bbox 938 780 1095 846; x_wconf 93' lang='lat' dir='ltr'><strong>mihi</strong></span> <span class='ocrx_word' id='word_1_28' title='bbox 1125 778 1454 866; x_wconf 89' lang='lat' dir='ltr'><strong>deputatis</strong></span> <span class='ocrx_word' id='word_1_29' title='bbox 1489 781 1686 848; x_wconf 89' lang='lat' dir='ltr'><strong>etiam</strong></span> <span class='ocrx_word' id='word_1_30' title='bbox 1717 780 1878 847; x_wconf 80' lang='lat' dir='ltr'><strong>vidi.</strong></span> <span class='ocrx_word' id='word_1_31' title='bbox 1927 780 2265 849; x_wconf 87' lang='lat' dir='ltr'><strong>Predietas</strong></span> <span class='ocrx_word' id='word_1_32' title='bbox 2300 782 2554 850; x_wconf 79' lang='lat' dir='ltr'><strong>litteras</strong></span> 
     </span>
     <span class='ocr_line' id='line_1_6' title="bbox 298 887 2561 975; baseline -0.001 -19"><span class='ocrx_word' id='word_1_33' title='bbox 298 910 341 956; x_wconf 90' lang='lat' dir='ltr'><strong>a</strong></span> <span class='ocrx_word' id='word_1_34' title='bbox 361 889 550 955; x_wconf 86' lang='lat' dir='ltr'><strong>Duee</strong></span> <span class='ocrx_word' id='word_1_35' title='bbox 566 889 768 957; x_wconf 83' lang='lat' dir='ltr'><strong>Sudal</strong></span> <span class='ocrx_word' id='word_1_36' title='bbox 805 889 960 955; x_wconf 91' lang='lat' dir='ltr'><strong>mihi</strong></span> <span class='ocrx_word' id='word_1_37' title='bbox 995 889 1187 956; x_wconf 88' lang='lat' dir='ltr'><strong>datas</strong></span> <span class='ocrx_word' id='word_1_38' title='bbox 1220 887 1307 954; x_wconf 88' lang='lat' dir='ltr'><strong>ad</strong></span> <span class='ocrx_word' id='word_1_39' title='bbox 1327 889 1576 974; x_wconf 81' lang='lat' dir='ltr'><strong>Regem</strong></span> <span class='ocrx_word' id='word_1_40' title='bbox 1595 889 1888 974; x_wconf 90' lang='lat' dir='ltr'><strong>Ungarie</strong></span> <span class='ocrx_word' id='word_1_41' title='bbox 1927 888 2290 975; x_wconf 77' lang='lat' dir='ltr'><strong>deportavi.</strong></span> <span class='ocrx_word' id='word_1_42' title='bbox 2316 888 2561 955; x_wconf 89' lang='lat' dir='ltr'><strong>Littere</strong></span> 
     </span>
     <span class='ocr_line' id='line_1_7' title="bbox 299 996 2556 1084; baseline 0.001 -22"><span class='ocrx_word' id='word_1_43' title='bbox 299 1005 521 1065; x_wconf 86' lang='lat' dir='ltr'><strong>autem</strong></span> <span class='ocrx_word' id='word_1_44' title='bbox 572 997 813 1082; x_wconf 88' lang='lat' dir='ltr'><strong>seripte</strong></span> <span class='ocrx_word' id='word_1_45' title='bbox 865 1005 1016 1064; x_wconf 87' lang='lat' dir='ltr'><strong>sunt</strong></span> <span class='ocrx_word' id='word_1_46' title='bbox 1067 996 1300 1065; x_wconf 88' lang='lat' dir='ltr'><strong>litteris</strong></span> <span class='ocrx_word' id='word_1_47' title='bbox 1353 997 1653 1084; x_wconf 79' lang='lat' dir='ltr'>paganis,</span> <span class='ocrx_word' id='word_1_48' title='bbox 1708 996 1827 1063; x_wconf 89' lang='lat' dir='ltr'><strong>sed</strong></span> <span class='ocrx_word' id='word_1_49' title='bbox 1876 996 2102 1081; x_wconf 89' lang='lat' dir='ltr'><strong>lingua</strong></span> <span class='ocrx_word' id='word_1_50' title='bbox 2148 998 2556 1064; x_wconf 85' lang='lat' dir='ltr'><strong>Thartariea.</strong></span> 
     </span>
     <span class='ocr_line' id='line_1_8' title="bbox 300 1104 2558 1192; baseline -0 -21"><span class='ocrx_word' id='word_1_51' title='bbox 300 1104 493 1171; x_wconf 92' lang='lat' dir='ltr'><strong>Unde</strong></span> <span class='ocrx_word' id='word_1_52' title='bbox 523 1108 664 1172; x_wconf 86' lang='lat' dir='ltr'><strong>Rex</strong></span> <span class='ocrx_word' id='word_1_53' title='bbox 696 1124 833 1191; x_wconf 89' lang='lat' dir='ltr'><strong>eas,</strong></span> <span class='ocrx_word' id='word_1_54' title='bbox 883 1107 991 1191; x_wconf 90' lang='lat' dir='ltr'><strong>qui</strong></span> <span class='ocrx_word' id='word_1_55' title='bbox 1025 1105 1280 1192; x_wconf 81' lang='lat' dir='ltr'><strong>possint</strong></span> <span class='ocrx_word' id='word_1_56' title='bbox 1315 1106 1534 1189; x_wconf 89' lang='lat' dir='ltr'><strong>legere</strong></span> <span class='ocrx_word' id='word_1_57' title='bbox 1565 1106 1803 1174; x_wconf 86' lang='lat' dir='ltr'><strong>multos</strong></span> <span class='ocrx_word' id='word_1_58' title='bbox 1834 1105 2119 1191; x_wconf 79' lang='lat' dir='ltr'><strong>invenit3</strong></span> <span class='ocrx_word' id='word_1_59' title='bbox 2169 1104 2289 1172; x_wconf 91' lang='lat' dir='ltr'><strong>sed</strong></span> <span class='ocrx_word' id='word_1_60' title='bbox 2319 1104 2558 1172; x_wconf 89' lang='lat' dir='ltr'><strong>intelli-</strong></span> 
     </span>
     <span class='ocr_line' id='line_1_9' title="bbox 300 1210 2553 1300; baseline -0.001 -22"><span class='ocrx_word' id='word_1_61' title='bbox 300 1220 531 1297; x_wconf 82' lang='lat' dir='ltr'><strong>gentes</strong></span> <span class='ocrx_word' id='word_1_62' title='bbox 583 1213 800 1279; x_wconf 89' lang='lat' dir='ltr'><strong>nullos</strong></span> <span class='ocrx_word' id='word_1_63' title='bbox 833 1213 1101 1280; x_wconf 87' lang='lat' dir='ltr'><strong>invenit.</strong></span> <span class='ocrx_word' id='word_1_64' title='bbox 1153 1213 1293 1280; x_wconf 86' lang='lat' dir='ltr'><strong>Nos</strong></span> <span class='ocrx_word' id='word_1_65' title='bbox 1327 1219 1548 1280; x_wconf 87' lang='lat' dir='ltr'><strong>autem</strong></span> <span class='ocrx_word' id='word_1_66' title='bbox 1579 1233 1725 1280; x_wconf 89' lang='lat' dir='ltr'><strong>eum</strong></span> <span class='ocrx_word' id='word_1_67' title='bbox 1776 1212 2202 1280; x_wconf 80' lang='lat' dir='ltr'><strong>transiremus</strong></span> <span class='ocrx_word' id='word_1_68' title='bbox 2250 1232 2368 1300; x_wconf 93' lang='lat' dir='ltr'><strong>per</strong></span> <span class='ocrx_word' id='word_1_69' title='bbox 2400 1210 2553 1278; x_wconf 85' lang='lat' dir='ltr'><strong>Car-</strong></span> 
     </span>
     <span class='ocr_line' id='line_1_10' title="bbox 301 1316 2560 1408; baseline -0.001 -22"><span class='ocrx_word' id='word_1_70' title='bbox 301 1318 590 1386; x_wconf 78' lang='lat' dir='ltr'><strong>maniam</strong></span> <span class='ocrx_word' id='word_1_71' title='bbox 612 1319 726 1405; x_wconf 83' lang='lat'><strong>(‘?),</strong></span> <span class='ocrx_word' id='word_1_72' title='bbox 760 1321 1092 1387; x_wconf 78' lang='lat' dir='ltr'><strong>civitatem</strong></span> <span class='ocrx_word' id='word_1_73' title='bbox 1144 1341 1448 1405; x_wconf 88' lang='lat' dir='ltr'><strong>magnam</strong></span> <span class='ocrx_word' id='word_1_74' title='bbox 1501 1342 1855 1407; x_wconf 77' lang='lat' dir='ltr'><strong>paganam,</strong></span> <span class='ocrx_word' id='word_1_75' title='bbox 1907 1316 2254 1408; x_wconf 82' lang='lat' dir='ltr'><strong>quemdam</strong></span> <span class='ocrx_word' id='word_1_76' title='bbox 2310 1319 2560 1388; x_wconf 83' lang='lat' dir='ltr'><strong>inveni-</strong></span> 
     </span>
     <span class='ocr_line' id='line_1_11' title="bbox 305 1427 2562 1516; baseline 0 -22"><span class='ocrx_word' id='word_1_77' title='bbox 305 1447 470 1513; x_wconf 86' lang='lat' dir='ltr'><strong>mus,</strong></span> <span class='ocrx_word' id='word_1_78' title='bbox 523 1427 632 1511; x_wconf 94' lang='lat' dir='ltr'><strong>qui</strong></span> <span class='ocrx_word' id='word_1_79' title='bbox 685 1449 799 1496; x_wconf 85' lang='lat' dir='ltr'><strong>eas</strong></span> <span class='ocrx_word' id='word_1_80' title='bbox 848 1430 1037 1496; x_wconf 91' lang='lat' dir='ltr'><strong>nobis</strong></span> <span class='ocrx_word' id='word_1_81' title='bbox 1089 1437 1189 1497; x_wconf 84' lang='lat' dir='ltr'><strong>est</strong></span> <span class='ocrx_word' id='word_1_82' title='bbox 1236 1431 1721 1516; x_wconf 86' lang='lat' dir='ltr'><strong>interpretatus.</strong></span> <span class='ocrx_word' id='word_1_83' title='bbox 1776 1432 1895 1498; x_wconf 86' lang='lat' dir='ltr'><strong>Est</strong></span> <span class='ocrx_word' id='word_1_84' title='bbox 1942 1437 2162 1498; x_wconf 90' lang='lat' dir='ltr'><strong>autem</strong></span> <span class='ocrx_word' id='word_1_85' title='bbox 2208 1429 2329 1497; x_wconf 88' lang='lat' dir='ltr'><strong>hee</strong></span> <span class='ocrx_word' id='word_1_86' title='bbox 2364 1430 2562 1497; x_wconf 91' lang='lat' dir='ltr'><strong>inter-</strong></span> 
     </span>
     <span class='ocr_line' id='line_1_12' title="bbox 306 1536 628 1621; baseline -0.003 -20"><span class='ocrx_word' id='word_1_87' title='bbox 306 1536 628 1621; x_wconf 75' lang='lat' dir='ltr'><strong>pretatio:</strong></span> 
     </span>
    </p>

    <p class='ocr_par' dir='ltr' id='par_1_4' title="bbox 308 1645 2568 3245">
     <span class='ocr_line' id='line_1_13' title="bbox 530 1645 2562 1733; baseline 0.001 -22"><span class='ocrx_word' id='word_1_88' title='bbox 530 1645 710 1731; x_wconf 81' lang='lat' dir='ltr'><strong>„Ego</strong></span> <span class='ocrx_word' id='word_1_89' title='bbox 746 1645 996 1731; x_wconf 81' lang='lat' dir='ltr'><strong>Chaym</strong></span> <span class='ocrx_word' id='word_1_90' title='bbox 1052 1648 1318 1713; x_wconf 86' lang='lat' dir='ltr'><strong>nuntius</strong></span> <span class='ocrx_word' id='word_1_91' title='bbox 1358 1647 1556 1731; x_wconf 86' lang='lat' dir='ltr'><strong>Regis</strong></span> <span class='ocrx_word' id='word_1_92' title='bbox 1604 1646 1905 1733; x_wconf 82' lang='lat' dir='ltr'><strong>Gelestis,</strong></span> <span class='ocrx_word' id='word_1_93' title='bbox 1959 1647 2063 1713; x_wconf 88' lang='lat' dir='ltr'><strong>eni</strong></span> <span class='ocrx_word' id='word_1_94' title='bbox 2114 1646 2296 1715; x_wconf 84' lang='lat' dir='ltr'><strong>dedit</strong></span> <span class='ocrx_word' id='word_1_95' title='bbox 2344 1653 2562 1733; x_wconf 87' lang='lat' dir='ltr'><strong>poten-</strong></span> 
     </span>
     <span class='ocr_line' id='line_1_14' title="bbox 308 1753 2566 1843; baseline 0.003 -25"><span class='ocrx_word' id='word_1_96' title='bbox 308 1753 470 1819; x_wconf 85' lang='lat' dir='ltr'><strong>tiam</strong></span> <span class='ocrx_word' id='word_1_97' title='bbox 519 1772 715 1839; x_wconf 88' lang='lat' dir='ltr'><strong>super</strong></span> <span class='ocrx_word' id='word_1_98' title='bbox 761 1758 1004 1821; x_wconf 90' lang='lat' dir='ltr'><strong>terram</strong></span> <span class='ocrx_word' id='word_1_99' title='bbox 1055 1754 1451 1823; x_wconf 82' lang='lat' dir='ltr'><strong>subicientes</strong></span> <span class='ocrx_word' id='word_1_100' title='bbox 1504 1758 1571 1822; x_wconf 93' lang='lat' dir='ltr'><strong>in</strong></span> <span class='ocrx_word' id='word_1_101' title='bbox 1603 1776 1678 1823; x_wconf 92' lang='lat' dir='ltr'><strong>se</strong></span> <span class='ocrx_word' id='word_1_102' title='bbox 1729 1756 2030 1841; x_wconf 86' lang='lat' dir='ltr'><strong>exaltari,</strong></span> <span class='ocrx_word' id='word_1_103' title='bbox 2086 1764 2151 1822; x_wconf 89' lang='lat' dir='ltr'><strong>et</strong></span> <span class='ocrx_word' id='word_1_104' title='bbox 2185 1756 2566 1843; x_wconf 85' lang='lat' dir='ltr'><strong>&#39;deprimere</strong></span> 
     </span>
     <span class='ocr_line' id='line_1_15' title="bbox 310 1859 2567 1949; baseline 0.002 -23"><span class='ocrx_word' id='word_1_105' title='bbox 310 1859 759 1928; x_wconf 87' lang='lat' dir='ltr'><strong>adversantes.</strong></span> <span class='ocrx_word' id='word_1_106' title='bbox 794 1861 993 1928; x_wconf 76' lang='lat' dir='ltr'><strong>Miror</strong></span> <span class='ocrx_word' id='word_1_107' title='bbox 1024 1860 1107 1929; x_wconf 91' lang='lat' dir='ltr'><strong>de</strong></span> <span class='ocrx_word' id='word_1_108' title='bbox 1138 1868 1221 1948; x_wconf 87' lang='lat' dir='ltr'><strong>te,</strong></span> <span class='ocrx_word' id='word_1_109' title='bbox 1263 1863 1404 1930; x_wconf 77' lang='lat' dir='ltr'><strong>Rex</strong></span> <span class='ocrx_word' id='word_1_110' title='bbox 1435 1862 1747 1949; x_wconf 87' lang='lat' dir='ltr'><strong>Ungarie,</strong></span> <span class='ocrx_word' id='word_1_111' title='bbox 1783 1863 1958 1947; x_wconf 90' lang='lat' dir='ltr'><strong>quod</strong></span> <span class='ocrx_word' id='word_1_112' title='bbox 1982 1882 2127 1930; x_wconf 88' lang='lat' dir='ltr'><strong>eum</strong></span> <span class='ocrx_word' id='word_1_113' title='bbox 2160 1863 2447 1931; x_wconf 87' lang='lat' dir='ltr'><strong>miserim</strong></span> <span class='ocrx_word' id='word_1_114' title='bbox 2480 1863 2567 1930; x_wconf 89' lang='lat' dir='ltr'><strong>ad</strong></span> 
     </span>
     <span class='ocr_line' id='line_1_16' title="bbox 308 1969 2564 2057; baseline 0.001 -20"><span class='ocrx_word' id='word_1_115' title='bbox 308 1977 374 2037; x_wconf 88' lang='lat' dir='ltr'><strong>te</strong></span> <span class='ocrx_word' id='word_1_116' title='bbox 428 1970 562 2036; x_wconf 91' lang='lat' dir='ltr'><strong>iam</strong></span> <span class='ocrx_word' id='word_1_117' title='bbox 596 1969 927 2037; x_wconf 73' lang='lat' dir='ltr'><strong>tricesima</strong></span> <span class='ocrx_word' id='word_1_118' title='bbox 957 1972 1101 2039; x_wconf 83' lang='lat' dir='ltr'><strong>viee</strong></span> <span class='ocrx_word' id='word_1_119' title='bbox 1133 1972 1413 2057; x_wconf 88' lang='lat' dir='ltr'><strong>legatos,</strong></span> <span class='ocrx_word' id='word_1_120' title='bbox 1466 1992 1669 2056; x_wconf 88' lang='lat' dir='ltr'><strong>quare</strong></span> <span class='ocrx_word' id='word_1_121' title='bbox 1718 1970 1806 2039; x_wconf 87' lang='lat' dir='ltr'><strong>ad</strong></span> <span class='ocrx_word' id='word_1_122' title='bbox 1840 1991 1943 2038; x_wconf 91' lang='lat' dir='ltr'><strong>me</strong></span> <span class='ocrx_word' id='word_1_123' title='bbox 1993 1970 2241 2038; x_wconf 89' lang='lat' dir='ltr'><strong>nullum</strong></span> <span class='ocrx_word' id='word_1_124' title='bbox 2289 1971 2564 2039; x_wconf 86' lang='lat' dir='ltr'><strong>remittis</strong></span> 
     </span>
     <span class='ocr_line' id='line_1_17' title="bbox 311 2077 2563 2147; baseline 0.001 -3"><span class='ocrx_word' id='word_1_125' title='bbox 311 2098 394 2144; x_wconf 86' lang='lat' dir='ltr'><strong>ex</strong></span> <span class='ocrx_word' id='word_1_126' title='bbox 446 2077 751 2145; x_wconf 75' lang='lat' dir='ltr'><strong>eisdem?</strong></span> <span class='ocrx_word' id='word_1_127' title='bbox 800 2079 919 2146; x_wconf 87' lang='lat' dir='ltr'><strong>sed</strong></span> <span class='ocrx_word' id='word_1_128' title='bbox 950 2099 1070 2145; x_wconf 84' lang='lat' dir='ltr'><strong>nee</strong></span> <span class='ocrx_word' id='word_1_129' title='bbox 1107 2080 1370 2146; x_wconf 90' lang='lat' dir='ltr'><strong>nuntios</strong></span> <span class='ocrx_word' id='word_1_130' title='bbox 1421 2086 1571 2147; x_wconf 89' lang='lat' dir='ltr'><strong>tuos</strong></span> <span class='ocrx_word' id='word_1_131' title='bbox 1599 2078 1706 2146; x_wconf 87' lang='lat' dir='ltr'><strong>vel</strong></span> <span class='ocrx_word' id='word_1_132' title='bbox 1755 2080 2012 2146; x_wconf 88' lang='lat' dir='ltr'><strong>litteras</strong></span> <span class='ocrx_word' id='word_1_133' title='bbox 2064 2079 2222 2146; x_wconf 93' lang='lat' dir='ltr'><strong>mihi</strong></span> <span class='ocrx_word' id='word_1_134' title='bbox 2270 2078 2563 2146; x_wconf 85' lang='lat' dir='ltr'><strong>remittis.</strong></span> 
     </span>
     <span class='ocr_line' id='line_1_18' title="bbox 309 2184 2566 2276; baseline 0.002 -25"><span class='ocrx_word' id='word_1_135' title='bbox 309 2185 485 2271; x_wconf 84' lang='lat' dir='ltr'><strong>Seio,</strong></span> <span class='ocrx_word' id='word_1_136' title='bbox 537 2184 712 2272; x_wconf 89' lang='lat' dir='ltr'><strong>quod</strong></span> <span class='ocrx_word' id='word_1_137' title='bbox 743 2189 884 2255; x_wconf 86' lang='lat' dir='ltr'><strong>Rex</strong></span> <span class='ocrx_word' id='word_1_138' title='bbox 934 2188 1121 2256; x_wconf 84' lang='lat' dir='ltr'><strong>dives</strong></span> <span class='ocrx_word' id='word_1_139' title='bbox 1171 2208 1243 2257; x_wconf 89' lang='lat' dir='ltr'><strong>es</strong></span> <span class='ocrx_word' id='word_1_140' title='bbox 1294 2196 1359 2255; x_wconf 80' lang='lat' dir='ltr'><strong>et</strong></span> <span class='ocrx_word' id='word_1_141' title='bbox 1390 2197 1642 2276; x_wconf 91' lang='lat' dir='ltr'><strong>potens,</strong></span> <span class='ocrx_word' id='word_1_142' title='bbox 1699 2195 1764 2257; x_wconf 88' lang='lat' dir='ltr'><strong>et</strong></span> <span class='ocrx_word' id='word_1_143' title='bbox 1801 2189 2040 2258; x_wconf 89' lang='lat' dir='ltr'><strong>multos</strong></span> <span class='ocrx_word' id='word_1_144' title='bbox 2093 2188 2214 2256; x_wconf 87' lang='lat' dir='ltr'><strong>sub</strong></span> <span class='ocrx_word' id='word_1_145' title='bbox 2246 2195 2310 2256; x_wconf 89' lang='lat' dir='ltr'><strong>te</strong></span> <span class='ocrx_word' id='word_1_146' title='bbox 2362 2189 2566 2256; x_wconf 88' lang='lat' dir='ltr'><strong>habes</strong></span> 
     </span>
     <span class='ocr_line' id='line_1_19' title="bbox 313 2294 2566 2381; baseline 0.001 -21"><span class='ocrx_word' id='word_1_147' title='bbox 313 2295 575 2380; x_wconf 85' lang='lat' dir='ltr'><strong>milites,</strong></span> <span class='ocrx_word' id='word_1_148' title='bbox 609 2296 920 2379; x_wconf 90' lang='lat' dir='ltr'><strong>solusque</strong></span> <span class='ocrx_word' id='word_1_149' title='bbox 939 2297 1268 2380; x_wconf 86' lang='lat' dir='ltr'><strong>gubernas</strong></span> <span class='ocrx_word' id='word_1_150' title='bbox 1298 2317 1607 2379; x_wconf 91' lang='lat' dir='ltr'><strong>magnum</strong></span> <span class='ocrx_word' id='word_1_151' title='bbox 1627 2299 1947 2381; x_wconf 87' lang='lat' dir='ltr'><strong>Regnum.</strong></span> <span class='ocrx_word' id='word_1_152' title='bbox 1979 2296 2268 2381; x_wconf 87' lang='lat' dir='ltr'><strong>Ideoque</strong></span> <span class='ocrx_word' id='word_1_153' title='bbox 2300 2294 2566 2363; x_wconf 73' lang='lat' dir='ltr'><strong>difficile</strong></span> 
     </span>
     <span class='ocr_line' id='line_1_20' title="bbox 312 2403 2567 2492; baseline 0.001 -24"><span class='ocrx_word' id='word_1_154' title='bbox 312 2409 547 2490; x_wconf 88' lang='lat' dir='ltr'><strong>sponte</strong></span> <span class='ocrx_word' id='word_1_155' title='bbox 577 2411 644 2470; x_wconf 89' lang='lat' dir='ltr'><strong>te</strong></span> <span class='ocrx_word' id='word_1_156' title='bbox 674 2403 833 2470; x_wconf 91' lang='lat' dir='ltr'><strong>mihi</strong></span> <span class='ocrx_word' id='word_1_157' title='bbox 863 2404 1146 2490; x_wconf 76' lang='lat' dir='ltr'><strong>subicis3</strong></span> <span class='ocrx_word' id='word_1_158' title='bbox 1182 2405 1412 2472; x_wconf 91' lang='lat' dir='ltr'><strong>melius</strong></span> <span class='ocrx_word' id='word_1_159' title='bbox 1433 2403 1551 2471; x_wconf 87' lang='lat' dir='ltr'><strong>tibi</strong></span> <span class='ocrx_word' id='word_1_160' title='bbox 1583 2412 1801 2472; x_wconf 86' lang='lat' dir='ltr'><strong>tamen</strong></span> <span class='ocrx_word' id='word_1_161' title='bbox 1834 2410 2007 2473; x_wconf 83' lang='lat' dir='ltr'><strong>esset</strong></span> <span class='ocrx_word' id='word_1_162' title='bbox 2037 2412 2102 2473; x_wconf 88' lang='lat' dir='ltr'><strong>et</strong></span> <span class='ocrx_word' id='word_1_163' title='bbox 2121 2406 2474 2492; x_wconf 68' lang='lat' dir='ltr'><strong>salubrius,</strong></span> <span class='ocrx_word' id='word_1_164' title='bbox 2507 2407 2567 2473; x_wconf 90' lang='lat' dir='ltr'><strong>si</strong></span> 
     </span>
     <span class='ocr_line' id='line_1_21' title="bbox 308 2510 2564 2600; baseline 0.001 -23"><span class='ocrx_word' id='word_1_165' title='bbox 308 2517 377 2577; x_wconf 84' lang='lat' dir='ltr'><strong>te</strong></span> <span class='ocrx_word' id='word_1_166' title='bbox 408 2510 742 2579; x_wconf 82' lang='lat' dir='ltr'><strong>subiceres</strong></span> <span class='ocrx_word' id='word_1_167' title='bbox 789 2519 1022 2600; x_wconf 91' lang='lat' dir='ltr'><strong>sponte</strong></span> <span class='ocrx_word' id='word_1_168' title='bbox 1067 2512 1250 2581; x_wconf 91' lang='lat' dir='ltr'><strong>mihi.</strong></span> <span class='ocrx_word' id='word_1_169' title='bbox 1300 2514 1606 2581; x_wconf 85' lang='lat' dir='ltr'><strong>Intellexi</strong></span> <span class='ocrx_word' id='word_1_170' title='bbox 1655 2512 1941 2600; x_wconf 88' lang='lat' dir='ltr'><strong>insuper,</strong></span> <span class='ocrx_word' id='word_1_171' title='bbox 1995 2511 2168 2598; x_wconf 90' lang='lat' dir='ltr'><strong>quod</strong></span> <span class='ocrx_word' id='word_1_172' title='bbox 2220 2513 2564 2596; x_wconf 83' lang='lat' dir='ltr'><strong>Cumanos,</strong></span> 
     </span>
     <span class='ocr_line' id='line_1_22' title="bbox 311 2619 2564 2708; baseline 0.002 -23"><span class='ocrx_word' id='word_1_173' title='bbox 311 2638 534 2688; x_wconf 81' lang='lat' dir='ltr'><strong>servos</strong></span> <span class='ocrx_word' id='word_1_174' title='bbox 565 2638 767 2706; x_wconf 86' lang='lat' dir='ltr'><strong>meos,</strong></span> <span class='ocrx_word' id='word_1_175' title='bbox 821 2621 944 2689; x_wconf 90' lang='lat' dir='ltr'><strong>sub</strong></span> <span class='ocrx_word' id='word_1_176' title='bbox 976 2629 1089 2688; x_wconf 87' lang='lat' dir='ltr'><strong>tua</strong></span> <span class='ocrx_word' id='word_1_177' title='bbox 1118 2620 1522 2708; x_wconf 77' lang='lat' dir='ltr'><strong>protectione</strong></span> <span class='ocrx_word' id='word_1_178' title='bbox 1554 2619 1891 2703; x_wconf 78' lang='lat' dir='ltr'><strong>detineas3</strong></span> <span class='ocrx_word' id='word_1_179' title='bbox 1947 2620 2120 2690; x_wconf 92' lang='lat' dir='ltr'><strong>unde</strong></span> <span class='ocrx_word' id='word_1_180' title='bbox 2151 2621 2389 2689; x_wconf 89' lang='lat' dir='ltr'><strong>mando</strong></span> <span class='ocrx_word' id='word_1_181' title='bbox 2422 2622 2564 2705; x_wconf 89' lang='lat' dir='ltr'><strong>tibi,</strong></span> 
     </span>
     <span class='ocr_line' id='line_1_23' title="bbox 311 2726 2565 2813; baseline 0 -20"><span class='ocrx_word' id='word_1_182' title='bbox 311 2748 395 2795; x_wconf 92' lang='lat' dir='ltr'><strong>ne</strong></span> <span class='ocrx_word' id='word_1_183' title='bbox 431 2746 543 2794; x_wconf 90' lang='lat' dir='ltr'><strong>eos</strong></span> <span class='ocrx_word' id='word_1_184' title='bbox 577 2726 660 2793; x_wconf 90' lang='lat' dir='ltr'><strong>de</strong></span> <span class='ocrx_word' id='word_1_185' title='bbox 692 2733 909 2795; x_wconf 85' lang='lat' dir='ltr'><strong>eetero</strong></span> <span class='ocrx_word' id='word_1_186' title='bbox 960 2726 1136 2813; x_wconf 89' lang='lat' dir='ltr'><strong>apud</strong></span> <span class='ocrx_word' id='word_1_187' title='bbox 1170 2736 1234 2794; x_wconf 90' lang='lat' dir='ltr'><strong>te</strong></span> <span class='ocrx_word' id='word_1_188' title='bbox 1266 2747 1393 2794; x_wconf 90' lang='lat' dir='ltr'><strong>non</strong></span> <span class='ocrx_word' id='word_1_189' title='bbox 1426 2737 1675 2810; x_wconf 85' lang='lat' dir='ltr'><strong>teneas,</strong></span> <span class='ocrx_word' id='word_1_190' title='bbox 1727 2733 1793 2794; x_wconf 93' lang='lat' dir='ltr'><strong>et</strong></span> <span class='ocrx_word' id='word_1_191' title='bbox 1825 2747 1927 2794; x_wconf 91' lang='lat' dir='ltr'><strong>me</strong></span> <span class='ocrx_word' id='word_1_192' title='bbox 1957 2727 2407 2796; x_wconf 85' lang='lat' dir='ltr'><strong>adversarium</strong></span> <span class='ocrx_word' id='word_1_193' title='bbox 2445 2729 2565 2795; x_wconf 90' lang='lat' dir='ltr'><strong>tibi</strong></span> 
     </span>
     <span class='ocr_line' id='line_1_24' title="bbox 313 2832 2566 2922; baseline 0 -20"><span class='ocrx_word' id='word_1_194' title='bbox 313 2854 443 2902; x_wconf 92' lang='lat' dir='ltr'><strong>non</strong></span> <span class='ocrx_word' id='word_1_195' title='bbox 476 2834 722 2901; x_wconf 89' lang='lat' dir='ltr'><strong>habeas</strong></span> <span class='ocrx_word' id='word_1_196' title='bbox 744 2841 1009 2922; x_wconf 89' lang='lat' dir='ltr'><strong>propter</strong></span> <span class='ocrx_word' id='word_1_197' title='bbox 1037 2833 1258 2922; x_wconf 90' lang='lat' dir='ltr'><strong>ipsos;</strong></span> <span class='ocrx_word' id='word_1_198' title='bbox 1292 2834 1557 2903; x_wconf 80' lang='lat' dir='ltr'><strong>facilius</strong></span> <span class='ocrx_word' id='word_1_199' title='bbox 1590 2843 1690 2902; x_wconf 89' lang='lat' dir='ltr'><strong>est</strong></span> <span class='ocrx_word' id='word_1_200' title='bbox 1711 2835 1885 2900; x_wconf 90' lang='lat' dir='ltr'><strong>enim</strong></span> <span class='ocrx_word' id='word_1_201' title='bbox 1916 2836 2013 2901; x_wconf 86' lang='lat' dir='ltr'><strong>eis</strong></span> <span class='ocrx_word' id='word_1_202' title='bbox 2036 2832 2339 2922; x_wconf 88' lang='lat' dir='ltr'><strong>evadere,</strong></span> <span class='ocrx_word' id='word_1_203' title='bbox 2372 2857 2566 2921; x_wconf 87' lang='lat' dir='ltr'><strong>quam</strong></span> 
     </span>
     <span class='ocr_line' id='line_1_25' title="bbox 311 2940 2567 3031; baseline 0.001 -23"><span class='ocrx_word' id='word_1_204' title='bbox 311 2940 474 3027; x_wconf 88' lang='lat' dir='ltr'><strong>tibi;</strong></span> <span class='ocrx_word' id='word_1_205' title='bbox 509 2943 663 3027; x_wconf 88' lang='lat' dir='ltr'><strong>quia</strong></span> <span class='ocrx_word' id='word_1_206' title='bbox 694 2941 791 3008; x_wconf 89' lang='lat' dir='ltr'><strong>illi</strong></span> <span class='ocrx_word' id='word_1_207' title='bbox 822 2943 964 3008; x_wconf 88' lang='lat' dir='ltr'><strong>sine</strong></span> <span class='ocrx_word' id='word_1_208' title='bbox 995 2943 1294 3012; x_wconf 88' lang='lat' dir='ltr'><strong>domibus</strong></span> <span class='ocrx_word' id='word_1_209' title='bbox 1328 2964 1472 3010; x_wconf 90' lang='lat' dir='ltr'><strong>eum</strong></span> <span class='ocrx_word' id='word_1_210' title='bbox 1504 2944 1804 3011; x_wconf 87' lang='lat' dir='ltr'><strong>tentoriis</strong></span> <span class='ocrx_word' id='word_1_211' title='bbox 1837 2944 2246 3010; x_wconf 90' lang='lat' dir='ltr'><strong>ambulantes</strong></span> <span class='ocrx_word' id='word_1_212' title='bbox 2291 2953 2567 3031; x_wconf 89' lang='lat' dir='ltr'><strong>possunt</strong></span> 
     </span>
     <span class='ocr_line' id='line_1_26' title="bbox 310 3049 2568 3146; baseline 0.001 -30"><span class='ocrx_word' id='word_1_213' title='bbox 310 3049 587 3146; x_wconf 81' lang='lat' dir='ltr'><strong>forsitan</strong></span> <span class='ocrx_word' id='word_1_214' title='bbox 606 3049 907 3137; x_wconf 85' lang='lat' dir='ltr'><strong>evadere,</strong></span> <span class='ocrx_word' id='word_1_215' title='bbox 941 3056 1012 3117; x_wconf 83' lang='lat' dir='ltr'><strong>tu</strong></span> <span class='ocrx_word' id='word_1_216' title='bbox 1042 3058 1263 3119; x_wconf 90' lang='lat' dir='ltr'><strong>autem</strong></span> <span class='ocrx_word' id='word_1_217' title='bbox 1283 3054 1350 3118; x_wconf 93' lang='lat' dir='ltr'><strong>in</strong></span> <span class='ocrx_word' id='word_1_218' title='bbox 1385 3051 1687 3119; x_wconf 87' lang='lat' dir='ltr'><strong>domibus</strong></span> <span class='ocrx_word' id='word_1_219' title='bbox 1720 3051 2044 3136; x_wconf 87' lang='lat' dir='ltr'><strong>habitans,</strong></span> <span class='ocrx_word' id='word_1_220' title='bbox 2081 3051 2327 3119; x_wconf 89' lang='lat' dir='ltr'><strong>habens</strong></span> <span class='ocrx_word' id='word_1_221' title='bbox 2349 3062 2568 3120; x_wconf 84' lang='lat' dir='ltr'><strong>eastra</strong></span> 
     </span>
     <span class='ocr_line' id='line_1_27' title="bbox 317 3157 1978 3245; baseline 0 -20"><span class='ocrx_word' id='word_1_222' title='bbox 317 3164 382 3225; x_wconf 90' lang='lat' dir='ltr'><strong>et</strong></span> <span class='ocrx_word' id='word_1_223' title='bbox 413 3157 736 3243; x_wconf 78' lang='lat' dir='ltr'><strong>civitates,</strong></span> <span class='ocrx_word' id='word_1_224' title='bbox 771 3159 1049 3242; x_wconf 87' lang='lat' dir='ltr'><strong>qualiter</strong></span> <span class='ocrx_word' id='word_1_225' title='bbox 1080 3159 1358 3245; x_wconf 88' lang='lat' dir='ltr'><strong>effugies</strong></span> <span class='ocrx_word' id='word_1_226' title='bbox 1394 3180 1622 3228; x_wconf 87' lang='lat' dir='ltr'><strong>manus</strong></span> <span class='ocrx_word' id='word_1_227' title='bbox 1665 3179 1843 3226; x_wconf 87' lang='lat' dir='ltr'><strong>meas</strong></span> <span class='ocrx_word' id='word_1_228' title='bbox 1864 3158 1978 3227; x_wconf 33' lang='lat'><strong>⁰?.!“</strong></span> 
     </span>
    </p>

    <p class='ocr_par' dir='ltr' id='par_1_5' title="bbox 311 3264 2655 4767">
     <span class='ocr_line' id='line_1_28' title="bbox 531 3264 2565 3353; baseline 0.002 -21"><span class='ocrx_word' id='word_1_229' title='bbox 531 3264 661 3334; x_wconf 86' lang='lat' dir='ltr'><strong>Sed</strong></span> <span class='ocrx_word' id='word_1_230' title='bbox 694 3266 815 3334; x_wconf 83' lang='lat' dir='ltr'><strong>hee</strong></span> <span class='ocrx_word' id='word_1_231' title='bbox 846 3285 975 3333; x_wconf 91' lang='lat' dir='ltr'><strong>non</strong></span> <span class='ocrx_word' id='word_1_232' title='bbox 1007 3267 1504 3353; x_wconf 77' lang='lat' dir='ltr'><strong>pretennittam.</strong></span> <span class='ocrx_word' id='word_1_233' title='bbox 1556 3267 1799 3333; x_wconf 90' lang='lat' dir='ltr'><strong>Iterum</strong></span> <span class='ocrx_word' id='word_1_234' title='bbox 1832 3265 1986 3332; x_wconf 92' lang='lat' dir='ltr'><strong>dum</strong></span> <span class='ocrx_word' id='word_1_235' title='bbox 2016 3287 2138 3352; x_wconf 90' lang='lat' dir='ltr'><strong>ego</strong></span> <span class='ocrx_word' id='word_1_236' title='bbox 2183 3270 2466 3336; x_wconf 86' lang='lat' dir='ltr'><strong>remansi</strong></span> <span class='ocrx_word' id='word_1_237' title='bbox 2499 3271 2565 3337; x_wconf 89' lang='lat' dir='ltr'><strong>in</strong></span> 
     </span>
     <span class='ocr_line' id='line_1_29' title="bbox 313 3375 2569 3463; baseline 0.001 -20"><span class='ocrx_word' id='word_1_238' title='bbox 313 3377 498 3443; x_wconf 86' lang='lat' dir='ltr'><strong>euria</strong></span> <span class='ocrx_word' id='word_1_239' title='bbox 515 3376 832 3461; x_wconf 87' lang='lat' dir='ltr'><strong>Romana,</strong></span> <span class='ocrx_word' id='word_1_240' title='bbox 867 3383 1321 3463; x_wconf 84' lang='lat' dir='ltr'><strong>precesserunt</strong></span> <span class='ocrx_word' id='word_1_241' title='bbox 1339 3397 1442 3444; x_wconf 92' lang='lat' dir='ltr'><strong>me</strong></span> <span class='ocrx_word' id='word_1_242' title='bbox 1472 3375 1560 3443; x_wconf 88' lang='lat' dir='ltr'><strong>ad</strong></span> <span class='ocrx_word' id='word_1_243' title='bbox 1577 3377 1889 3460; x_wconf 87' lang='lat' dir='ltr'><strong>Magnam</strong></span> <span class='ocrx_word' id='word_1_244' title='bbox 1908 3375 2270 3461; x_wconf 89' lang='lat' dir='ltr'><strong>Ungariam</strong></span> <span class='ocrx_word' id='word_1_245' title='bbox 2289 3385 2569 3462; x_wconf 88' lang='lat' dir='ltr'><strong>quatuor</strong></span> 
     </span>
     <span class='ocr_line' id='line_1_30' title="bbox 314 3482 2567 3571; baseline 0.001 -20"><span class='ocrx_word' id='word_1_246' title='bbox 314 3485 549 3552; x_wconf 81' lang='lat' dir='ltr'><strong>fratres</strong></span> <span class='ocrx_word' id='word_1_247' title='bbox 602 3485 750 3570; x_wconf 79' lang='lat' dir='ltr'><strong>mei,</strong></span> <span class='ocrx_word' id='word_1_248' title='bbox 802 3484 911 3567; x_wconf 89' lang='lat' dir='ltr'><strong>qui</strong></span> <span class='ocrx_word' id='word_1_249' title='bbox 962 3487 1474 3571; x_wconf 81' lang='lat' dir='ltr'><strong>pertransientes</strong></span> <span class='ocrx_word' id='word_1_250' title='bbox 1525 3503 1643 3569; x_wconf 82' lang='lat' dir='ltr'><strong>per</strong></span> <span class='ocrx_word' id='word_1_251' title='bbox 1674 3490 1914 3550; x_wconf 88' lang='lat' dir='ltr'><strong>terram</strong></span> <span class='ocrx_word' id='word_1_252' title='bbox 1955 3482 2179 3569; x_wconf 90' lang='lat' dir='ltr'><strong>Sudal,</strong></span> <span class='ocrx_word' id='word_1_253' title='bbox 2233 3483 2299 3550; x_wconf 93' lang='lat' dir='ltr'><strong>in</strong></span> <span class='ocrx_word' id='word_1_254' title='bbox 2329 3485 2567 3553; x_wconf 87' lang='lat' dir='ltr'><strong>finibus</strong></span> 
     </span>
     <span class='ocr_line' id='line_1_31' title="bbox 313 3589 2567 3679; baseline 0.002 -21"><span class='ocrx_word' id='word_1_255' title='bbox 313 3592 522 3678; x_wconf 87' lang='lat' dir='ltr'><strong>Regni</strong></span> <span class='ocrx_word' id='word_1_256' title='bbox 556 3591 694 3660; x_wconf 88' lang='lat' dir='ltr'><strong>eius</strong></span> <span class='ocrx_word' id='word_1_257' title='bbox 725 3601 1139 3660; x_wconf 79' lang='lat' dir='ltr'><strong>occurrerunt</strong></span> <span class='ocrx_word' id='word_1_258' title='bbox 1187 3589 1579 3676; x_wconf 90' lang='lat' dir='ltr'><strong>quibusdam</strong></span> <span class='ocrx_word' id='word_1_259' title='bbox 1611 3592 1896 3678; x_wconf 88' lang='lat' dir='ltr'><strong>Ungaris</strong></span> <span class='ocrx_word' id='word_1_260' title='bbox 1933 3593 2217 3678; x_wconf 87' lang='lat' dir='ltr'><strong>paganis</strong></span> <span class='ocrx_word' id='word_1_261' title='bbox 2265 3593 2567 3679; x_wconf 85' lang='lat' dir='ltr'><strong>fugienti·</strong></span> 
     </span>
     <span class='ocr_line' id='line_1_32' title="bbox 315 3698 2570 3785; baseline 0.001 -17"><span class='ocrx_word' id='word_1_262' title='bbox 315 3703 438 3768; x_wconf 89' lang='lat' dir='ltr'><strong>bus</strong></span> <span class='ocrx_word' id='word_1_263' title='bbox 470 3722 512 3767; x_wconf 88' lang='lat' dir='ltr'><strong>a</strong></span> <span class='ocrx_word' id='word_1_264' title='bbox 540 3702 710 3769; x_wconf 83' lang='lat' dir='ltr'><strong>faeie</strong></span> <span class='ocrx_word' id='word_1_265' title='bbox 741 3703 1226 3785; x_wconf 57' lang='lat' dir='ltr'><strong>&#39;Phalaron-um,</strong></span> <span class='ocrx_word' id='word_1_266' title='bbox 1274 3702 1387 3785; x_wconf 90' lang='lat' dir='ltr'><strong>qui</strong></span> <span class='ocrx_word' id='word_1_267' title='bbox 1417 3700 1699 3769; x_wconf 88' lang='lat' dir='ltr'><strong>libenter</strong></span> <span class='ocrx_word' id='word_1_268' title='bbox 1730 3700 1927 3769; x_wconf 89' lang='lat' dir='ltr'><strong>fidem</strong></span> <span class='ocrx_word' id='word_1_269' title='bbox 1958 3698 2364 3769; x_wconf 82' lang='lat' dir='ltr'><strong>Catholieam</strong></span> <span class='ocrx_word' id='word_1_270' title='bbox 2394 3724 2570 3772; x_wconf 83' lang='lat' dir='ltr'><strong>reee-</strong></span> 
     </span>
     <span class='ocr_line' id='line_1_33' title="bbox 313 3808 2567 3900; baseline 0.001 -23"><span class='ocrx_word' id='word_1_271' title='bbox 313 3811 587 3898; x_wconf 91' lang='lat' dir='ltr'><strong>pissent.</strong></span> <span class='ocrx_word' id='word_1_272' title='bbox 666 3811 751 3877; x_wconf 89' lang='lat' dir='ltr'><strong>Et</strong></span> <span class='ocrx_word' id='word_1_273' title='bbox 805 3809 960 3880; x_wconf 91' lang='lat' dir='ltr'><strong>dum</strong></span> <span class='ocrx_word' id='word_1_274' title='bbox 1022 3831 1248 3878; x_wconf 84' lang='lat' dir='ltr'><strong>versus</strong></span> <span class='ocrx_word' id='word_1_275' title='bbox 1299 3810 1664 3895; x_wconf 85' lang='lat' dir='ltr'><strong>Ungariam</strong></span> <span class='ocrx_word' id='word_1_276' title='bbox 1716 3808 2152 3876; x_wconf 82' lang='lat' dir='ltr'><strong>Christianam</strong></span> <span class='ocrx_word' id='word_1_277' title='bbox 2215 3812 2567 3900; x_wconf 84' lang='lat' dir='ltr'><strong>venissent,</strong></span> 
     </span>
     <span class='ocr_line' id='line_1_34' title="bbox 312 3917 2569 4006; baseline 0 -20"><span class='ocrx_word' id='word_1_278' title='bbox 312 3919 591 3986; x_wconf 89' lang='lat' dir='ltr'><strong>audiens</strong></span> <span class='ocrx_word' id='word_1_279' title='bbox 623 3921 776 3987; x_wconf 80' lang='lat' dir='ltr'><strong>Dux</strong></span> <span class='ocrx_word' id='word_1_280' title='bbox 809 3919 1141 4006; x_wconf 81' lang='lat' dir='ltr'><strong>predictus</strong></span> <span class='ocrx_word' id='word_1_281' title='bbox 1174 3919 1256 3986; x_wconf 87' lang='lat' dir='ltr'><strong>de</strong></span> <span class='ocrx_word' id='word_1_282' title='bbox 1289 3918 1518 4004; x_wconf 89' lang='lat' dir='ltr'><strong>Sudal,</strong></span> <span class='ocrx_word' id='word_1_283' title='bbox 1549 3917 1932 4003; x_wconf 89' lang='lat' dir='ltr'><strong>indignatus</strong></span> <span class='ocrx_word' id='word_1_284' title='bbox 1974 3919 2286 3985; x_wconf 84' lang='lat' dir='ltr'><strong>fratribus</strong></span> <span class='ocrx_word' id='word_1_285' title='bbox 2319 3921 2569 4006; x_wconf 82' lang='lat' dir='ltr'><strong>predic-</strong></span> 
     </span>
     <span class='ocr_line' id='line_1_35' title="bbox 311 4026 2565 4114; baseline 0 -19"><span class='ocrx_word' id='word_1_286' title='bbox 311 4029 398 4095; x_wconf 89' lang='lat' dir='ltr'><strong>tis</strong></span> <span class='ocrx_word' id='word_1_287' title='bbox 430 4028 753 4096; x_wconf 85' lang='lat' dir='ltr'><strong>revoeatis</strong></span> <span class='ocrx_word' id='word_1_288' title='bbox 775 4027 1075 4114; x_wconf 89' lang='lat' dir='ltr'><strong>inhibuit,</strong></span> <span class='ocrx_word' id='word_1_289' title='bbox 1108 4049 1193 4095; x_wconf 93' lang='lat' dir='ltr'><strong>ne</strong></span> <span class='ocrx_word' id='word_1_290' title='bbox 1222 4029 1440 4114; x_wconf 89' lang='lat' dir='ltr'><strong>legem</strong></span> <span class='ocrx_word' id='word_1_291' title='bbox 1461 4030 1825 4095; x_wconf 87' lang='lat' dir='ltr'><strong>Romanam</strong></span> <span class='ocrx_word' id='word_1_292' title='bbox 1845 4026 2258 4113; x_wconf 80' lang='lat' dir='ltr'><strong>predicarent</strong></span> <span class='ocrx_word' id='word_1_293' title='bbox 2277 4029 2565 4114; x_wconf 89' lang='lat' dir='ltr'><strong>Ungaris</strong></span> 
     </span>
     <span class='ocr_line' id='line_1_36' title="bbox 314 4132 2567 4223; baseline 0.001 -21"><span class='ocrx_word' id='word_1_294' title='bbox 314 4138 707 4222; x_wconf 88' lang='lat' dir='ltr'><strong>memoratis,</strong></span> <span class='ocrx_word' id='word_1_295' title='bbox 759 4142 823 4203; x_wconf 90' lang='lat' dir='ltr'><strong>et</strong></span> <span class='ocrx_word' id='word_1_296' title='bbox 853 4142 1119 4223; x_wconf 88' lang='lat' dir='ltr'><strong>propter</strong></span> <span class='ocrx_word' id='word_1_297' title='bbox 1148 4136 1274 4202; x_wconf 86' lang='lat' dir='ltr'><strong>hoe</strong></span> <span class='ocrx_word' id='word_1_298' title='bbox 1306 4135 1556 4221; x_wconf 81' lang='lat' dir='ltr'><strong>expulit</strong></span> <span class='ocrx_word' id='word_1_299' title='bbox 1606 4134 1845 4202; x_wconf 86' lang='lat' dir='ltr'><strong>fratres</strong></span> <span class='ocrx_word' id='word_1_300' title='bbox 1890 4132 2221 4223; x_wconf 87' lang='lat' dir='ltr'><strong>predictos</strong></span> <span class='ocrx_word' id='word_1_301' title='bbox 2271 4136 2356 4202; x_wconf 91' lang='lat' dir='ltr'><strong>de</strong></span> <span class='ocrx_word' id='word_1_302' title='bbox 2388 4143 2567 4204; x_wconf 90' lang='lat' dir='ltr'><strong>terra</strong></span> 
     </span>
     <span class='ocr_line' id='line_1_37' title="bbox 314 4242 2565 4334; baseline -0.001 -19"><span class='ocrx_word' id='word_1_303' title='bbox 314 4268 475 4334; x_wconf 89' lang='lat' dir='ltr'><strong>sua;</strong></span> <span class='ocrx_word' id='word_1_304' title='bbox 526 4252 747 4313; x_wconf 88' lang='lat' dir='ltr'><strong>tamen</strong></span> <span class='ocrx_word' id='word_1_305' title='bbox 795 4244 1047 4328; x_wconf 87' lang='lat' dir='ltr'><strong>absque</strong></span> <span class='ocrx_word' id='word_1_306' title='bbox 1097 4243 1421 4328; x_wconf 87' lang='lat' dir='ltr'><strong>molestia,</strong></span> <span class='ocrx_word' id='word_1_307' title='bbox 1474 4242 1587 4327; x_wconf 91' lang='lat' dir='ltr'><strong>qui</strong></span> <span class='ocrx_word' id='word_1_308' title='bbox 1636 4243 1933 4312; x_wconf 87' lang='lat' dir='ltr'><strong>nolentes</strong></span> <span class='ocrx_word' id='word_1_309' title='bbox 1982 4242 2215 4326; x_wconf 88' lang='lat' dir='ltr'><strong>redire,</strong></span> <span class='ocrx_word' id='word_1_310' title='bbox 2273 4250 2338 4311; x_wconf 89' lang='lat' dir='ltr'><strong>et</strong></span> <span class='ocrx_word' id='word_1_311' title='bbox 2388 4246 2565 4312; x_wconf 78' lang='lat' dir='ltr'><strong>viam</strong></span> 
     </span>
     <span class='ocr_line' id='line_1_38' title="bbox 313 4350 2561 4441; baseline -0.001 -18"><span class='ocrx_word' id='word_1_312' title='bbox 313 4355 557 4423; x_wconf 79' lang='lat' dir='ltr'><strong>factam</strong></span> <span class='ocrx_word' id='word_1_313' title='bbox 593 4355 786 4420; x_wconf 87' lang='lat' dir='ltr'><strong>saeile</strong></span> <span class='ocrx_word' id='word_1_314' title='bbox 816 4351 1165 4439; x_wconf 87' lang='lat' dir='ltr'><strong>dimittere,</strong></span> <span class='ocrx_word' id='word_1_315' title='bbox 1201 4350 1697 4421; x_wconf 81' lang='lat' dir='ltr'><strong>declinaverunt</strong></span> <span class='ocrx_word' id='word_1_316' title='bbox 1727 4351 1812 4418; x_wconf 89' lang='lat' dir='ltr'><strong>ad</strong></span> <span class='ocrx_word' id='word_1_317' title='bbox 1845 4352 2175 4420; x_wconf 77' lang='lat' dir='ltr'><strong>civitatem</strong></span> <span class='ocrx_word' id='word_1_318' title='bbox 2216 4353 2561 4441; x_wconf 88' lang='lat' dir='ltr'><strong>Reeessue,</strong></span> 
     </span>
     <span class='ocr_line' id='line_1_39' title="bbox 314 4461 2655 4551; baseline -0.003 -17"><span class='ocrx_word' id='word_1_319' title='bbox 314 4466 373 4534; x_wconf 90' lang='lat' dir='ltr'><strong>si</strong></span> <span class='ocrx_word' id='word_1_320' title='bbox 403 4465 576 4533; x_wconf 84' lang='lat' dir='ltr'><strong>viam</strong></span> <span class='ocrx_word' id='word_1_321' title='bbox 608 4464 949 4551; x_wconf 89' lang='lat' dir='ltr'><strong>haberent,</strong></span> <span class='ocrx_word' id='word_1_322' title='bbox 1002 4471 1074 4530; x_wconf 94' lang='lat' dir='ltr'><strong>ut</strong></span> <span class='ocrx_word' id='word_1_323' title='bbox 1104 4463 1168 4532; x_wconf 90' lang='lat' dir='ltr'><strong>in</strong></span> <span class='ocrx_word' id='word_1_324' title='bbox 1202 4463 1509 4548; x_wconf 84' lang='lat' dir='ltr'><strong>Magnam</strong></span> <span class='ocrx_word' id='word_1_325' title='bbox 1539 4463 1926 4550; x_wconf 89' lang='lat' dir='ltr'><strong>Ungariam,</strong></span> <span class='ocrx_word' id='word_1_326' title='bbox 1962 4462 2066 4530; x_wconf 85' lang='lat' dir='ltr'><strong>vel</strong></span> <span class='ocrx_word' id='word_1_327' title='bbox 2099 4461 2187 4528; x_wconf 93' lang='lat' dir='ltr'><strong>ad</strong></span> <span class='ocrx_word' id='word_1_328' title='bbox 2220 4461 2566 4531; x_wconf 85' lang='lat' dir='ltr'><strong>Morduea-</strong></span> <span class='ocrx_word' id='word_1_329' title='bbox 2651 4522 2655 4526; x_wconf 84' lang='grc'><strong>,</strong></span> 
     </span>
     <span class='ocr_line' id='line_1_40' title="bbox 316 4570 2568 4660; baseline -0.002 -17"><span class='ocrx_word' id='word_1_330' title='bbox 316 4596 457 4660; x_wconf 86' lang='lat' dir='ltr'><strong>nos,</strong></span> <span class='ocrx_word' id='word_1_331' title='bbox 492 4574 598 4641; x_wconf 84' lang='lat' dir='ltr'><strong>vel</strong></span> <span class='ocrx_word' id='word_1_332' title='bbox 628 4571 715 4640; x_wconf 88' lang='lat' dir='ltr'><strong>ad</strong></span> <span class='ocrx_word' id='word_1_333' title='bbox 743 4572 927 4659; x_wconf 88' lang='lat' dir='ltr'><strong>ipsos</strong></span> <span class='ocrx_word' id='word_1_334' title='bbox 956 4571 1315 4638; x_wconf 82' lang='lat' dir='ltr'><strong>Thartaros</strong></span> <span class='ocrx_word' id='word_1_335' title='bbox 1347 4571 1838 4658; x_wconf 78' lang='lat' dir='ltr'><strong>pertransirent.</strong></span> <span class='ocrx_word' id='word_1_336' title='bbox 1888 4570 2159 4640; x_wconf 87' lang='lat' dir='ltr'><strong>Duobus</strong></span> <span class='ocrx_word' id='word_1_337' title='bbox 2193 4577 2412 4637; x_wconf 85' lang='lat' dir='ltr'><strong>autem</strong></span> <span class='ocrx_word' id='word_1_338' title='bbox 2444 4570 2568 4638; x_wconf 87' lang='lat' dir='ltr'><strong>fra-</strong></span> 
     </span>
     <span class='ocr_line' id='line_1_41' title="bbox 315 4679 2570 4767; baseline -0 -15"><span class='ocrx_word' id='word_1_339' title='bbox 315 4684 522 4752; x_wconf 87' lang='lat' dir='ltr'><strong>tribus</strong></span> <span class='ocrx_word' id='word_1_340' title='bbox 570 4682 663 4750; x_wconf 90' lang='lat' dir='ltr'><strong>ibi</strong></span> <span class='ocrx_word' id='word_1_341' title='bbox 696 4680 961 4766; x_wconf 84' lang='lat' dir='ltr'><strong>relictis,</strong></span> <span class='ocrx_word' id='word_1_342' title='bbox 1013 4700 1097 4746; x_wconf 86' lang='lat' dir='ltr'><strong>ex</strong></span> <span class='ocrx_word' id='word_1_343' title='bbox 1127 4680 1314 4766; x_wconf 88' lang='lat' dir='ltr'><strong>ipsis,</strong></span> <span class='ocrx_word' id='word_1_344' title='bbox 1369 4679 1703 4748; x_wconf 80' lang='lat' dir='ltr'><strong>conductis</strong></span> <span class='ocrx_word' id='word_1_345' title='bbox 1755 4680 2238 4767; x_wconf 87' lang='lat' dir='ltr'><strong>interpretibus,</strong></span> <span class='ocrx_word' id='word_1_346' title='bbox 2290 4679 2358 4745; x_wconf 91' lang='lat' dir='ltr'><strong>in</strong></span> <span class='ocrx_word' id='word_1_347' title='bbox 2398 4681 2570 4751; x_wconf 85' lang='lat' dir='ltr'><strong>festo</strong></span> 
     </span>
    </p>
   </div>
  </div>
 </body>
</html>
