3359 5250
1799 309 1888 371 40

1794 876 1904 943 25.

711 1059 992 1123 Kdlmdn
1023 1058 1329 1143 ραῖἰοιίαἰ
1380 1057 1599 1143 kircily
1639 1060 1702 1121 6⁸
1733 1057 2092 1121 sclavonici
2128 1055 2380 1142 herczey
2429 1058 2980 1146 kanozellcirjdral

714 1167 856 1230 Filo
903 1164 1171 1251 zdyrcibi
1209 1164 1568 1250 pre'poattal
1603 1169 1663 1229 έε
1711 1163 2093 1229 testve'reivel
2141 1166 2541 1232 bircokesere't
2589 1177 2729 1231 teet.
2782 1169 2978 1231 1237.

931 1359 1322 1427 Colomanus
1358 1361 1483 1426 Dei
1515 1361 1747 1446 gracia
1778 1362 1922 1428 Rex
1954 1368 2020 1427 et
2042 1362 2192 1426 Dux
2223 1361 2427 1427 tocius
2461 1361 2812 1429 Sclauonie
2843 1361 2979 1427 vui-

716 1466 926 1533 uersis
957 1473 1293 1553 presentes
1344 1468 1598 1535 litteras
1632 1470 2025 1556 inspecturis
2077 1470 2359 1536 salutem
2392 1478 2457 1535 et
2489 1490 2678 1539 omne
2714 1471 2973 1539 bonum.

716 1575 1142 1642 Vniuersitati
1193 1584 1413 1642 uestre
1442 1584 1668 1644 tenore
1722 1576 2135 1662 presencium
2189 1578 2487 1643 volumus
2520 1577 2663 1644 fieri
2708 1578 2983 1645 manife-

718 1687 909 1768 stum,
960 1703 1081 1749 nos
1133 1702 1280 1748 cum
1310 1684 1632 1766 Magistro
1682 1683 1897 1769 Phyla
1928 1683 2106 1749 fideli
2157 1704 2237 1748 ac
2286 1682 2525 1750 dilecto
2566 1683 2981 1753 cancellario

714 1796 956 1874 nostro,
988 1789 1330 1875 Preposito
1384 1790 1635 1856 scilicet
1664 1791 2142 1876 Zagrabyensi,
2192 1811 2312 1858 neo
2342 1813 2475 1858 non
2523 1812 2670 1858 cum
2719 1793 2979 1859 Thoma

717 1896 968 1966 Comite
1000 1899 1084 1965 de
1118 1899 1306 1984 Chay
1338 1899 1542 1965 fratre
1574 1920 1714 1984 suo,
1771 1921 1965 1986 super
1996 1899 2281 1983 quadam
2314 1906 2507 1985 terra,
2544 1921 2741 1986 quam
2774 1901 2982 1988 primo

716 2005 882 2092 ipsis
913 2006 1306 2072 dederamus
1335 2005 1405 2071 in
1437 2006 1708 2072 Wamus
1762 2007 1849 2072 ad
1881 2006 2115 2090 uiginti
2150 2013 2392 2091 aratra,
2447 2013 2512 2072 et
2559 2028 2754 2094 super
2803 2013 2988 2074 terra

720 2114 1010 2200 Kyliani,
1065 2134 1191 2200 que
1223 2119 1324 2179 est
1352 2115 1537 2179 iuxta
1569 2114 1867 2198 eandem,
1920 2135 2116 2199 quam
2148 2116 2275 2202 ipsi
2324 2123 2639 2199 emerant,
2690 2124 2755 2182 et
2786 2136 2988 2202 super

721 2230 898 2288 terra
930 2222 1121 2288 Musd
1150 2243 1192 2287 a
1222 2221 1503 2288 Martino
1554 2222 1689 2288 filio
1719 2223 1988 2288 Martini
2020 2224 2101 2288 de
2131 2224 2367 2309 Lypoy
2406 2223 2709 2290 similiter
2761 2243 2985 2292 eorum

723 2327 1114 2414 emptieiam,
1170 2336 1234 2395 et
1263 2347 1394 2394 non
1448 2329 1703 2395 duabus
1753 2328 1964 2395 uineis
1999 2328 2272 2396 Farcasi
2319 2330 2412 2395 fili
2446 2328 2678 2412 Cebze,
2728 2331 2866 2396 tale
2896 2329 2984 2396 fe·

722 2435 892 2502 cisse
923 2436 1393 2520 concambium,
1450 2435 1625 2520 quod
1668 2457 1787 2522 pro
1839 2436 2456 2522 recompensacione
2505 2437 2793 2522 predicte
2843 2458 2985 2524 pos·

724 2544 1036 2611 sessionis
1089 2552 1155 2611 et
1198 2542 1649 2612 comutacione
1701 2543 1996 2610 eiusdem
2046 2541 2346 2611 dedimus
2399 2555 2641 2611 terram
2690 2556 2987 2638 nostram

721 2655 983 2723 nomine
1032 2654 1247 2721 Luder
1295 2654 1720 2738 integraliter,
1772 2660 1838 2719 et
1867 2660 2111 2721 terram
2162 2654 2422 2721 nomine
2470 2656 2738 2740 Heyreh
2792 2653 2989 2720 certis

725 2764 916 2829 metis
949 2783 1032 2828 ex
1063 2763 1238 2828 omni
1269 2775 1456 2848 parte
1489 2761 1861 2828 distinctam
1896 2769 1962 2828 et
1992 2761 2533 2849 circumpositam,
2582 2761 2749 2829 sicut
2780 2763 2985 2848 Botyz

729 2868 962 2936 Comes
993 2890 1140 2937 eam
1190 2870 1573 2957 possederat
1606 2891 1753 2937 cum
1800 2872 2012 2938 tribus
2045 2870 2413 2958 mancipijs‚
2465 2871 2533 2937 in
2566 2874 2802 2957 quibus
2835 2878 2987 2938 sunt

724 2976 1038 3045 tredecim
1072 2979 1405 3045 hominum
1455 2980 1693 3067 capita,
1732 2980 1956 3064 libere,
2011 2980 2227 3064 quiete
2260 2986 2327 3046 et
2355 2980 2628 3066 pacifice
2662 2980 2727 3044 in
2760 3000 2988 3067 perpe-

726 3096 907 3155 tuum
958 3088 1445 3175 possidendam.
1504 3090 1591 3156 Vt
1622 3095 1842 3155 autem
1880 3089 2000 3155 hec
2051 3087 2404 3156 conuencio
2456 3095 2606 3153 rata
2635 3108 2892 3175 semper
2923 3095 2989 3154 et

726 3198 1215 3281 inrefragabilis
1264 3216 1646 3284 permanere
1696 3197 1939 3282 ualeat,
1994 3196 2318 3284 presentis
2350 3197 2579 3284 scripti
2635 3198 2872 3265 seriem
2903 3196 2987 3263 si-

728 3305 871 3389 gilli
900 3307 1107 3372 nostri
1152 3309 1503 3373 munimine
1534 3307 1925 3373 contulimus
1957 3327 2154 3392 super
2185 3307 2310 3374 hoc
2357 3306 2753 3390 roboratam,
2809 3327 2987 3374 anno

730 3412 950 3497 gracie
980 3413 1071 3479 M⁰
1092 3411 1222 3479 00⁰
1242 3415 1462 3480 XXX⁰
1482 3415 1655 3482 VIJ0.

803 3629 919 3693 (Ν.
945 3627 1079 3681 Βὸὶα.
1104 3627 1393 3696 kiralynak
1422 3631 1645 3681 1244-ki
1674 3628 2002 3699 megerositd
2025 3628 2514 3701 privileginmabol,
2551 3632 2689 3682 mint
2710 3627 2911 3696 alabb.)
