3359 5250
1353 343 1481 409 541

274 539 430 626 ipsa
461 560 505 604 a
532 544 826 624 tempore
858 536 1294 624 preueniatur,
1327 539 1527 606 talem
1560 538 1751 606 duxit
1783 539 1998 607 facere
2031 538 2539 624 ordinacionem,

274 646 459 732 quod
508 645 726 713 dotem
777 665 963 715 suam
1001 651 1064 711 et
1115 666 1217 711 res
1252 646 1719 732 parefernales,
1776 666 1855 713 ac
1886 666 2112 714 seruos
2163 653 2229 714 et
2260 647 2538 714 ancillas

273 773 499 822 secum
550 752 870 820 adductas
900 753 982 819 de
1031 773 1150 821 sua
1182 754 1356 823 bona
1395 755 1751 839 uoluntate,
1805 763 1941 821 tam
1973 756 2056 822 ob
2108 754 2536 822 dileccionem

273 858 521 929 federis
573 860 965 947 coniugalis,
1017 859 1192 945 quod
1223 883 1370 929 cum
1404 859 1632 928 eodem
1684 863 1916 929 marito
1950 882 2068 929 suo
2120 861 2441 947 protraxit
2472 868 2540 928 et

274 967 703 1055 protraheret,
760 969 967 1037 donec
999 970 1272 1056 uiueret,
1306 991 1387 1037 ne
1420 969 1655 1056 ipsum,
1707 988 1898 1055 quem
1930 968 2255 1036 uiuentem
2295 952 2535 1055 dilissit,

272 1078 343 1144 in
374 1098 659 1164 persona
706 1076 975 1144 fratrum
1010 1084 1075 1145 et
1105 1086 1535 1164 cognatorum
1583 1098 1846 1147 suorum
1882 1084 2202 1147 mortuum
2253 1079 2534 1165 dampno

273 1187 498 1271 aliquo
532 1192 988 1275 consequatur,
1038 1206 1232 1271 quam
1266 1188 1474 1255 eciam
1506 1195 1771 1275 propter
1805 1187 2099 1256 fauorem
2132 1196 2195 1256 et
2225 1187 2534 1256 dileccio-

272 1313 426 1360 nem
478 1292 750 1363 fratrum
802 1294 959 1363 dicti
1007 1295 1277 1366 Comitis
1309 1297 1513 1380 Wgra
1563 1296 1783 1365 mariti
1837 1297 1936 1364 sui
1987 1302 2357 1365 reuerenter
2406 1295 2536 1362 sibi

273 1399 640 1487 inpensam,
691 1401 821 1488 ipsi
852 1402 1086 1471 Gomiti
1119 1404 1323 1487 Wgra
1359 1403 1591 1470 marito
1625 1423 1744 1471 suo
1778 1403 2128 1472 karissimo
2168 1405 2537 1472 relaxasset

275 1513 339 1573 et
375 1508 465 1574 ad
495 1508 763 1596 plenum
813 1510 1175 1580 remisisset
1207 1512 1381 1580 omni
1416 1511 1515 1578 liti
1547 1517 1612 1578 et
1642 1512 1914 1597 accioni,
1968 1530 2093 1597 que
2123 1511 2193 1577 in
2243 1510 2533 1580 futurum

273 1622 825 1703 attemptarentur
872 1619 1231 1705 susscitari,
1283 1618 1750 1702 renunciando,
1804 1627 1869 1687 et
1902 1621 2161 1707 penitus
2201 1618 2424 1686 irritas
2455 1639 2534 1685 ac

203 1780 210 1787 .
269 1721 551 1790 friuolas
590 1725 987 1812 reputand03
1038 1746 1191 1812 ymo
1223 1726 1497 1793 eundem
1533 1728 1836 1795 maritum
1877 1747 2065 1794 suum
2100 1745 2178 1793 ac
2209 1744 2363 1793 suos
2392 1744 2536 1794 suc·

275 1848 577 1899 cessores
629 1831 963 1900 reddendo
1017 1833 1355 1920 expeditos
1409 1842 1474 1903 et
1507 1837 1755 1921 pariter
1806 1837 2165 1904 absolutos.
2219 1836 2303 1901 Vt
2333 1833 2536 1918 igitur

274 1937 474 2004 huius
508 1936 947 2025 ordinacionis
980 1945 1041 2008 et
1062 1941 1497 2008 relaxacionis
1529 1943 1731 2009 series
1765 1948 1911 2008 rata
1929 1960 2187 2027 semper
2217 1949 2284 2008 et
2314 1942 2533 2008 incon·

275 2064 474 2113 cussa
494 2056 897 2135 permaneat,
931 2067 1050 2114 uec
1072 2067 1382 2136 processu
1401 2051 1715 2135 temporis
1747 2068 1865 2136 per
1896 2047 2270 2135 quempiam
2290 2048 2359 2114 in
2391 2048 2532 2113 irri-

275 2160 416 2221 tum
453 2153 662 2239 possit
712 2157 1027 2239 reuocari,
1080 2156 1166 2222 ad
1202 2158 1590 2225 instanciam
1632 2157 1921 2244 predicte
1971 2154 2232 2223 domine
2279 2155 2531 2223 litteras

277 2268 542 2331 nostras
575 2264 1011 2330 concessimus
1046 2270 1269 2332 nostro
1303 2264 1523 2350 sigillo
1558 2264 1734 2353 (lgy)
1773 2265 2126 2331 munimine
2166 2264 2530 2331 roboratas.

277 2371 525 2439 Datum
558 2392 728 2439 anno
759 2372 1021 2440 Domini
1057 2373 1400 2440 millesimo
1434 2374 1562 2440 013⁰
1593 2373 2025 2457 sexagesimo.

274 2566 550 2636 (Eredetie
595 2567 930 2638 borhsrtyfin
968 2586 1002 2622 a
1041 2569 1505 2640 Osepcshnyi-felo
1543 2570 2022 2639 gylijtemenyben,
2064 2583 2100 2620 a
2135 2571 2207 2621 M.
2233 2568 2532 2626 Akademia

1154 2659 1658 2728 keziratwaraban.)

1151 2947 1665 2958 m

1324 3393 1480 3461 385.

271 3583 336 3642 A
367 3535 722 3642 keresztesek
752 3581 1115 3663 eszteeyami
1143 3574 1565 3661 lconvenq'e'nele
1593 3575 2131 3661 bizonysa'qlevele,
2177 3577 2338 3661 hoqy
2368 3534 2547 3639 Mete.

271 3685 668 3770 Elusnakfla
720 3685 973 3750 tizenkefft
1004 3685 1439 3771 elcenyifiildee
1472 3685 1640 3749 Been
1673 3685 2001 3749 mesternelt·
2051 3684 2296 3749 eladott.
2338 3683 2532 3748 1260.

415 3877 424 3882 ’
487 3883 717 3949 Frater
748 3882 1039 3951 Jacobus
1072 3882 1504 3949 miseracione
1537 3879 1783 3947 Diuina
1814 3879 2131 3965 Magister
2158 3878 2530 3966 Hospitalis

271 3992 521 4057 Domus
554 3989 778 4057 Sancti
810 3989 1129 4077 Stephani
1161 3989 1359 4073 Regis
1393 3987 1475 4055 de
1506 3987 1840 4071 Strigonio
1875 3994 1939 4053 et
1959 3986 2332 4055 conuentus
2364 3987 2531 4058 eius·

272 4099 443 4185 dem,
499 4097 800 4163 omnibus
849 4104 1186 4182 presentes
1239 4097 1490 4163 litteras
1541 4093 1931 4181 inspecturis
1982 4094 2262 4162 salutem
2302 4095 2367 4161 in
2399 4095 2533 4168 Do«v

271 4206 448 4275 mino
482 4208 645 4275 Jesu
675 4205 956 4275 Christo.
1003 4206 1108 4272 Ad
1140 4206 1583 4274 vniuersorum
1617 4204 1930 4272 noticiam
1962 4204 2256 4271 volumus
2303 4214 2539 4287 perne-⁴

266 4316 427 4403 nire,
482 4314 655 4400 quod
708 4314 1080 4383 constitutis
1131 4335 1354 4384 coram
1401 4312 1592 4380 nobis
1625 4313 1797 4381 Mete
1848 4311 1980 4380 filio
2026 4310 2184 4378 Elus
2236 4310 2317 4376 de
2365 4309 2530 4377 uilla

268 4422 575 4493 Mortund
631 4423 768 4512 (de)
824 4423 1182 4492 Par-rochia
1231 4422 1577 4490 Huntiensi
1633 4442 1716 4488 ex
1769 4442 1900 4489 una
1950 4424 2175 4506 parte3
2239 4423 2305 4485 et
2350 4416 2527 4482 Been

269 4535 586 4618 magistro
640 4531 776 4599 filio
807 4532 1080 4600 Bitroldi
1117 4553 1197 4598 ex
1230 4533 1475 4614 altera3
1535 4530 1708 4596 idem
1744 4532 1911 4595 Mete
1944 4546 2311 4615 proponens
2350 4544 2524 4602 asse,-

268 4642 398 4710 ruit
447 4641 605 4709 uiua
634 4661 833 4727 uoce;
888 4640 1065 4724 quod
1096 4645 1245 4707 ante
1296 4638 1809 4706 destruccionem
1862 4656 1940 4704 ac
1990 4632 2535 4705 deuastacionem·
