3359 5250
1823 341 1962 407 240

765 553 1037 621 clericus
1067 570 1187 639 pro
1217 551 1411 620 Sedis
1444 552 1829 640 Apostolice
1880 553 2159 640 negotiis
2192 554 2488 642 fideliter,
2526 565 2598 627 ut
2628 558 3020 642 accepimus,

763 660 1103 747 laboravit,
1133 659 1435 747 precibus
1465 659 1782 746 inclinati,
1834 680 1913 728 ac
1942 662 2107 748 ejus,
2136 681 2283 730 cum
2313 682 2565 751 pauper
2595 663 2702 749 sit,
2736 664 3014 733 volendo

761 786 1033 854 parcere
1063 766 1396 838 laboribus
1428 777 1494 837 et
1523 768 1852 859 expensis,
1883 769 2290 857 mandamus,
2323 770 2651 861 quatinus,
2681 772 2741 840 si
2769 779 2872 841 est
2902 772 3021 859 ita,

764 876 1177 944 revocatione
1216 875 1607 963 hujusmodi,
1652 879 1760 945 vel
1809 877 2102 963 qualibet
2148 878 2525 967 Apostolice
2570 878 2762 948 Sedis
2813 877 3024 947 indul-

767 982 995 1069 gentia
1024 1002 1156 1052 non
1188 983 1511 1072 obstante,
1543 990 1675 1052 tam
1708 1003 1753 1051 a
1782 986 2069 1071 Decano‚
2104 993 2171 1055 et
2201 984 2525 1073 Capitulo,
2554 1005 2749 1072 quam
2778 986 2864 1053 ab
2895 986 3024 1054 Ab·

767 1091 1023 1163 batissa
1067 1099 1134 1161 et
1163 1079 1496 1162 conventu
1528 1091 1841 1179 predictis
1879 1093 2079 1180 juxta
2105 1092 2342 1180 prefati
2375 1092 2716 1163 scolastici
2746 1093 3022 1163 directa-

765 1221 908 1270 rum
954 1199 1045 1269 ad
1073 1201 1256 1289 ipsos
1284 1200 1751 1271 continentiam
1801 1201 2163 1270 litterarum
2193 1201 2582 1271 auctoritate
2613 1201 2820 1270 facias
2850 1203 3024 1288 Apo-

767 1309 1003 1378 stolica
1030 1308 1396 1396 providere.
1444 1305 1975 1377 contradictores
2009 1315 2130 1378 etc.
2178 1310 2424 1376 Datum
2456 1308 2758 1395 Lugduni
2805 1309 3023 1377 idibus

769 1415 1193 1504 Septembris,
1224 1415 1650 1485 Pontificatus
1683 1416 1893 1485 nostri
1923 1436 2095 1485 anuo
2126 1416 2372 1503 quinto.

1428 1595 1744 1664 <Turgencv
1768 1597 1840 1649 id.
1865 1614 1936 1650 rn.
1961 1598 2009 1651 1.
2034 1596 2146 1650 kot,
2172 1596 2259 1652 ⁶6.
2286 1597 2346 1665 l.)

1811 2311 1963 2382 16¹7.

756 2476 880 2543 IV.
912 2478 1092 2544 Inone
1125 2479 1311 2565 pdpa
1355 2476 1663 2545 Waszilko
1694 2476 2076 2545 Lodomen‘a
2120 2476 2496 2566 kirdlydnak
2538 2479 2894 2566 Ιιάεαεσάςα
2943 2491 3021 2545 te·

1365 2582 2044 2669 kintcte‘bmfelmmtdst
2070 2582 2183 2655 dd.
2219 2579 2417 2653 1247.

974 2762 1391 2832 Innocentius
1438 2761 1807 2851 Episcopus
1835 2780 2065 2833 servus
2093 2781 2465 2832 szervorum
2513 2761 2641 2831 Dei
2672 2763 3018 2834 carissimo

757 2870 828 2937 in
877 2870 1134 2939 Christo
1181 2868 1314 2939 filio
1363 2869 1732 2938 Walificoni
1763 2867 1937 2958 (igy)
1978 2868 2368 2939 Lodomerie
2412 2869 2580 2956 Regi
2628 2869 2913 2940 salutem
2957 2878 3024 2940 et

761 2976 1210 3065 Apostolieam
1242 2974 1783 3047 benedictionem.
1831 2976 1972 3045 Etsi
2020 2976 2384 3064 conjunctio
2433 2976 2668 3063 copule
2715 2979 3025 3066 conjuga·

761 3084 845 3154 lis
884 3084 953 3153 in
1008 3085 1201 3154 tertia
1248 3089 1314 3153 et
1362 3090 1602 3171 quarta
1649 3084 2239 3171 consanguinitatis
2288 3085 2394 3153 vel
2443 3084 2786 3155 affinitatis
2840 3086 3021 3157 linea

764 3193 972 3262 saeris
1020 3194 1112 3262 sit
1152 3193 1512 3264 canonibus
1543 3192 1911 3281 interdicta,
1960 3192 2232 3281 provide
2262 3199 2482 3262 tamen
2531 3212 2729 3282 super
2764 3192 2895 3263 hiis
2924 3194 3019 3262 in·

760 3298 1015 3369 terdum
1046 3301 1347 3370 Romana
1377 3300 1722 3389 dispensat
1748 3300 2067 3386 Ecclesia,
2100 3300 2387 3371 maxime
2416 3321 2565 3372 cum
2584 3305 2773 3387 urget
2801 3320 3026 3371 neces·

762 3408 950 3497 sitas,
982 3407 1089 3476 vel
1119 3406 1390 3477 evidens
1420 3407 1673 3478 utilitas
1702 3405 1773 3476 id
1805 3408 2121 3496 exposcit.
2155 3408 2317 3478 Cum
2346 3408 2547 3495 igitur
2582 3408 2924 3478 carissime
2954 3409 3022 3475 in

759 3515 1015 3586 Christo
1046 3514 1178 3585 filie
1210 3514 1558 3584 Dubrauce
1588 3516 1864 3603 Regine,
1895 3514 2139 3585 Illustri
2172 3515 2361 3585 uxori
2408 3521 2537 3601 tue,
2571 3515 2676 3584 cui
2705 3515 2773 3583 in
2821 3516 3017 3584 tertio

759 3620 1346 3710 consanguinitatis
1367 3621 1576 3710 gradu
1602 3622 1862 3709 affines,
1895 3621 2458 3692 matrimonialiter
2487 3621 2581 3691 sis
2611 3625 3019 3709 conjunctus,

759 3751 879 3800 nos
911 3730 1320 3801 attendentes
1351 3728 1783 3816 devotionem,
1813 3749 2011 3817 quam
2041 3730 2248 3799 habes
2279 3728 2367 3798 ad
2403 3730 2765 3799 Romanam
2796 3730 3018 3798 Eccle-

756 3836 946 3925 siam,
979 3836 1285 3924 quodque
1333 3837 1402 3904 in
1431 3855 1515 3906 ea
1545 3856 1808 3905 manere
1846 3834 2206 3924 desideras,
2258 3844 2327 3905 et
2355 3836 2661 3907 inducere
2712 3835 2883 3906 alios
2931 3836 3021 3904 ad

763 3942 1061 4034 eandem,
1094 3951 1167 4013 ut
1192 3943 1263 4014 in
1310 3943 1686 4015 huiusmodi
1734 3944 2163 4033 matrimonio,
2216 3965 2345 4015 non
2394 3944 2694 4015 obstante
2741 3946 3016 4036 impedi-

757 4062 975 4125 mento
1007 4052 1321 4143 predicto,
1355 4072 1694 4122 remanere
1724 4052 1927 4122 libere
1955 4054 2205 4140 valeas,
2234 4060 2448 4123 tecum
2468 4054 2856 4124 auctoritate
2879 4074 3021 4141 pre·

757 4160 934 4232 dicta
952 4161 1431 4250 dispensamus.
1452 4160 1633 4230 Nulli
1652 4180 1809 4249 ergo
1829 4169 1951 4230 etc.
1974 4169 2193 4231 nostre
2211 4160 2722 4250 dispensationis
2743 4169 2870 4231 etc.
2890 4164 3018 4230 Da·

755 4276 894 4338 tum
927 4269 1231 4358 Lugduni
1269 4268 1463 4339 nonis
1493 4270 1877 4339 Decembris
1906 4271 2329 4341 Pontificatus
2360 4271 2541 4340 nosri
2571 4289 2745 4339 anno
2767 4270 3017 4356 quinto.

969 4378 1046 4447 In
1075 4375 1351 4447 eundem
1384 4376 1645 4447 modum
1674 4378 1985 4466 scriptum
2013 4378 2141 4449 fuit
2169 4379 2519 4449 Dubrauce
2536 4377 2808 4466 Regine,
2843 4377 3015 4463 ejus-

756 4484 904 4553 dem
932 4486 1340 4556 Walificonis
1374 4486 1583 4557 uxori.

1426 4651 1742 4718 (Tm-genev
1767 4650 1839 4702 id.
1871 4666 1942 4702 m.
1967 4651 2015 4705 Ι.
2037 4650 2150 4703 kot-
2178 4649 2265 4704 6⁶1.
2294 4649 2356 4717 1.)
