3359 5250
1442 369 1529 434 55

347 561 480 626 stri
512 563 867 630 munimine
899 563 1208 631 iussimus
1239 565 1555 632 roborari.
1608 566 1850 631 Datum
1890 588 2061 636 anno
2096 572 2318 653 gracie
2357 570 2616 637 millesi-

347 690 463 735 mo
514 668 953 739 ducentesimo
1005 673 1331 741 tricesimo
1384 680 1637 759 octauo,
1700 681 1884 742 sexto
1940 676 2263 743 kalendas
2316 678 2615 747 Januarii

340 777 563 860 Regni
596 784 818 844 autem
847 780 1056 846 nostri
1088 801 1261 848 anno
1292 780 1516 848 tercio.

336 971 623 1035 (Eredetie
663 974 991 1043 b6rhtirtyan
1013 1016 1025 1038 ‚
1072 979 1293 1045 melyrffi
1332 996 1367 1031 a
1405 979 1591 1046 peccet
1628 982 1902 1044 elveszett,
1947 998 1980 1034 a
2017 983 2182 1035 budai
2221 984 2323 1035 kir.
2365 946 2610 1037 kamarai

1293 1068 1674 1138 leveltarban.)

1212 1323 1745 1335 -..Ἢ

1422 1804 1531 1872 36.

340 1982 468 2047 IX.
523 1981 793 2069 Geryely
839 1985 1020 2070 pdpa
1070 2008 1110 2048 a
1160 1986 1679 2069 moqyarorszdyi
1726 1984 2156 2070 flipapoknak
2205 1984 2600 2071 meqhaqyja,

334 2090 508 2174 ἧσαι]
540 2091 855 2172 azokuak,
904 2090 1015 2153 kik
1043 2113 1084 2153 α
1117 2091 1357 2177 kircilyt
1387 2115 1430 2154 a
1463 2090 1764 2176 bolydrok
1815 2091 2001 2155 ellani
2033 2089 2396 2156 ludher-dhan
2440 2091 2598 2156 7:256-

941 2199 1064 2280 rik,
1101 2199 1321 2263 bucszit
1349 2200 1767 2264 hirdessenek.
1805 2200 1998 2267 1238.

564 2397 922 2481 Gregorius
944 2396 1311 2482 Episcopus
1333 2415 1562 2463 seruus
1599 2417 1935 2464 seruorum
1956 2398 2080 2465 Dei
2111 2397 2598 2466 venerabilibus

331 2503 658 2570 fratribus
689 2555 704 2570 .
730 2554 786 2570 ..
822 2504 1371 2591 Arebiepiscopis,
1407 2504 1775 2591 Episcopis,
1807 2512 1872 2573 et
1903 2504 2162 2572 dilectis
2195 2504 2349 2572 filiis
2379 2506 2597 2572 Abba-

332 2612 538 2692 tibus,
592 2613 927 2681 Prioribus
959 2623 1025 2682 et
1056 2614 1374 2682 universis
1408 2615 1852 2683 Ecclesiarum
1884 2615 2165 2683 Prelatis
2206 2620 2271 2681 et
2302 2613 2596 2681 sacerdo-

334 2723 541 2806 tibus,
594 2729 728 2788 tam
760 2724 1087 2807 religiosis
1139 2744 1337 2808 quam
1368 2724 1774 2791 secularibus
1806 2745 1924 2811 per
1955 2724 2314 2809 Ungariam
2363 2723 2594 2790 consti·

334 2828 497 2896 tutis
542 2830 820 2896 salutem
852 2837 918 2897 et
945 2831 1392 2917 Apostolieam
1446 2830 1988 2898 benedictionem.
2021 2832 2106 2897 Et
2156 2830 2284 2898 sibi
2327 2830 2597 2897 karissi-

338 2957 487 3005 mus
520 2938 587 3003 in
611 2936 868 3004 Christo
901 2937 1072 3005 filius
1102 2944 1325 3006 noster
1358 2988 1455 3004 ...
1490 2939 1782 3024 Ungarie
1811 2942 1952 3007 Rex
1982 2939 2266 3007 Illustris
2299 2939 2595 3006 meritum

337 3046 857 3131 incomparabile
906 3052 1243 3132 comparat
1296 3048 1473 3133 apud
1520 3049 1752 3131 Deum,
1810 3053 1875 3113 et
1922 3048 2111 3115 nobis
2157 3045 2596 3131 spiritualium

335 3159 595 3241 prestat
617 3154 959 3220 materiam
980 3153 1369 3237 gaudiorum
1392 3181 1407 3239 ;
1444 3156 1599 3239 quia
1619 3157 1947 3237 universa,
1988 3172 2113 3239 que
2133 3151 2381 3220 obtinet
2399 3169 2597 3237 super

334 3272 601 3347 terram,
655 3263 739 3329 ab
772 3263 889 3329 illo
921 3265 1253 3331 humiliter
1284 3284 1779 3348 recognoscens,
1832 3284 1874 3329 a
1905 3282 2032 3348 quo
2064 3260 2455 3328 sublimatus
2490 3264 2591 3326 est

334 3370 548 3455 Regia
579 3370 919 3455 dignitate,
972 3391 1050 3437 ac
1083 3370 1143 3437 ei
1194 3376 1333 3438 tota
1365 3392 1437 3438 se
1469 3370 1815 3439 devotione
1853 3370 2290 3451 substernens,
2343 3367 2455 3450 qui
2486 3386 2590 3432 ex-

336 3481 508 3546 altat
537 3478 814 3544 humiles
848 3478 914 3545 in
946 3479 1246 3563 salutem,
1282 3479 1367 3546 ad
1401 3479 1886 3562 obsequendum
1924 3476 2051 3543 sibi
2077 3481 2302 3546 contra
2333 3474 2593 3562 impios,

336 3586 664 3654 hereticos
727 3591 793 3650 et
855 3585 1261 3654 scismaticos
1312 3593 1484 3653 terre
1533 3584 1776 3652 Assani
1797 3636 1816 3669 ,
1878 3585 2216 3672 ipsumque
2265 3580 2594 3649 Assanum

336 3694 809 3776 scismaticum,
848 3713 1055 3778 nuper
1104 3691 1190 3759 ad
1240 3691 1812 3763 commonitionem
1862 3699 2154 3759 nostram
2203 3708 2334 3756 non
2383 3686 2594 3755 solum

336 3820 463 3868 sua
514 3799 791 3867 devotus
825 3802 1149 3886 exposuit,
1201 3800 1317 3867 sed
1369 3799 1569 3867 etiam
1616 3800 2058 3885 semetipsum,
2107 3801 2373 3883 propter
2420 3793 2593 3878 quod

337 3908 742 3975 excellencie
790 3926 906 3974 sue
937 3908 1147 3974 zelum
1179 3906 1395 3991 dignis
1426 3907 1494 3975 in
1525 3907 1802 3974 Domino
1851 3904 2155 3972 laudibus
2189 3899 2596 3970 commenda-

337 4032 504 4097 mus,
540 4034 620 4080 ac
651 4014 1102 4100 prosequimur
1132 4014 1496 4081 actionibus
1528 4014 1912 4096 gratiarum.
1965 4009 2284 4092 Ceterum,
2317 4008 2473 4092 quia
2502 4006 2592 4073 in·

335 4121 607 4208 dignum
639 4129 834 4205 esset,
885 4129 956 4187 ut
987 4120 1138 4188 dum
1170 4122 1343 4188 idem
1375 4123 1515 4189 Rex
1566 4120 1806 4188 militat
1836 4119 2000 4204 Regi
2036 4120 2290 4201 Regum
2320 4111 2592 4198 aliquod

333 4231 550 4317 Regni
595 4230 696 4298 sui
750 4228 1167 4315 dispendium
1217 4230 1521 4317 patiatur,
1574 4231 1641 4296 in
1694 4247 1937 4313 omnes,
1986 4225 2101 4311 qui
2130 4231 2476 4312 postquam
2515 4242 2590 4290 se

337 4338 691 4408 accinxerit
742 4336 829 4405 ad
878 4335 1199 4423 prefatum
1250 4336 1581 4423 negotium
1634 4331 2087 4421 exequendum
2106 4384 2124 4416 ,
2171 4329 2482 4416 quamdiu
2526 4331 2596 4398 in

331 4448 790 4536 prosecutione
819 4444 1027 4533 ipsius
1046 4444 1260 4531 fuerit,
1294 4448 1592 4533 Regnum
1616 4445 1831 4531 ipsum
1848 4440 2216 4511 invaserint
2234 4440 2342 4508 vel
2362 4443 2589 4508 contra

339 4576 488 4626 eum
520 4555 786 4623 diabolo
808 4552 1321 4637 conspiraverint
1339 4553 1715 4638 instigante,
1751 4544 2434 4619 excommunicationis
2454 4564 2595 4613 sen-

342 4666 612 4733 tentiam
659 4661 1171 4750 promulgamus,
1224 4679 1418 4746 quam
1451 4679 1567 4747 per
1612 4680 1733 4728 vos
1764 4660 2062 4727 volumus
2115 4663 2180 4722 et
2209 4652 2593 4723 mandamus
