3359 5250
1878 358 2171 464 „ist—⁰&

793 553 1058 633 guasset
1089 567 1233 613 cum
1286 548 1584 615 omnibus
1620 549 2012 620 vtilitatibus
2062 560 2126 621 et
2158 546 2577 640 pertinencijs
2617 543 2759 611 suis
2790 541 3048 628 quibus·

791 655 973 737 libet,
1008 654 1197 721 terris
1231 654 1615 741 arabilibus,
1662 658 1870 745 siluis,
1902 662 2132 748 pratis,
2183 659 2406 745 fluuijs
2437 666 2504 724 et
2539 654 2702 723 locis
2736 648 3049 719 molendi-

788 783 1037 848 norum,
1090 763 1155 828 in
1190 771 1571 849 perpetuum
1603 771 1668 830 et
1720 766 2234 837 irreuocabiliter
2279 761 2768 855 possidendam,
2820 767 3046 827 tenen·

792 873 942 939 dam
991 870 1236 958 pariter
1265 877 1332 938 et
1378 871 1769 959 habendam,
1822 876 2346 946 contradiccione
2394 870 2832 960 quorumlibet
2876 887 3048 935 com-

791 988 1232 1047 metaneorum
1266 984 1331 1045 et
1366 979 1722 1049 vicinorum
1767 982 1940 1051 dicte
1988 984 2449 1072 possessionis,
2496 989 2566 1048 vt
2607 975 3043 1067 premisimus,

788 1109 917 1171 non
950 1087 1274 1171 obstante,
1308 1087 1542 1160 Comiti
1575 1090 1864 1159 Pertlino
1914 1100 1981 1160 et
2013 1090 2508 1179 posteritatibus
2542 1084 3049 1154 descedentibus

793 1195 879 1262 ab
911 1194 1159 1262 eodem.
1217 1194 1291 1261 In
1330 1197 1511 1264 cuius
1559 1198 1653 1265 rei
1705 1202 2080 1269 memoriam
2129 1207 2196 1267 et
2243 1207 2621 1289 perpetuam
2678 1193 3046 1262 firmitatem

789 1313 1127 1392 presentes
1158 1307 1557 1375 concesimus
1607 1307 1862 1376 litteras
1893 1308 2094 1393 sigilli
2144 1308 2349 1376 nostri
2389 1306 2742 1376 munimine
2778 1303 3043 1372 robora·

791 1423 915 1483 tas.
972 1417 1214 1483 Datum
1264 1417 1331 1483 in
1381 1417 1727 1501 quindenis
1777 1420 2019 1486 Passce
2070 1416 2336 1485 Domini
2384 1436 2559 1485 anno
2614 1412 2907 1482 eiusdem
2955 1413 3047 1478 Μ’

791 1524 1233 1593 ducentesimo
1267 1524 1807 1609 quinquagesimo
1846 1531 2051 1594 sexto.

793 1725 1066 1789 (EredetIe
1105 1722 1437 1789 b6rhartyan
1458 1739 1492 1775 a
1528 1719 1900 1790 kaptalannak
1940 1724 2060 1776 zbld
2097 1723 2552 1791 selyemzsinoron
2590 1723 2761 1790 sssggb'
2799 1721 3043 1791 peesetjo

791 1816 931 1866 alatt
955 1829 989 1865 a
1015 1815 1184 1865 budai
1210 1815 1313 1869 kir.
1342 1815 1587 1866 kamarai
1624 1812 1982 1867 leveltarban.
2006 1817 2287 1882 Ugyanott
2313 1816 2567 1867 6riztetik
2607 1830 2670 1866 az
2696 1813 3041 1880 okmainynak

790 1920 825 1955 a.
849 1902 1311 1955 szekosfehervz'rri
1356 1902 1613 1971 kaptalan
1658 1902 1796 1956 alta!
1840 1903 2056 1957 kesziilt
2102 1909 2237 1957 1330
2284 1905 2557 1967 „secundo
2603 1904 2688 1956 die
2730 1905 3042 1955 festivitatis

791 1996 957 2045 Beate
982 1995 1154 2045 Mario
1181 1996 1582 2061 Magdalenae“
1611 1994 1730 2046 kelt
1756 1992 1957 2046 atirata
1977 1997 2042 2056 is,
2071 1994 2269 2061 melyot
2293 1993 2418 2046 kert
2442 1995 2754 2059 „Georgius
2772 1994 3042 2044 officialis

791 2086 1040 2151 Magistri
1068 2086 1280 2136 Andreo
1305 2086 1403 2151 filij
1433 2086 1663 2150 Mcrlyn,
1703 2083 2000 2136 castellani
2028 2086 2094 2136 de
2120 2084 2545 2150 Symunturnyn,
2580 2085 2705 2134 vice
2730 2090 2789 2135 et
2823 2082 3041 2132 nomino

790 2175 1038 2239 Magistri
1064 2175 1335 2228 Johannis
1362 2175 1457 2240 filij
1488 2176 1678 2226 Heuch
1708 2176 1954 2226 Rectoris
1982 2176 2126 2227 Noui
2149 2175 2354 2227 Montis
2377 2175 2697 2234 Pesttensis,
2733 2179 2789 2224 et
2814 2173 3041 2239 predicti

1451 2266 1700 2331 Magistri
1726 2266 1939 2317 Andree
1964 2262 2374 2333 Domini-sui.“)

1669 2569 1919 2578 ————--.
1935 2572 1989 2576 κ--
2004 2572 2013 2575 -
2028 2571 2175 2577 -—-—

1846 3058 2004 3129 316.

791 3264 854 3328 A
884 3262 1145 3348 zdyrdbi
1173 3259 1599 3348 kciptalannak
1628 3282 1669 3324 a
1708 3254 1887 3324 Gurk
1917 3257 2150 3324 Buzad
2196 3259 2319 3324 bein
2336 3261 2434 3343 fla
2465 3264 2528 3322 ἐς
2562 3258 2816 3345 Mihdly
2852 3283 3043 3326 comes

790 3393 1004 3458 uyycm
1041 3370 1265 3434 Bur-ad
1298 3370 1418 3434 Ιιάη
1454 3374 1697 3432 testre're
1726 3366 1891 3431 lro'zti
1920 3367 2116 3432 bio-tole
2146 3373 2330 3432 esere't
2360 3367 2656 3454 ta'rqyazo'
2685 3369 3039 3455 bixonysdy·

1710 3474 1906 3539 levele.
1948 3472 2138 3539 1256.

1009 3673 1378 3760 Capitulum
1410 3672 1879 3756 Zagrabiensis
1900 3670 2192 3740 Ecclesie
2224 3670 2524 3741 omnibus
2544 3689 2815 3757 presens
2845 3671 3043 3760 scrip-

790 3789 926 3848 tum
959 3779 1354 3866 inspecturis
1386 3781 1666 3846 salutem
1699 3779 1766 3846 in
1784 3781 2085 3849 Domino.
2119 3778 2223 3846 Ad
2254 3778 2703 3847 uniuersorum
2736 3779 3044 3848 noticiam

789 3890 1020 3957 harum
1072 3888 1242 3956 serie
1296 3887 1590 3953 uolumus
1642 3886 2006 3974 peruenire,
2059 3885 2234 3971 quod
2282 3885 2650 3954 constitutis
2702 3886 2771 3951 in
2820 3895 3046 3955 nostra

791 3995 1133 4083 presencia
1183 3996 1270 4061 ab
1307 4015 1438 4061 una
1487 4002 1672 4081 parte
1705 3993 1888 4061 Gurk
1939 3993 2072 4064 filio
2112 3991 2333 4061 Ochuz
2381 3992 2709 4078 quondam
2741 3995 2932 4079 Rani,
2984 4000 3048 4061 et

788 4107 877 4173 ab
925 4105 1138 4171 altera
1190 4100 1427 4187 Egidio
1491 4102 1762 4170 officiali
1813 4100 2083 4171 Comitis
2141 4101 2484 4170 Michaelis
2537 4101 2758 4170 fratris
2822 4102 3045 4188 magni

789 4212 1014 4279 Buzad
1063 4230 1179 4297 pro
1234 4211 1377 4297 ipso
1432 4211 1685 4280 Comite
1734 4211 2095 4296 Michaele3
2145 4210 2315 4278 idem
2366 4209 2642 4295 Egidius
2692 4210 3045 4278 secundum

789 4319 965 4406 quod
984 4319 1190 4386 eciam
1224 4319 1441 4400 littere
1473 4318 1723 4387 domini
1755 4318 1878 4404 sui,
1909 4338 2077 4404 quas
2110 4319 2301 4387 nobis
2321 4317 2638 4405 exhibuit,
2676 4317 2798 4387 sub
2830 4317 3047 4403 sigillo

789 4427 1046 4497 notorio
1079 4426 1483 4511 astruebant,
1517 4427 1849 4495 dominum
1885 4445 2093 4512 suum,
2137 4423 2453 4493 Comitem
2484 4424 2737 4492 scilicet
2767 4424 3049 4493 Michae-

788 4536 938 4623 lem‚
988 4542 1231 4604 terram
1281 4536 1575 4603 Zebusce
1624 4555 1771 4603 cum
1824 4542 1968 4604 octo
2014 4535 2218 4621 uillis,
2267 4553 2464 4621 quam
2511 4540 2755 4603 terram
2801 4534 3044 4602 ibidem

789 4643 1071 4712 Michael
1121 4642 1354 4712 Comes
1407 4650 1744 4730 receperat
1773 4642 1859 4710 de
1908 4662 2149 4729 genero
2197 4662 2316 4711 suo
2366 4640 2551 4710 Gurk
2601 4641 2932 4710 antedicto
2978 4641 3041 4708 iu
