3359 5250
1833 309 1966 378 552

768 513 1052 578 ceterum
1087 514 1153 576 et
1169 506 1437 575 Wedint
1460 508 1755 592 Regnum
1796 511 2288 598 expugnabant,
2321 513 2506 580 cuius
2541 511 2670 582 duo
2687 514 3035 600 Principes

770 625 998 702 erant3
1050 623 1116 683 et
1145 637 1314 686 unus
1345 616 1717 703 Principum
1770 639 1916 687 eum
1945 626 2083 688 toto
2115 622 2361 708 populo
2393 629 2457 688 et
2510 621 2764 690 familia
2793 624 3031 690 'Parta-

769 748 987 795 rorum
1038 724 1330 795 dominio
1362 746 1434 795 se
1485 727 1782 814 subiecit,
1836 730 2008 797 alter
2053 750 2207 797 vero
2254 731 2403 798 loca
2449 731 2887 799 munitissima
2938 731 3033 799 ad

769 832 1076 902 tuendum
1105 853 1180 901 se
1210 835 1375 920 petit
1405 854 1551 900 cum
1582 836 1811 921 paucis
1844 836 2130 922 populis,
2169 836 2226 904 si
2258 836 2527 907 valeret.

984 942 1175 1008 Nunc
1203 946 1444 1028 autem,
1495 944 1740 1010 cumin
1774 944 2010 1011 finibus
2041 946 2282 1012 Ruscie
2334 965 2762 1031 maneremus,
2817 965 3030 1033 prope

773 1050 869 1117 rei
921 1050 1249 1119 sensimus
1279 1051 1664 1139 veritatem3
1716 1052 1894 1139 quod
1924 1060 2096 1121 totus
2147 1056 2475 1125 exercitus
2526 1058 2612 1123 ad
2644 1064 2870 1146 partes
2918 1078 3025 1125 ve-

770 1160 960 1229 niens
991 1160 1372 1245 occidentis,
1422 1162 1487 1228 in
1519 1169 1803 1245 quatuor
1830 1163 2128 1250 partibus
2161 1171 2338 1231 esset
2366 1164 2639 1233 divisus.
2690 1166 2841 1232 Una
2874 1187 3030 1251 pars

775 1289 819 1334 a
848 1267 1046 1335 fluvio
1095 1268 1275 1336 Ethil
1326 1267 1393 1334 in
1443 1268 1682 1337 finibus
1729 1270 1969 1337 Ruseie
2001 1292 2044 1337 a
2088 1273 2293 1356 plaga
2335 1272 2640 1340 orientali
2692 1274 2778 1340 ad
2824 1273 3029 1341 Sudal

779 1374 1116 1463 applicuit.
1168 1377 1398 1445 Altera
1430 1398 1583 1445 vero
1616 1398 1773 1464 pars
1804 1399 2036 1447 versus
2070 1380 2406 1449 meridiem
2436 1381 2567 1449 iam
2610 1383 2769 1451 fines
2800 1382 3027 1450 Risen·

775 1483 904 1571 nie,
936 1486 1050 1570 qui
1082 1493 1185 1554 est
1213 1485 1385 1553 alius
1416 1488 1712 1555 Dueatus
1745 1488 2215 1575 Ruthenorum,
2250 1491 2544 1577 Regnum
2578 1493 3026 1577 expugnabat.

776 1593 1019 1661 Tereia
1050 1601 1268 1662 autem
1286 1613 1445 1682 pars
1477 1604 1706 1663 contra
1736 1597 2006 1664 fluvium
2025 1598 2217 1666 Denb
2249 1620 2455 1687 prope
2475 1607 2760 1668 castrum
2782 1600 3030 1686 Orgen-

777 1701 993 1788 husin,
1046 1703 1157 1787 qui
1208 1707 1311 1769 est
1357 1704 1528 1771 alius
1558 1705 1859 1775 Ducatus
1908 1707 2374 1795 Ruthenorum,
2426 1708 2834 1777 resistebant.
2892 1708 3036 1778 Hoc

780 1817 1000 1878 tamen
1031 1817 1477 1897 expectantes,
1526 1813 1696 1880 sicut
1727 1813 1853 1899 ipsi
1885 1815 2192 1902 Rutheni,
2224 1818 2547 1904 Hungari,
2581 1818 2873 1903 Bulgari,
2923 1817 3036 1904 qui

783 1926 937 1989 ante
965 1920 1292 2006 fugerant,
1342 1921 1533 1991 nobis
1564 1920 1718 1999 viva
1749 1943 1908 1991 voce
1937 1925 2249 2012 ferebant,
2304 1927 2480 2013 quod
2509 1933 2690 1994 terra
2719 1926 2934 1994 fluviis
2965 1935 3032 1995 et

783 2028 1137 2117 paludibus
1186 2029 1252 2098 in
1285 2032 1590 2119 proxima
1639 2032 1851 2101 hieme
1883 2035 2268 2120 congelatis,
2321 2040 2524 2102 totam
2560 2034 2867 2103 Rusciam
2921 2034 3038 2102 toti

783 2136 1184 2206 multitudini
1235 2138 1330 2206 sic
1374 2137 1565 2207 facile
1614 2146 1716 2208 est
1747 2139 2112 2228 depredari,
2168 2141 2339 2208 sicut
2383 2147 2584 2208 totam
2634 2148 2877 2209 terram
2910 2145 3037 2210 Ru·

783 2245 1145 2315 thenorum.

999 2352 1111 2420 Sic
1142 2358 1358 2419 tamen
1390 2355 1509 2422 hec
1540 2357 1760 2425 omnia
1789 2357 2196 2444 intelligatis,
2250 2357 2424 2444 quod
2453 2361 2605 2427 Dux
2644 2358 2755 2425 illc
2786 2361 3038 2445 primus

791 2460 1139 2546 Gurgutha
1164 2463 1445 2549 nomine,
1496 2465 1607 2551 qui
1639 2466 1763 2535 hoc
1812 2468 2058 2535 bellum
2110 2468 2466 2554 inchoavit,
2516 2477 2617 2537 est
2670 2469 3037 2536 defunctus.

791 2569 983 2637 Nunc
1014 2575 1236 2638 autem
1266 2570 1439 2640 tilius
1471 2575 1613 2660 ejus
1635 2575 1869 2663 Ghayn
1902 2585 2138 2663 regnat
2169 2597 2285 2662 pro
2316 2575 2564 2663 eodem,
2600 2585 2666 2647 et
2697 2574 2941 2646 residet
2971 2578 3036 2644 iu

791 2679 1064 2748 civitate
1111 2701 1356 2766 magna
1385 2682 1713 2771 Hornach,
1769 2686 1956 2753 cuius
1985 2686 2281 2771 Regnum
2331 2685 2614 2754 obtinuit
2662 2692 2853 2772 pater
2902 2686 3043 2752 eius

794 2790 1010 2877 prima
1055 2789 1290 2861 fronte.
1343 2794 1607 2861 Residet
1640 2801 1860 2863 autem
1910 2795 2030 2862 tali
2062 2795 2296 2864 modo:
2332 2793 2651 2882 palatium
2699 2795 2902 2862 habet
2950 2794 3045 2860 ita

795 2920 1124 2987 magnum,
1169 2902 1343 2988 quod
1390 2901 1568 2968 mille
1619 2904 1872 2987 equites
1922 2903 2170 2972 intrant
2215 2924 2333 2989 pcr
2375 2924 2572 2971 unum
2620 2903 2926 2989 hostium,
2981 2910 3046 2969 et

796 3009 1007 3077 eidem
1028 3007 1421 3078 inclinantes
1442 3010 1697 3094 equites
1730 3020 1972 3078 exeunt
1990 3011 2450 3079 nichilominus
2482 3011 2861 3079 insidentes.
2893 3014 3045 3078 Dux

800 3125 1018 3186 autem
1051 3117 1164 3186 ille
1208 3118 1505 3206 prefatus
1537 3119 1798 3206 paravit
1831 3119 1958 3187 sibi
1991 3120 2229 3187 lectum
2274 3120 2706 3207 pergrandem
2745 3128 2809 3187 et
2840 3120 3043 3186 altum

797 3228 1162 3316 columpnis
1193 3229 1433 3314 aureis,
1484 3229 1723 3296 lectum
1755 3230 2019 3313 inquam
2052 3250 2322 3297 aureum
2356 3237 2419 3296 et
2452 3229 2750 3314 preciose
2781 3248 3044 3315 cooper-

798 3350 958 3423 tum,
1009 3337 1078 3404 in
1111 3357 1240 3420 quo
1274 3336 1461 3404 sedet
1492 3337 1821 3422 gloriosus
1874 3345 1939 3405 ct
1970 3338 2374 3423 glorificatus
2412 3337 2728 3425 preciosis
2779 3335 3048 3405 circum·

799 3448 994 3516 datus
1013 3444 1430 3514 indumentis.
1462 3446 1698 3514 Hostia
1714 3454 1932 3514 autem
1968 3447 2174 3533 ipsius
2205 3439 2440 3534 palatii
2461 3467 2581 3533 per
2608 3451 2814 3512 totum
2848 3464 3052 3511 aurea

801 3566 1149 3644 sunt,··per
1180 3574 1308 3639 que
1353 3560 1693 3623 transeunt
1741 3554 1844 3621 sui
1894 3555 2146 3640 equites
2198 3555 2550 3623 incolomes
2603 3561 2671 3622 et
2710 3554 3048 3621 immunes.

799 3664 932 3732 Alii
965 3683 1117 3732 vero
1148 3664 1389 3749 nuncii,
1423 3664 1479 3730 si
1510 3662 1766 3750 pedites
1796 3669 2140 3732 transeunt
2169 3682 2286 3749 per
2316 3662 2508 3749 ostia,
2537 3663 2642 3730 vel
2674 3662 2949 3749 equites,
2982 3672 3048 3730 et

706 3782 710 3786 ’
799 3774 858 3844 si
890 3772 1169 3860 pedibus
1200 3772 1401 3840 limen
1429 3773 1628 3842 hostii
1660 3780 1955 3857 tangunt,
1999 3770 2240 3839 ibidem
2271 3771 2497 3857 gladio
2534 3770 2889 3857 feriunter;
2937 3769 3054 3840 sed

800 3903 947 3951 cum
977 3901 1233 3952 summa
1262 3885 1634 3950 reverentia
1665 3888 1920 3969 oportet
1950 3881 2303 3966 quemlibet
2327 3880 2611 3949 alienum
2630 3880 3050 3967 pertransire.

800 3994 875 4059 In
905 3990 1027 4060 tali
1058 4011 1216 4059 vero
1253 4010 1494 4078 pompa
1524 3990 1845 4076 residens,
1881 3989 2055 4057 misit
2085 3991 2408 4057 exercitus
2441 4009 2564 4075 per
2593 3988 2896 4057 diversas
2927 3996 3049 4055 ter·

801 4120 948 4187 ras3
980 4099 1287 4167 videlicet
1314 4098 1489 4167 ultra
1519 4119 1719 4184 mare,
1752 4108 1817 4167 et
1847 4106 2097 4183 quanta
2126 4097 2219 4166 ibi
2245 4098 2493 4180 fecerit,
2526 4096 2697 4165 forte
2717 4116 2834 4165 vos
2866 4095 3050 4176 audi-

802 4207 1012 4276 vistis.
1076 4207 1297 4276 Alium
1343 4212 1559 4275 autem
1612 4207 1967 4276 exercitum
2019 4207 2355 4295 copiosum
2410 4205 2587 4273 misit
2628 4205 2825 4289 juxta
2879 4225 3056 4273 mare

801 4338 998 4405 super
1047 4336 1272 4384 omnes
1303 4316 1650 4403 Cumanos,
1705 4319 1815 4402 qui
1850 4318 1935 4384 ad
1982 4325 2204 4405 partes
2240 4316 2729 4401 Hungariorum
2775 4314 3052 4381 transfu-

803 4432 1057 4512 gerunt.
1108 4425 1380 4493 Tercius
1409 4432 1630 4493 autem
1661 4425 1988 4494 exercitus
2020 4425 2281 4494 obsidet
2310 4423 2640 4508 Rusciam,
2692 4422 2866 4490 sieut
2895 4422 3052 4490 dixi.

1021 4533 1261 4599 Verum
1292 4538 1364 4598 ut
1395 4532 1477 4600 de
1509 4533 1677 4600 bello
1711 4532 1899 4601 vobis
1930 4533 2392 4619 significarem,
2432 4531 2687 4617 dicitur,
2721 4529 2896 4616 quod
2923 4531 3056 4596 lon-

811 4643 959 4732 gius
989 4641 1258 4727 iaciunt,
1309 4661 1507 4729 quam
1537 4641 1669 4711 alie
1703 4643 2153 4715 consueverint
2182 4642 2512 4714 naciones.
2551 4643 2627 4708 In
2660 4640 2877 4732 prima
2905 4660 3057 4707 con-
