3359 5250
1676 475 1739 483 —
1777 382 1911 452 314

712 581 897 650 cione
947 579 1183 649 fratres
1216 579 1680 667 Strigoniensis
1715 576 2005 667 Capituli
2036 582 2411 648 tenerentur
2464 578 2743 649 reddere
2780 581 2972 650 abso-

709 691 923 775 lutos3
959 685 1335 773 dictamque
1354 706 1674 756 summam
1697 687 1975 776 pecunie
2014 686 2297 757 confessi
2328 696 2479 757 sunt
2507 709 2581 758 se
2599 689 2689 758 ad
2704 689 2971 778 plenum

709 797 1055 886 recepisse,
1114 794 1573 865 renunciantes
1611 797 1788 867 omni
1820 797 1970 884 iuri,
2017 797 2192 882 quod
2240 796 2406 885 ipsis
2438 805 2504 867 et
2550 800 2840 886 ipsorum
2871 819 2971 868 co·

709 907 928 993 gnatis
961 905 1031 973 in
1082 904 1380 994 predicta
1409 912 1588 972 terra
1626 902 1813 972 Ebed
1863 925 2247 992 quocunque
2297 905 2486 976 titulo
2536 907 2969 996 competebat.

709 1015 953 1083 Datum
1004 1031 1121 1100 per
1174 1032 1408 1081 manus
1457 1013 1762 1098 Magistri
1795 1013 2131 1101 Ambrosij
2164 1014 2481 1102 Lectoris‚
2529 1036 2701 1085 anno
2748 1016 2975 1102 gracie

711 1123 1063 1192 millesimo
1091 1120 1231 1189 00⁰
1262 1122 1802 1208 quinquagesimo
1827 1148 1841 1208 3
1894 1125 2117 1192 Aaron
2151 1123 2451 1208 Cantore,
2485 1122 2739 1193 Thoma
2768 1124 2972 1193 tercio

716 1231 886 1321 (igy)
921 1231 1232 1317 Custode,
1266 1232 1473 1301 Paulo
1506 1233 1774 1301 Decano
1805 1240 1871 1299 et
1902 1234 2136 1301 ceteris
2169 1232 2619 1302 existentibus.

712 1414 812 1477 (Aa
838 1414 1040 1469 oredeti
1079 1412 1210 1467 utin
1240 1415 1435 1467 Knauz
1458 1415 1508 1466 N
1517 1410 1703 1478 findor,
1742 1416 1970 1482 Magyar
2010 1416 2141 1468 Sion
2168 1416 2241 1467 11.
2268 1416 2383 1470 ΚΜ.
2413 1417 2535 1468 596.
2564 1416 2599 1467 1.
2637 1416 2702 1467 V.
2730 1420 2778 1467 ὅ.
2808 1411 2973 1481 Pejor

1381 1502 1510 1555 Cod.
1536 1503 1679 1570 Dipl.
1710 1503 1802 1555 1v.
1832 1503 1944 1557 ket.
1973 1506 2023 1555 2.
2054 1520 2096 1557 r.
2119 1504 2209 1554 81.
2235 1498 2295 1571 l.)

1753 2260 1907 2329 219.

711 2426 773 2491 A
805 2427 1157 2493 hamztmk
1208 2432 1569 2514 eaeteryami
1614 2427 2042 2514 konventje'nek
2096 2426 2633 2512 bizonysdylevele‚
2688 2410 2809 2488 Ore
2845 2424 2967 2487 bir-

1326 2535 1547 2602 toknak
1577 2537 2105 2621 Ιιαεάφῇιίνάεάνόί.
2153 2533 2349 2600 1250.

928 2734 1065 2803 Nos
1096 2732 1294 2800 frater
1323 2734 1404 2801 Η.
1434 2733 1749 2820 Magister
1779 2741 1845 2801 et
1874 2733 2164 2801 vniuersi
2216 2731 2453 2800 fratres
2486 2727 2967 2799 cruciferorum

711 2843 1004 2910 Ecclesie
1033 2843 1258 2910 Sancti
1290 2842 1610 2930 Stephani
1632 2843 1836 2928 Regis
1868 2843 1951 2909 de
1982 2840 2317 2927 Sti-igonio
2349 2839 2793 2926 significamus
2826 2838 2964 2921 qni·

710 2951 831 3019 bus
864 2949 1127 3038 expedit
1158 2949 1480 3019 vniuersis
1512 2951 1921 3038 presencium
1951 2971 2071 3038 per
2099 2957 2412 3034 tenorem,
2458 2946 2632 3034 quod
2662 2966 2811 3013 cum
2842 2967 2964 3014 nos

707 3059 897 3126 iuxta
944 3065 1321 3146 preceptum
1368 3059 1828 3128 litteratorium
1880 3059 2127 3127 domini
2177 3059 2386 3128 nostri
2435 3057 2595 3124 Bele
2627 3054 2827 3141 Regis
2878 3055 2965 3121 ad

710 3166 1121 3234 statuendam
1154 3167 1486 3252 quandam
1517 3167 2002 3255 possessionem
2033 3169 2162 3235 Vrs
2196 3173 2499 3235 uocatam
2535 3165 2603 3231 in
2638 3162 2962 3231 comitatu

706 3272 1137 3358 Strigoniensi
1189 3273 1594 3360 existentem,
1645 3274 1713 3343 in
1746 3276 2199 3345 concambium
2232 3274 2570 3342 cniusdam
2604 3270 2965 3359 possessio-

708 3381 812 3450 nis
858 3379 1476 3471 Arehiepiscopatus
1522 3382 1990 3468 Strigoniensis
2048 3382 2275 3452 Securi
2319 3387 2620 3450 vocatam
2668 3378 2963 3447 Ecclesie

713 3496 781 3558 et
808 3488 1417 3578 Archiepiscopatui
1450 3490 1881 3577 Strigoniensi
1938 3492 2298 3578 peripsum
2348 3487 2681 3559 dominum
2716 3488 2961 3572 Regem

711 3596 1039 3683 traditam,
1073 3616 1217 3665 cum
1249 3597 1501 3667 Comite
1530 3598 1885 3686 Lamperto
1916 3598 2178 3669 homine
2197 3596 2405 3683 Regio
2435 3601 2732 3666 nostrum
2758 3594 2961 3666 homi-

709 3726 880 3792 nem,
912 3704 1165 3775 scilicet
1191 3704 1458 3775 fratrem
1488 3707 1894 3792 Mychaelem
1927 3727 2045 3795 pro
2078 3704 2452 3776 testimonio
2492 3701 2958 3773 transmisisse·

712 3832 876 3898 mus,
927 3811 1128 3900 ijdem
1161 3814 1250 3882 ad
1279 3833 1398 3882 nos
1436 3814 1688 3883 reuersi
1717 3816 1841 3883 hoc
1872 3813 2066 3885 modo
2098 3817 2494 3900 retulerunt3
2547 3811 2721 3900 quod
2746 3811 2963 3899 ipsam

707 3929 950 3991 terram
982 3921 1107 3990 Vrs
1137 3921 1549 4010 presentibus
1596 3923 1762 4011 ipsis
1794 3921 2320 4010 condicionarijs,
2376 3940 2651 4009 quorum
2697 3919 2966 3989 nomina

707 4031 775 4099 in
828 4029 1174 4118 priuilegio
1224 4031 1433 4119 ipsius
1483 4031 1730 4101 domini
1778 4031 1937 4100 Bele
1975 4030 2176 4116 Regis
2227 4029 2484 4118 plenius
2534 4029 2961 4114 eontinentur,

708 4158 906 4228 super
953 4139 1101 4227 ipso
1152 4140 1409 4210 cambio
1460 4148 1763 4211 emanato
1782 4193 1802 4228 ‚
1862 4146 1929 4209 et
1978 4159 2200 4210 coram
2247 4138 2482 4208 vicinis
2529 4138 2739 4226 ipsius
2791 4143 2965 4206 terre

710 4245 1305 4337 reambulauerunt‚
1339 4254 1404 4317 et
1423 4247 1599 4317 facta
1627 4248 1930 4335 legitima
1947 4246 2475 4318 reambulacione
2493 4245 2670 4317 nullo
2701 4245 2964 4336 penitus

715 4354 1206 4426 contradicente
1238 4357 1431 4426 simul
1462 4378 1608 4427 cum
1656 4357 1959 4427 omnibus
1989 4355 2381 4429 vtilitatibus
2410 4356 2620 4446 ipsius
2657 4362 2845 4442 terre,
2899 4363 2965 4425 et

710 4461 1241 4553 condicionarijs,
1261 4466 1869 4555 Archiepiscopatui
1891 4465 2325 4553 Strigoniensi
2343 4472 2660 4554 perpetuo
2683 4464 2804 4535 sub
2835 4470 2961 4533 ter-

710 4572 905 4642 minis
938 4576 1325 4645 statuissent
1355 4576 1825 4665 infrascriptis5
1882 4574 2190 4646 videlicet
2228 4576 2405 4663 quod
2455 4575 2671 4664 prima
2725 4571 2959 4666 (meta)

708 4682 1026 4771 inciperet
1057 4706 1099 4753 a
1127 4692 1317 4773 parte
1349 4686 1761 4758 meridionali
1791 4686 1860 4756 in
1892 4685 2177 4775 quodam
2208 4685 2407 4776 plano
2446 4682 2818 4773 monticulo,
2850 4683 2964 4753 vbi
