3359 5250
1359 263 1674 362 *AQ-

1427 838 1582 908 348.

357 1021 434 1085 A
494 1023 689 1085 nonai
733 1020 1161 1108 kdptalannak
1209 1022 1750 1107 bizonysdqlevelc,
1801 1022 1963 1108 hoyy
2009 1021 2248 1087 Ldszlo'
2304 1020 2637 1087 Coo-havian?

353 1131 536 1213 ,qv-ds
592 1154 631 1195 α
694 1129 933 1216 Lapat-i
991 1130 1372 1196 nemeseknck
1431 1129 1744 1197 som-slave
1804 1131 2103 1217 helyse'qet
2162 1129 2632 1215 adomdnyozta.

1410 1237 1603 1302 1258.

595 1432 731 1500 Nos
763 1434 1134 1519 Capitulum
1167 1434 1538 1502 vniuersum
1571 1433 1900 1502 Nonensis
1935 1434 2225 1502 Ecclesie
2256 1434 2480 1502 Sancti
2512 1436 2628 1502 As-

354 1542 525 1609 selli
561 1542 913 1629 (Anselmi)
963 1543 1406 1628 significamus
1441 1542 1765 1613 vniuersis
1800 1550 1864 1610 et
1903 1544 2178 1629 singulis
2210 1532 2451 1613 Christi
2481 1543 2634 1611 fide·

353 1649 551 1716 libus
601 1658 736 1715 tam
768 1650 1179 1735 presentibus
1227 1669 1423 1736 quam
1467 1650 1706 1718 futuris
1758 1659 2125 1738 presentem
2176 1649 2488 1738 paginam
2535 1650 2629 1718 in-

356 1760 720 1846 specturis.
767 1758 870 1824 Ad
903 1759 1348 1827 vniuersorum
1399 1759 1708 1827 noticiam
1739 1766 1806 1826 et
1837 1767 2222 1848 perpetuam
2271 1758 2366 1826 rei
2400 1778 2633 1826 memo-

355 1869 545 1934 riam
567 1869 797 1935 barum
817 1867 985 1934 serie
1007 1868 1304 1936 volumus
1324 1868 1689 1955 peruenire,
1703 1869 1874 1952 quod
1897 1868 2218 1937 accedens
2238 1868 2326 1934 ad
2344 1877 2632 1935 nostram

357 1976 782 2062 presenciam
815 1976 1052 2045 nobilis
1085 1978 1184 2043 vir
1217 1977 1561 2045 Ladizlaus
1593 1978 1764 2045 filius
1797 1977 2077 2046 condam
2097 1976 2367 2046 Comitis
2398 1978 2631 2047 Jacobi

360 2085 462 2151 de
492 2084 820 2154 Corbauia
871 2084 1136 2172 Gusych
1182 2093 1370 2173 parte
1418 2105 1502 2153 ex
1535 2106 1682 2171 vna,
1737 2091 1804 2153 et
1833 2085 2107 2171 Bogdan
2159 2094 2222 2153 et
2260 2085 2629 2156 Stanizlaus

358 2194 636 2278 fratres,
671 2193 790 2279 filij
823 2191 1107 2278 Chrelat‚
1147 2213 1266 2260 nec
1297 2215 1425 2262 non
1446 2193 1759 2280 Stipanus
1793 2200 1859 2261 et
1889 2193 2288 2261 Radouanus
2321 2194 2438 2280 filij
2461 2196 2630 2280 Bog-

362 2303 653 2387 doslaui,
687 2302 879 2369 simul
912 2311 974 2371 et
1009 2302 1297 2371 uicissim
1324 2303 1792 2390 consanguinei
1825 2324 2047 2372 omnes
2079 2303 2163 2371 de
2195 2304 2625 2389 gener-acione

363 2412 676 2498 Laptaue
708 2410 963 2479 nobiles
996 2411 1080 2478 de
1111 2413 1366 2499 Lapat;
1415 2413 1648 2497 quibus
1683 2412 1984 2481 omnibus
2026 2411 2421 2501 supradictis
2452 2412 2627 2480 circa

365 2539 499 2587 nos
552 2519 980 2586 existentibus
1034 2520 1202 2586 idem
1244 2519 1593 2587 Ladizlaus
1645 2521 1714 2586 in
1765 2498 1988 2587 nostra
2036 2519 2397 2606 presencia,
2448 2526 2513 2587 et
2558 2522 2625 2588 in

363 2629 555 2697 dicta
586 2629 865 2696 ecclesia
913 2629 1180 2717 protulit
1212 2629 1329 2698 hec
1359 2629 1561 2699 uerba
1594 2628 1855 2715 dicens;
1905 2629 2079 2714 quod
2110 2629 2257 2716 ipse
2283 2630 2626 2699 attendens

363 2738 757 2805 multimoda
790 2758 869 2805 ac
919 2738 1151 2807 crebra
1182 2739 1463 2808 seruicia
1497 2759 1539 2805 a
1571 2738 1882 2826 predictis
1932 2737 2261 2806 nobilibus
2300 2736 2382 2804 de
2413 2741 2628 2827 Lapat

366 2853 440 2913 et
470 2866 736 2918 suorum
788 2852 1273 2916 antecessorum
1326 2847 1452 2914 sibi
1486 2853 1552 2914 et
1582 2848 1719 2915 suis
1770 2845 2297 2914 antecessoribus
2334 2866 2377 2914 a
2407 2849 2628 2915 multis

366 2956 775 3042 temporibus
827 2956 1168 3024 retroactis
1217 2954 1496 3023 fideliter
1525 2956 1824 3042 inpensa,
1875 2956 2037 3022 etin
2066 2955 2352 3025 futurum
2401 2957 2623 3044 inpen-

366 3063 612 3149 denda,
662 3065 727 3134 in
760 3063 1415 3152 reconpensacionem
1450 3071 1515 3131 et
1546 3062 2043 3131 retribucionem
2074 3063 2445 3133 huiusmodi
2481 3085 2625 3133 suo·

365 3195 517 3241 rum
569 3172 1018 3258 seruiciorum,
1070 3171 1402 3258 quandam
1451 3182 1691 3241 terram
1742 3192 1856 3241 seu
1908 3171 2389 3259 possessionem
2438 3193 2623 3241 suam

367 3281 699 3349 desertam
731 3282 799 3350 in
829 3286 1098 3351 Buxaue
1130 3281 1460 3352 Somilaue
1490 3282 1755 3368 dictam,
1790 3281 2168 3350 existentem
2190 3302 2394 3370 prope
2425 3283 2623 3350 aliam

367 3391 598 3457 villam
649 3410 835 3459 suam
869 3391 1411 3476 Radoslaulauas,
1465 3412 1631 3476 quas
1663 3390 1956 3478 possidet
2006 3389 2220 3459 dictus
2270 3389 2623 3459 Ladizlaus

369 3518 455 3565 ex
506 3497 679 3567 dono
729 3500 934 3584 Regie
985 3500 1351 3568 Maiestatis
1375 3555 1392 3586 ,
1458 3507 1647 3587 prout
1699 3500 1886 3568 nobis
1934 3499 2169 3568 claruit
2215 3499 2459 3580 ibidem
2509 3521 2624 3588 per

368 3607 701 3692 quoddam
750 3606 1171 3696 priuilegium
1220 3608 1633 3677 Serenissimi
1683 3608 1932 3678 domini
1983 3608 2182 3676 nostri
2233 3608 2390 3676 Bele
2420 3610 2622 3696 Regis

366 3716 683 3802 scriptum
734 3716 801 3783 in
853 3717 945 3783 Μο
992 3715 1434 3784 ducentesimo
1496 3716 2038 3803 quinquagesimo
2060 3767 2077 3798 ‚
2140 3716 2418 3804 septimo
2476 3715 2622 3785 idus

367 3823 734 3911 Februarij,
786 3830 849 3892 et
897 3824 1079 3891 aliud
1128 3825 1459 3911 Magnifici
1508 3825 1827 3912 Stephani
1877 3824 2083 3893 tocius
2134 3822 2402 3891 Croacic
2455 3825 2620 3893 Bani

367 3929 685 4019 scriptum
715 3931 783 3998 in
815 3933 899 3999 M.
926 3930 1128 4000 11911.
1169 3934 1289 4001 sub
1321 3952 1543 4001 eorum
1583 3932 1829 4018 sigillis
1866 3932 2322 4019 pendentibus,
2373 3934 2621 4020 predic-

365 4046 503 4107 tam
533 4041 760 4108 villam
793 4040 1124 4110 Somilaue
1177 4040 1419 4110 dictam
1455 4043 1522 4109 in
1554 4044 1827 4111 Buxaue
1860 4063 2003 4110 cum
2053 4041 2354 4108 omnibus
2398 4047 2465 4110 et
2493 4042 2619 4110 sin-

367 4149 541 4235 gulis
591 4151 724 4217 suis
765 4150 1022 4236 juribus
1046 4202 1064 4236 ,
1117 4151 1579 4239 perpetatibus,
1635 4149 2032 4218 vtilitatibus
2082 4157 2146 4217 et
2200 4149 2617 4239 pertinencijs

335 4257 650 4343 ‘vndique
680 4258 835 4345 suis,
870 4259 1199 4347 predictus
1232 4259 1582 4328 Ladizlaus
1622 4280 1741 4346 per
1770 4280 1842 4328 se
1875 4278 2159 4343 suosque
2209 4258 2484 4327 heredes
2515 4259 2617 4327 he-

365 4366 721 4451 redumque
769 4388 1032 4436 suornm
1081 4365 1283 4453 dedit,
1331 4367 1605 4436 tradidit
1653 4373 1850 4453 atque
1901 4367 2170 4435 donauit
2201 4372 2514 4454 perpetuo
2554 4375 2619 4437 et

366 4475 890 4544 inreuocabiliter
942 4477 1251 4565 predictis
1283 4477 1609 4544 nobilibus
1643 4476 1960 4562 Bogdano
1995 4485 2059 4542 et
2092 4475 2446 4564 Stanizlao,
2495 4496 2614 4545 uec

367 4604 490 4650 uon
525 4584 794 4671 Stipauo
847 4595 908 4652 ct
942 4587 1300 4654 Radouano
1336 4587 1414 4653 de
1449 4588 1678 4672 Lapat,
1735 4586 1828 4652 eis
1881 4595 1942 4652 et
1994 4607 2216 4653 eorum
2267 4585 2615 4654 heredibus
