3359 5250
1622 439 1674 446 —
1728 350 1851 415 116

654 559 878 625 hibere
909 543 1310 630 studuerunt,
1363 550 1427 610 ct
1456 550 1595 610 tota
1627 544 1735 611 die
1766 565 1895 612 non
1929 544 2272 631 desistunt,
2322 548 2707 635 exponendo
2739 569 2812 616 se
2844 556 2913 618 et

652 686 774 734 sua
805 662 1023 730 multis
1055 652 1366 746 periculis
1419 659 1484 720 et
1514 651 1771 721 fortune
1811 654 2072 721 casibus
2105 654 2532 743 incessanter,
2573 658 2771 725 solita
2801 659 2910 725 be-

650 774 971 861 nignitate
1021 768 1399 856 pensantes,
1453 768 1517 829 et
1563 761 1938 848 specialiter
1988 762 2180 829 fidele
2228 762 2574 830 seruicium
2637 766 2908 833 Comitis

647 880 968 968 Stephani
1000 878 1082 945 de
1105 873 1411 956 Goricha,
1454 869 1629 955 quod
1649 878 1872 938 contra
1897 872 2220 954 quendam
2244 879 2577 958 potentem
2597 873 2679 940 de
2699 875 2906 942 Theo-

648 989 830 1056 tonia
878 986 1137 1054 nomine
1170 982 1483 1050 Comitem
1515 978 1899 1046 Albrichum
1946 979 2029 1045 de
2058 980 2261 1064 Myha
2310 980 2592 1048 confinia
2612 982 2907 1050 Ducatus

648 1096 997 1165 Sclauonie
1060 1092 1281 1179 sepius
1342 1086 1761 1154 iuuadentem
1825 1086 2196 1155 dimicando
2259 1087 2533 1154 viriliter
2593 1089 2902 1172 exercuit,

645 1203 864 1290 ipsum
896 1196 1349 1289 potencialiter
1397 1194 1790 1281 superando,
1841 1214 2123 1280 suosque
2157 1194 2245 1260 ad
2275 1195 2568 1263 vltimum
2603 1197 2905 1264 extermi-

647 1311 828 1377 nium
858 1303 1347 1397 prosternendo,
1395 1321 1525 1370 non
1558 1302 1780 1386 vtique
1814 1303 2065 1386 absque
2097 1322 2339 1386 magna
2372 1305 2717 1390 sanguinis
2749 1304 2905 1372 effu-

648 1417 833 1485 sione
865 1424 931 1483 et
962 1434 1224 1483 suorum
1278 1409 1912 1494 consanguineorum
1959 1429 2153 1495 quam
2184 1409 2468 1496 plurium
2517 1419 2582 1479 et
2626 1414 2901 1479 militum

650 1524 997 1609 occisione,
1049 1528 1241 1610 prout
1290 1522 1358 1587 in
1407 1518 1779 1606 priuilegiJs
1829 1518 2027 1601 Regis
2078 1519 2404 1586 Hemerici
2463 1520 2902 1589 antecessoris

648 1633 852 1702 nostri
884 1632 1060 1699 clare
1109 1628 1417 1696 memorie
1450 1626 1711 1713 plenius
1763 1624 2144 1710 continetur,
2193 1626 2260 1692 in
2292 1628 2671 1695 memoriam
2719 1648 2899 1696 reuo-

647 1748 912 1824 cantes3
947 1739 1117 1806 hanc
1149 1736 1440 1823 graciam
1490 1742 1783 1802 nostram
1817 1733 2172 1819 specialem
2223 1732 2305 1799 de
2335 1734 2546 1821 Regia
2596 1737 2900 1803 libertate

646 1849 963 1931 Baboneg
1013 1851 1076 1915 et
1107 1845 1439 1931 Stephano
1474 1841 1839 1910 comitibus
1873 1840 1955 1907 de
1986 1840 2324 1927 Wodycha
2356 1848 2420 1909 et
2469 1864 2688 1912 eorum
2722 1844 2897 1910 here·

650 1958 862 2042 dibus,
915 1953 1357 2038 heredumque
1406 1950 1890 2018 successoribus
1941 1971 2087 2016 cum
2117 1950 2389 2018 consilio
2421 1949 2746 2019 Baronum
2790 1973 2901 2019 no-

651 2070 934 2131 strorum
984 2060 1287 2129 duximus
1336 2057 1772 2144 largiendam,
1808 2062 1878 2123 vt
1911 2057 2174 2125 eosdem
2227 2059 2444 2124 nullus
2485 2057 2710 2126 Banus
2741 2059 2903 2125 iudi-

649 2193 803 2239 care
854 2171 1094 2238 debeat
1124 2168 1228 2235 vel
1262 2167 1492 2254 possit,
1545 2164 1906 2232 eximentes
1957 2185 2070 2234 eos
2117 2173 2428 2253 perpetuo
2470 2186 2512 2231 a
2531 2167 2784 2253 judicio
2836 2177 2901 2235 et

639 2279 1106 2366 Jurisdiccione
1138 2279 1451 2362 Banatus,
1484 2276 1824 2344 collectam
1876 2274 2082 2340 eciam
2124 2273 2647 2342 mardurinarum
2692 2277 2761 2342 in
2792 2293 2898 2343 eo-

649 2410 789 2455 rum
822 2386 1349 2473 possessionibus
1398 2383 1816 2467 bereditariJs
1848 2384 2066 2450 nullus
2117 2383 2418 2451 officialis
2450 2386 2653 2452 Ducis
2688 2386 2900 2454 tocius

645 2497 1013 2581 Sclauonie,
1067 2514 1189 2562 nec
1228 2493 1447 2561 Banus
1500 2514 1621 2580 pro
1673 2498 1969 2578 tempore
2019 2492 2270 2579 positus
2320 2492 2460 2560 siue
2511 2496 2901 2562 constitutus

642 2607 776 2675 vllo
808 2625 1092 2691 vnquam
1121 2609 1413 2689 tempore
1447 2600 1667 2669 dicare
1700 2600 1807 2668 vel
1852 2599 2119 2686 exigere
2151 2600 2382 2687 possit.
2432 2602 2571 2668 Nec
2600 2603 2724 2672 hoc
2759 2622 2901 2690 pre-

641 2713 1077 2797 termittimus,
1127 2711 1257 2777 imo
1292 2731 1374 2777 ex
1407 2709 1639 2794 Regali
1689 2708 2093 2792 benignitate
2126 2708 2287 2794 ipsis
2338 2709 2774 2796 concedimus,
2824 2719 2895 2778 vt

643 2820 859 2888 nullus
891 2822 1113 2886 Banus
1170 2816 1583 2901 descendere,
1624 2817 1731 2883 vel
1767 2816 2347 2901 congregacionem
2399 2819 2771 2901 generalem
2802 2819 2895 2885 fa-

645 2946 793 2994 cere
841 2927 1054 3014 possit
1083 2925 1193 2991 vel
1226 2924 1462 2991 debeat
1511 2923 1579 2989 in
1621 2943 1842 2991 eorum
1890 2923 2414 3010 possessionibus
2460 2925 2896 3012 hereditarijs.

642 3036 714 3103 Si
743 3053 898 3103 vero
930 3034 1137 3119 aliqui
1173 3031 1653 3116 malefactores,
1706 3031 1905 3118 fures,
1939 3032 2044 3098 vel
2077 3032 2363 3101 latrones
2394 3033 2464 3101 in
2496 3053 2717 3101 eorum
2748 3054 2897 3120 pos-

642 3142 1044 3210 sessionibus
1094 3139 1486 3229 deprehensi
1532 3138 1791 3226 fuerint,
1846 3139 2111 3207 eosdem
2152 3140 2457 3225 Judicare
2477 3191 2494 3225 ,
2547 3147 2612 3207 et
2663 3142 2895 3229 punire

640 3271 813 3338 pena
859 3259 924 3319 et
971 3249 1434 3319 satisfaccione
1496 3248 1824 3333 condigna
1874 3248 2257 3316 auctoritate
2307 3248 2517 3334 Regia
2578 3248 2895 3335 sepedicti

638 3356 954 3440 Baboneg
1001 3360 1066 3422 et
1095 3357 1465 3442 Stephanus
1499 3354 1785 3423 Comites
1832 3351 1914 3421 de
1949 3354 2311 3440 Wodycha,
2361 3362 2427 3421 et
2458 3375 2683 3422 eorum
2716 3356 2896 3424 here-

638 3466 778 3549 des,
809 3462 1245 3548 heredumque
1278 3482 1692 3531 successores
1724 3461 1979 3550 possint
2010 3471 2075 3530 ct
2106 3463 2406 3532 debeant.
2458 3465 2545 3531 vt
2574 3473 2793 3532 autem
2825 3465 2892 3531 in

637 3572 1024 3660 prescriptis
1053 3571 1349 3639 articulis
1380 3570 1604 3657 gracie
1635 3570 1755 3637 hec
1787 3578 2013 3638 nostra
2050 3571 2330 3640 donacio
2354 3572 2550 3639 robur
2579 3579 2892 3661 perpetue

636 3680 959 3749 firmitatis
992 3679 1305 3766 obtineat,
1340 3686 1676 3767 presentes
1710 3680 1805 3746 eis
1829 3681 2266 3749 concessimus
2299 3682 2521 3749 literas
2559 3682 2891 3770 dupplicis

634 3789 839 3875 sigilli
870 3787 1077 3855 nostri
1109 3788 1458 3858 munimine
1492 3789 1852 3856 roboratas.
1902 3790 2143 3856 Datum
2174 3809 2294 3876 per
2326 3810 2556 3858 manus
2587 3791 2892 3877 Magistri

634 3896 972 3964 Benedicti
1024 3896 1351 3983 Prepositi
1403 3895 1715 3964 Albensis
1765 3902 1831 3961 et
1862 3896 2069 3961 Electi
2102 3896 2524 3966 Collocensis.
2577 3897 2891 3983 Strigoni·

634 4005 778 4073 ensi
808 4005 979 4072 Sede
1011 4013 1290 4073 vacante
1322 4006 1660 4090 existente,
1695 4004 2154 4072 Bartholomeo
2187 4003 2887 4092 Quinqueecclesiensi,

631 4112 855 4180 Electo
886 4112 1213 4199 Agriensi,
1267 4113 1726 4182 Bartholomeo
1759 4113 2275 4201 Wesprimiensi,
2326 4113 2530 4181 Bulsu
2568 4113 2891 4182 Chanadi·

630 4220 794 4307 ensi,
847 4220 1200 4289 Benedicto
1241 4221 1679 4307 Waradiensi,
1734 4221 2067 4309 Stephano
2118 4222 2472 4308 Wacyensi
2521 4223 2888 4311 Episcopis‚

628 4328 1002 4397 Jaurinensi
1035 4335 1099 4396 et
1130 4328 1701 4416 Vltrasyluanensi
1750 4330 2017 4397 sedibus
2048 4330 2475 4418 vacantibus3
2512 4329 2751 4399 dilecto
2785 4352 2886 4400 co·

628 4442 831 4521 gnato
883 4441 1105 4505 nostro
1155 4437 1410 4506 Joanne
1441 4439 1720 4504 Domino
1760 4438 2018 4523 Syrmie
2069 4447 2136 4506 et
2186 4439 2438 4509 (lomite
2470 4439 2886 4526 Wachyeusi,

628 4540 930 4610 Dionisio
961 4541 1147 4611 Bano
1179 4546 1387 4613 tocius
1416 4544 1762 4614 Sclauonie
1794 4550 1859 4609 et
1891 4546 2210 4632 Magistro
2242 4548 2642 4636 Agasonum‚
2678 4550 2888 4617 Paulo

624 4647 859 4720 Judice
891 4646 1128 4721 Oourie
1161 4652 1409 4722 Comite
1440 4651 1734 4741 Albensi,
1767 4652 2157 4738 Magistratu
2188 4654 2751 4726 Thanarnicorum
2781 4679 2888 4726 va-
