3359 5250
1747 369 2063 469 ,Ra-

774 567 912 633 alia
945 568 1090 635 iura
1121 566 1400 652 predicti
1422 567 1636 634 Castri
1667 566 1960 634 indebite
1982 573 2309 652 occupata
2341 573 2748 653 reuocarent,
2778 567 3045 636 etioba-

772 675 1038 759 gionum
1074 674 1289 742 Castri
1321 680 1557 757 terras,
1589 693 1793 759 super
1823 674 2061 759 quibus
2093 694 2223 742 non
2244 681 2346 741 est
2377 676 2744 759 contencio,
2779 682 2846 741 et
2876 694 3044 760 quas

778 803 818 847 a
854 782 1085 851 Castro
1120 779 1437 852 hactenus
1470 783 1742 869 pacifice
1774 789 2140 866 tenuerunt,
2183 804 2227 849 a
2255 784 2451 851 terris
2484 784 2911 852 castrensium
2945 804 3046 851 re·

774 891 1207 977 ambularent,
1243 898 1306 959 et
1329 892 1579 960 eisdem
1614 890 2075 976 iobagionibus
2098 892 2316 959 Castri
2337 891 2799 977 relinquerent,
2834 913 3049 959 nouas

776 1006 984 1068 metas
1035 1003 1223 1068 iuxta
1269 1007 1525 1069 ueteres
1578 1000 1923 1085 elenando,
1974 1021 2058 1067 ne
2108 1000 2189 1067 de
2245 1007 2465 1068 cetero
2497 1001 2748 1085 questio
2787 1002 3045 1068 moueri

775 1108 985 1193 possit
1016 1108 1427 1192 aliquatenus
1457 1108 1539 1177 de
1564 1108 1833 1176 eisdem.
1869 1107 2100 1193 Igitur,
2126 1109 2294 1177 sicut
2326 1108 2498 1175 idem
2526 1108 2838 1193 Magister
2860 1108 3047 1175 Ghak

776 1223 926 1301 post
976 1217 1094 1284 hec
1143 1217 1231 1284 ad
1261 1238 1382 1285 nos
1415 1216 1678 1286 rediens
1712 1217 1957 1303 retulit,
1994 1225 2205 1285 terras
2239 1217 2593 1303 Desniche,
2642 1216 3047 1301 Bursonocb,

785 1325 1013 1392 Pukur
1044 1331 1110 1392 et
1141 1324 1438 1392 Lunheta
1470 1331 1884 1409 nuncupatas
1917 1326 2171 1393 inuenit
2200 1344 2316 1408 per
2346 1325 2693 1392 Martinum
2729 1325 3047 1393 Comitem

766 1433 983 1505 ,filium
1014 1432 1217 1518 Tusk,
1265 1433 1676 1517 iobagionem
1709 1424 1867 1499 dicti
1904 1434 2141 1518 Casti-i,
2177 1435 2260 1500 ab
2297 1434 2570 1517 antiquo
2601 1433 2873 1519 pacifice
2902 1453 3047 1518 pos-

778 1542 1018 1627 sideri;
1069 1563 1266 1629 super
1297 1562 1480 1628 quae,
1518 1549 1711 1627 prout
1743 1541 2117 1609 mandatum
2152 1564 2195 1608 a
2224 1542 2415 1611 nobis
2445 1541 2784 1628 habuerat,
2835 1562 3043 1609 nouas

782 1657 989 1720 metas
1043 1651 1197 1720 fecit
1246 1652 1496 1721 eleuari
1529 1653 1716 1720 iuxta
1747 1658 2028 1720 ueteres.
2115 1652 2403 1731 Quarum
2460 1653 2663 1721 eciam
2726 1659 3044 1719 terrarum

783 1768 973 1846 mete,
1008 1766 1200 1848 prout
1228 1760 1401 1827 idem
1435 1761 1752 1846 Magister
1773 1759 1959 1828 Chak
1993 1763 2116 1828 sub
2148 1760 2373 1845 sigillo
2397 1760 2816 1829 Chasmensis
2853 1759 3044 1845 Capi-

784 1869 907 1936 tuli
957 1868 1147 1937 nobis
1197 1869 1266 1935 in
1317 1867 1579 1953 scriptis
1628 1870 2061 1954 presentauit,
2108 1869 2235 1937 hoc
2281 1869 2512 1937 ordine
2557 1869 3044 1953 distinguntur:

779 1974 1024 2064 Incipit
1077 1977 1248 2045 enim
1280 1977 1494 2061 prima
1523 1983 1700 2045 meta
1729 1982 1901 2045 terre
1929 1976 2265 2046 Desnicha
2303 1980 2372 2044 in
2408 1976 2625 2065 capite
2674 1976 2877 2045 riuuli
2907 1977 3048 2042 Pri-

778 2087 953 2174 byn3
1003 2086 1155 2154 inde
1187 2085 1521 2156 asscendit
1550 2087 1638 2154 ad
1691 2087 1864 2154 uiam
1898 2087 1983 2153 ad
2014 2091 2250 2153 metam
2303 2088 2427 2155 sub
2460 2085 2665 2154 tribus
2699 2084 3050 2153 arboribus

785 2199 1135 2285 qertavffa5
1181 2203 1248 2264 et
1278 2215 1395 2281 per
1426 2215 1570 2263 eam
1603 2195 1785 2262 uiam
1817 2197 2003 2263 iuxta
2033 2201 2275 2262 terram
2309 2194 2567 2263 Gordus
2600 2193 2788 2262 uadit
2819 2213 3050 2261 uersus

784 2307 1102 2372 orientem
1138 2324 1344 2389 usque
1382 2303 1468 2370 ad
1499 2310 1738 2371 metam
1790 2310 2107 2389 terream3
2155 2304 2308 2371 inde
2356 2303 2699 2372 declinans
2751 2302 2935 2372 cadit
2983 2303 3050 2369 in

784 2412 1076 2497 uallem,
1139 2433 1267 2498 que
1318 2411 1501 2479 ducit
1541 2412 1826 2479 riuulum
1876 2411 2211 2480 Desnicha
2258 2412 2326 2480 in
2377 2420 2553 2480 meta
2600 2420 2820 2480 terrea
2869 2412 3054 2479 iuxta

784 2541 1064 2608 aquam3
1127 2522 1285 2589 inde
1333 2542 1452 2608 per
1502 2521 1778 2589 eandem
1827 2541 2065 2607 aquam
2121 2524 2332 2607 uergit
2380 2519 2654 2589 inferius
2704 2540 2913 2605 usque
2960 2520 3052 2587 ad

785 2632 1017 2715 locum,
1069 2631 1178 2698 ubi
1213 2632 1350 2699 exit
1381 2630 1466 2699 ad
1498 2651 1801 2716 magnam
1836 2630 2013 2699 uiam
2044 2631 2112 2697 in
2147 2638 2356 2718 meta3
2402 2652 2521 2718 per
2570 2631 2780 2719 ipsam
2833 2636 3051 2699 autem

783 2740 984 2825 uiam,
1009 2761 1136 2825 que
1157 2739 1473 2809 discernit
1508 2739 1754 2808 limites
1784 2740 1985 2824 Garig
2006 2746 2071 2808 et
2092 2738 2523 2824 Gressencha,
2559 2738 2743 2807 uadit
2761 2739 2849 2806 ad
2875 2758 3052 2805 mon-

781 2856 913 2915 tem
948 2849 1036 2916 ad
1085 2856 1328 2916 metam
1361 2848 1484 2917 sub
1515 2849 1748 2916 arbore
1797 2849 2007 2934 tulfa3
2058 2848 2215 2916 inde
2256 2848 2595 2917 descendit
2637 2850 2705 2914 in
2738 2854 2938 2932 caput
2970 2846 3047 2912 ri-

787 2957 925 3025 uuli
956 2955 1193 3045 Ripan,
1237 2959 1349 3027 ubi
1404 2964 1505 3026 est
1551 2963 1732 3025 meta
1780 2977 1862 3024 ex
1895 2962 2083 3043 parte
2115 2956 2576 3043 meridionali3
2625 2977 2744 3043 per
2774 2955 3051 3025 eundem

784 3068 1073 3137 riuulum
1097 3067 1437 3137 deseendit
1469 3086 1699 3134 uersus
1722 3065 2140 3151 occidentem,
2175 3070 2240 3131 et
2270 3066 2460 3134 uadit
2491 3086 2698 3152 usque
2722 3063 2808 3133 ad
2840 3065 3053 3132 locum

781 3178 893 3244 ubi
929 3175 1065 3244 exit
1113 3176 1198 3244 ad
1244 3177 1482 3244 siccam
1517 3176 1777 3260 vallem,
1824 3195 1951 3261 que
2003 3174 2182 3242 ducit
2222 3173 2307 3240 ad
2355 3180 2641 3243 montem
2696 3173 2784 3242 ad
2815 3178 3053 3241 metam

783 3294 1105 3374 ter1·eam;
1152 3286 1236 3354 de
1284 3292 1508 3354 monte
1555 3284 1901 3355 descendit
1947 3305 2065 3373 per
2113 3305 2311 3353 unam
2361 3285 2606 3354 vallem
2654 3286 2722 3352 in
2770 3284 3054 3352 riuulum

782 3392 1031 3479 Pribin,
1067 3415 1182 3480 per
1203 3411 1396 3479 quem
1438 3393 1787 3461 reuertitur
1810 3393 1897 3460 ad
1919 3399 2115 3480 caput
2148 3390 2458 3478 eiusdem,
2492 3393 2604 3461 ubi
2638 3392 2852 3480 prima
2881 3405 3057 3458 meta

788 3502 915 3570 fuit
938 3501 1265 3588 inchoata,
1303 3502 1526 3587 ibique
1549 3502 1963 3570 terminatur.
1997 3501 2160 3569 Item
2201 3502 2414 3586 prima
2436 3507 2615 3566 meta
2644 3506 2817 3567 terre
2834 3499 3057 3567 Pukur

786 3610 1021 3697 incipit
1050 3632 1247 3698 super
1292 3612 1502 3698 ripam
1534 3611 1822 3680 fluminis
1852 3609 2231 3698 Zoploncha
2265 3610 2334 3678 in
2364 3609 2567 3695 ualle,
2614 3628 2741 3694 que
2774 3607 2960 3676 ducit
2991 3608 3057 3674 in

785 3720 974 3789 aliud
1007 3720 1248 3788 flumen
1280 3720 1545 3789 nomine
1576 3719 1837 3807 Pekur3
1873 3726 1939 3788 et
1969 3739 2088 3804 per
2119 3720 2306 3787 illum
2328 3717 2516 3785 uadit
2545 3716 2819 3785 inferius
2853 3732 3059 3800 usque

785 3829 871 3895 ad
904 3827 1142 3914 locum,
1176 3830 1290 3898 ubi
1321 3828 1625 3914 predicta
1645 3849 1821 3915 aqna
1840 3827 2195 3914 Zopuncha
2225 3828 2407 3895 cadit
2439 3826 2506 3893 in
2537 3826 2798 3908 Pukur3
2848 3833 2916 3891 et
2943 3845 3059 3910 per

783 3936 1202 4024 Zopuncham
1254 3939 1604 4007 reuertitur
1652 3939 1722 4004 in
1769 3937 2138 4024 predictam
2171 3937 2435 4022 uallem,
2485 3935 2599 4005 ubi
2639 3934 2857 4020 prima
2884 3941 3061 4002 meta

784 4049 910 4116 suit
941 4049 1207 4134 incepta
1245 4067 1327 4116 ex
1360 4053 1548 4134 parte
1580 4053 1751 4116 terre
1786 4046 2157 4116 Michaelis.
2206 4047 2371 4114 Item
2403 4046 2617 4134 prima
2645 4049 2820 4112 meta
2850 4043 3059 4111 cuius·

785 4157 937 4224 dam
971 4156 1299 4244 particule
1316 4166 1511 4245 terre,
1545 4176 1673 4243 que
1693 4159 1953 4225 Lonatu
1983 4162 2275 4242 uocatur,
2317 4155 2554 4242 incipit
2584 4173 2702 4240 per
2733 4153 3059 4239 quendam

783 4286 1048 4335 cursum
1101 4285 1291 4351 aque,
1340 4265 1451 4352 qui
1498 4265 1583 4335 de
1613 4265 1881 4336 flumine
1909 4263 2146 4335 Lunha
2177 4265 2331 4351 exit,
2383 4273 2447 4332 et
2479 4269 2745 4351 separat
2778 4282 2823 4329 a
2852 4262 3059 4348 pisca·

782 4376 1035 4447 toribus
1055 4374 1272 4446 Casti-i
1294 4373 1747 4463 Gresseniche,
1782 4376 1896 4462 qui
1929 4381 1996 4444 et
2027 4394 2258 4460 parum
2284 4379 2456 4443 terre
2477 4373 2709 4441 circuit
2739 4371 2809 4440 in
2829 4391 3059 4460 campo

781 4506 902 4573 pro
935 4485 1236 4554 sessione
1263 4484 1667 4573 piscatorum
1699 4503 1981 4570 suorum,
2017 4490 2084 4553 et
2116 4484 2304 4554 iuxta
2333 4483 2574 4551 siluam
2607 4480 2964 4550 reuertitur
2990 4481 3058 4568 in

784 4594 1053 4666 fluuium
1088 4593 1556 4681 supradictum.
1603 4593 1773 4664 Item
1821 4594 2038 4680 prima
2067 4602 2244 4663 meta
2292 4598 2467 4662 terre
2498 4591 2925 4660 Bursonouch
2965 4590 3058 4657 in-

784 4707 943 4794 cipit
974 4713 1043 4779 in
1077 4712 1294 4775 monte
1328 4703 1534 4792 Garig
1566 4706 1634 4774 in
1678 4728 1811 4775 una
1841 4713 2018 4775 meta
2049 4706 2171 4775 sub
2204 4705 2441 4772 arbore
2473 4700 2683 4792 tulfa3
2732 4705 2798 4769 et
2829 4697 3063 4769 deinde
