3359 5250
1828 348 1917 415 32

735 550 1018 635 iudicia,
1069 550 1501 637 periculosum
1547 546 1861 614 existeret
1907 550 2172 632 propter
2218 542 2472 611 uiarum
2502 541 2888 611 discrimina
2938 547 3007 609 et

735 659 873 726 alia
904 656 1384 744 contingencia,
1425 656 1496 722 in
1528 653 2023 739 quibuscunque
2054 651 2316 721 iudiciis
2348 651 2711 739 principale
2740 651 3003 737 priuile-

735 767 914 851 gium
947 763 1274 834 exhibere.
1326 762 1465 831 Nos
1521 762 1722 846 igitur
1778 760 1986 848 ipsius
2039 760 2228 827 iustis
2278 759 2583 847 precibus
2634 766 2825 847 grato
2857 780 3007 827 con·

732 883 1067 942 currentes
1091 891 1385 955 assensu,
1425 870 1923 940 annotacionem
1948 869 2196 938 domini
2214 868 2584 955 Innocencij
2604 869 2786 956 Pape
2816 870 3003 956 tercij

733 1001 927 1069 snper
956 981 1302 1069 priuilegio
1333 979 1545 1048 felicis
1575 977 2059 1046 recordacionis
2086 977 2313 1047 Sancti
2331 977 2532 1065 Regis
2562 978 2903 1065 Stephani,
2937 985 3005 1045 et

733 1088 1134 1157 sentenciam
1187 1084 1479 1155 eiusdem
1511 1086 1837 1153 dominil.
1872 1086 2052 1174 Pape
2100 1085 2304 1153 latam
2339 1092 2566 1153 contra
2602 1085 3004 1174 Episcopum

733 1198 1289 1286 Vesprimiensem
1309 1216 1426 1283 pro
1459 1194 1732 1262 decimis
1753 1193 2165 1281 Simigiensis
2188 1192 2572 1277 Comitatus,
2605 1214 2723 1279 per
2739 1192 3003 1262 fidelem

736 1305 1217 1376 Cancellarium
1247 1312 1542 1373 nostrum
1572 1303 1891 1371 Mathiam
1922 1303 2339 1389 Prepositnm
2370 1302 2886 1387 Zagrabiensem
2910 1303 3006 1369 in·

737 1415 906 1502 spici
935 1414 1207 1482 fecimus
1230 1419 1295 1480 et
1313 1411 1602 1498 rescribi,
1635 1417 1831 1495 atque
1855 1409 2060 1495 sigilli
2081 1409 2283 1478 nostri
2305 1407 2659 1477 munimine
2675 1408 3003 1495 insigniri.

741 1522 1030 1602 Quorum
1063 1529 1246 1589 tenor
1278 1521 1433 1588 talis
1466 1526 1570 1588 est
1601 1545 1616 1585 :

890 1720 897 1725 ,
954 1631 1372 1698 Innocentius
1403 1629 1770 1717 Episcopus
1803 1648 2029 1695 seruus
2062 1647 2399 1697 seruorum
2428 1627 2555 1695 Dei
2587 1628 2711 1694 stb.
2749 1627 3006 1711 (kovet

737 1740 931 1807 kezik
962 1742 1081 1808 III.
1104 1741 1294 1809 Inczc
1324 1740 1637 1827 papanak
1664 1737 1934 1806 1215-ki
1963 1738 2236 1824 bullaja,
2273 1738 2436 1805 mint
2468 1758 2510 1804 a
2529 1738 2712 1823 Jelen
2744 1738 3008 1825 gyiijte-

742 1851 937 1932 meny
967 1846 1018 1914 Ι.
1053 1847 1407 1913 koteteben
1439 1846 1591 1913 228.
1624 1864 1714 1911 sz.
1750 1843 1844 1931 a.)

1053 2064 1330 2127 (Eredetie
1356 2079 1391 2115 a
1414 2062 1799 2129 pannonhalmi
1828 2057 2231 2129 fb'apaitsagnak
2255 2057 2671 2128 leveltAraban.)

1706 2827 1936 2919 'ec

744 3048 865 3115 IV.
904 3047 1063 3114 Βέὶα
1094 3047 1310 3133 kirdly
1341 3070 1420 3112 az
1469 3051 1841 3135 caeter-qumi
1873 3050 2178 3136 ethdtat
2205 3048 2340 3136 δός
2388 3052 2452 3114 έε
2480 3049 2657 3115 Εόοᾶ
2687 3050 2851 3113 nevz'l
2865 3046 3004 3133 fol-

1301 3156 1420 3220 dela
1450 3156 1825 3222 birtokdban
1852 3157 2225 3242 meyersssiti.
2269 3157 2466 3223 1237.

957 3352 1119 3418 Bela
1149 3352 1275 3418 Dei
1308 3350 1533 3436 gracia
1562 3351 1706 3417 Rex
1735 3352 2074 3437 Hungarie
2125 3351 2426 3419 omnibus
2468 3358 2806 3439 presentes
2836 3352 3003 3420 litte-

744 3479 854 3528 ras
886 3458 1295 3545 inspecturis,
1329 3458 1609 3524 salutem
1640 3459 1707 3524 in
1738 3477 1897 3527 uero
1931 3459 2227 3526 salutari.
2280 3458 2384 3526 Ad
2415 3459 2722 3528 noticiam
2753 3460 3004 3528 vniuer-

745 3589 988 3652 sorum‚
1019 3572 1157 3633 tam
1189 3564 1665 3653 modernorum,
1717 3585 1914 3651 quam
1944 3564 2322 3652 futurorum,
2364 3566 2594 3636 harum
2625 3567 2796 3636 serie
2826 3570 3004 3636 uolu-

743 3696 887 3745 mus
935 3673 1299 3763 peruenire,
1353 3672 1524 3759 quod
1558 3694 1705 3741 cum
1737 3674 1982 3742 Diuina
2013 3673 2275 3744 fauente
2323 3676 2550 3760 gracia
2599 3696 2719 3763 per
2754 3696 3003 3745 succes·

744 3788 993 3856 sionem
1024 3793 1368 3871 paternam
1398 3783 1611 3867 Regni
1641 3784 1959 3869 regimine
1993 3782 2081 3851 ad
2112 3803 2232 3852 nos
2263 3782 2590 3869 deuoluto,
2639 3784 3003 3872 superfluas

742 3903 807 3964 et
842 3893 1107 3962 illicitas
1129 3893 1524 3961 donaciones
1547 3892 2057 3979 perpetuitatum
2076 3911 2563 3980 reuocaremus3
2596 3893 2756 3977 quia
2783 3894 3006 3961 Eccle-

744 4005 911 4073 siam
942 4003 1459 4089 Strigoniensem
1493 4003 1560 4068 in
1593 4002 1913 4089 omnibus,
1948 4001 2015 4067 in
2048 4000 2283 4086 quibus
2313 4021 2683 4090 possumus,
2726 4001 3006 4090 diligere

741 4109 1158 4196 intendimus,
1210 4110 1374 4178 duas
1404 4115 1616 4177 terras
1649 4109 1867 4177 castri
1898 4109 2162 4177 nomine
2196 4110 2335 4195 Sag
2365 4116 2431 4177 et
2460 4110 2668 4197 Ebed,
2702 4129 2866 4197 quas
2896 4111 3005 4199 pie

742 4221 1053 4288 memorie
1082 4217 1382 4285 Andreas
1411 4219 1573 4302 Rex,
1627 4226 1816 4304 pater
1862 4222 2102 4303 noster,
2156 4225 2354 4286 antea
2407 4216 2658 4306 prefate
2706 4207 3004 4289 Ecclesie

743 4329 1132 4412 contulerat,
1183 4345 1302 4393 nos
1335 4323 1599 4410 cognita
1647 4323 2013 4409 quantitate
2063 4331 2126 4393 et
2165 4324 2487 4412 qualitate
2535 4325 2835 4411 illarnm;
2887 4344 3006 4413 per

740 4433 986 4500 Lucam
1019 4432 1337 4501 Comitem
1369 4432 1454 4500 de
1482 4432 1728 4517 Hnnth,
1780 4433 2042 4502 fidelem
2069 4439 2366 4503 nostrum
2386 4484 2404 4519 ,
2443 4438 2690 4502 terram
2721 4434 2878 4520 Sag,
2913 4433 3004 4500 ad

741 4542 1043 4611 Castrum
1074 4541 1298 4610 Hunth
1327 4542 1777 4629 pertinentem,
1813 4560 1940 4628 qne
1971 4546 2189 4631 potest
2220 4540 2522 4610 sufficere
2550 4541 2698 4609 usui
2729 4539 3005 4610 duorum

739 4656 1104 4719 aratrorum
1152 4655 1218 4718 et
1248 4649 1524 4737 dimidij,
1576 4657 1643 4718 et
1670 4651 1884 4718 locum
1914 4650 2271 4719 molendini
2322 4669 2517 4738 super
2565 4668 2806 4734 aquam
2853 4648 3003 4735 Ipnl
