3359 5250
1790 346 2105 459 Aa,

823 552 1135 622 mandato
1167 550 1383 619 Incliti
1412 552 1615 620 Ducis
1648 553 2063 623 venetiarum
2094 551 2333 620 Comiti
2364 552 2641 640 Ragusii
2680 558 2745 620 et
2774 542 3073 637 ejusdem

820 669 990 730 terre
1019 696 1583 711 —————
1615 663 1823 731 nuntii
1855 663 2206 748 mitterent,
2259 666 2329 729 ut
2359 681 2479 749 per
2526 660 2867 749 cujusdam
2899 680 3069 730 com·

822 771 1153 838 missionis
1187 771 1491 839 virtutem
1542 772 1670 858 ipsi
1702 777 2090 860 potestatem
2138 771 2459 840 haberent
2497 769 2844 858 tractandi,
2897 792 3070 840 com-

821 880 1121 966 ponendi,
1157 918 1242 927 —
1285 919 1360 929 -
1390 931 1408 966 ,
1461 881 1898 949 concordandi
1949 888 2016 949 et
2061 878 2473 966 terminandi,
2526 900 2605 947 ac
2651 879 2721 947 in
2771 880 3071 966 preclaro

819 991 960 1057 viro
994 989 1254 1057 domino
1286 989 1537 1057 Jacobo
1572 988 1922 1060 contarino
1956 989 2209 1060 comite
2245 989 2595 1074 antedicto,
2641 988 2981 1057 Judicibus
3005 994 3071 1053 et

822 1097 1296 1166 Communitate
1326 1098 1601 1184 Ragusii
1652 1121 1850 1189 super
1881 1101 2181 1172 omnibus
2212 1101 2453 1186 causis,
2503 1098 2783 1186 negotiis
2824 1103 2893 1165 et
2923 1114 3076 1181 que-

820 1207 1160 1292 stionibus,
1217 1229 1342 1294 que
1374 1210 1698 1295 quondam
1747 1211 2199 1297 incubuerunt,
2252 1217 2319 1277 et
2346 1228 2518 1276 nunc
2547 1205 2636 1274 ad
2671 1225 2947 1295 presens
2977 1204 3069 1272 in-

818 1318 1126 1385 cumbunt
1172 1318 1342 1385 inter
1374 1317 1565 1387 cives
1598 1319 1860 1407 Spalati
1892 1328 1956 1387 et
1987 1317 2530 1386 Communitatem
2559 1317 2951 1400 universam,
3007 1322 3074 1381 et

817 1429 983 1494 inter
1031 1426 1303 1512 Ragusii
1355 1426 1546 1496 cives
1597 1436 1662 1496 et
1712 1428 2276 1515 communitatem,
2327 1434 2597 1515 propter
2645 1446 2770 1512 que
2801 1423 3073 1511 aliquod

819 1535 1199 1603 scandalum
1249 1537 1414 1603 inter
1461 1547 1802 1624 utramque
1835 1537 2181 1606 Civitatem
2222 1543 2445 1625 posset
2475 1536 2649 1622 oriri,
2697 1534 2839 1602 siue
2868 1540 3071 1601 antea

816 1643 1045 1711 fuisset
1063 1651 1289 1712 ortum.
1314 1644 1513 1732 Cujus
1531 1666 1687 1715 vero
1709 1646 2035 1715 antedicte
2056 1645 2529 1714 commissionis
2548 1651 2732 1713 tenor
2751 1641 2907 1710 talis
2927 1650 3031 1709 est
3051 1665 3068 1707 ε

1062 1756 1250 1822 Anno
1295 1755 1634 1823 Dominice
1686 1756 2171 1824 Inearnacionis
2229 1754 2574 1823 millesimo
2624 1751 3069 1821 ducentesimo

818 1861 1352 1949 quinquagesimo
1384 1864 1685 1952 septimo,
1720 1864 2079 1932 Indictione
2112 1863 2369 1932 decima
2397 1864 2645 1949 quinta,
2688 1860 2799 1927 die
2830 1857 3069 1945 quarta

818 1972 1071 2039 decima
1114 1972 1397 2040 intrante
1428 1973 1686 2041 Martio.
1736 1975 2077 2060 Regnante
2124 1973 2387 2043 domino
2441 1980 2662 2041 nostro
2693 1971 2858 2040 Bela
2881 1972 3063 2039 Sere-

818 2081 1088 2148 nissimo
1120 2082 1301 2167 Rege
1330 2083 1661 2168 Vngarie3
1694 2085 2093 2172 temporibus
2112 2083 2376 2169 Rogerii
2408 2081 2807 2151 venerabilis
2847 2078 3070 2147 Archi·

771 2218 779 2233 .
817 2190 1108 2279 episcopi
1136 2189 1559 2277 Spalatensis,
1593 2192 1913 2281 Stephani
1944 2191 2221 2260 Illustris
2251 2192 2421 2259 Bani
2450 2190 2816 2278 Sclavonie,
2848 2189 3067 2260 comi-

815 2299 901 2366 tis
952 2297 1268 2368 cuidonis
1317 2297 1588 2367 comitis
1628 2301 1972 2370 Modrusse
2021 2310 2086 2369 et
2115 2302 2401 2370 Vindolii
2433 2300 2814 2388 Potestatis,
2853 2300 3067 2368 Dosse

817 2406 1180 2493 Michaelis,
1209 2406 1406 2493 Petri,
1429 2405 1747 2497 Ceneche,
1780 2409 2021 2496 Dobre,
2044 2410 2304 2478 Dusaze
2320 2409 2641 2480 Judicum.
2676 2408 2793 2476 Vir
2822 2409 3067 2477 nobilis

816 2514 1118 2583 dominus
1149 2513 1384 2603 Guydo
1415 2516 1718 2586 Potestas
1749 2525 1816 2586 et
1845 2520 1888 2587 J
1892 2518 2112 2588 udices
2144 2519 2528 2606 supradicti,
2572 2538 2718 2586 cum
2748 2515 3068 2587 consilia·

816 2625 929 2694 riis
961 2632 1026 2693 et
1076 2627 1379 2694 universa
1412 2625 1889 2695 communitate
1920 2628 2179 2715 Spalati
2227 2649 2349 2718 per
2375 2629 2500 2697 hoc
2529 2647 2800 2715 presens
2831 2628 3065 2696 instru-

813 2742 1095 2804 mentum
1126 2737 1431 2826 fecerunt‚
1468 2739 1940 2806 constituerunt
1965 2745 2029 2807 et
2060 2738 2522 2807 ordinauerunt
2540 2739 2715 2807 viros
2750 2736 3062 2827 providos
3122 2733 3135 2743 '

817 2843 1180 2913 Johannem
1221 2846 1459 2914 Vitalis
1510 2854 1576 2914 et
1623 2846 2013 2933 Gregorium
2047 2844 2269 2915 Grube
2314 2853 2655 2936 presentes
2707 2865 2863 2915 suos
2911 2866 3065 2914 nun·

814 2954 960 3039 tios,
993 2961 1447 3042 procuratores
1484 2961 1548 3022 et
1581 2961 1835 3022 actores
1864 2955 1933 3022 in
1964 2954 2277 3054 Ragusio,
2329 2955 2414 3023 ad
2443 2954 2854 3023 tractandum
2890 2975 3061 3024 com·

811 3063 1201 3150 ponendum,
1222 3064 1709 3152 paciscendum,
1744 3062 2287 3152 concordandum,
2318 3072 2383 3133 et
2402 3064 2884 3133 terminandum
2915 3084 3061 3131 cum

812 3172 1093 3257 Egregio
1125 3182 1191 3239 et
1221 3171 1467 3241 Illustri
1497 3174 1638 3240 viro
1671 3173 1936 3242 domino
1967 3173 2216 3260 Jacobo
2256 3172 2605 3242 contarino
2644 3171 2915 3259 comite,
2949 3172 3062 3241 Ju-

814 3280 1067 3348 dicibus
1100 3287 1166 3347 et
1198 3278 1676 3350 communitate
1713 3281 2011 3368 Ragusii,
2044 3302 2239 3369 super
2269 3283 2565 3352 omnibus
2602 3282 2821 3352 causis
2852 3289 2920 3350 et
2948 3302 3058 3350 ne-

811 3391 1010 3474 gotiis
1031 3441 1050 3476 ,
1104 3409 1229 3475 que
1278 3390 1655 3459 incumbunt
1701 3392 1873 3460 inter
1921 3389 2117 3459 Cives
2166 3390 2442 3477 Ragnsii
2493 3398 2559 3459 et
2611 3391 3057 3480 Spalatenses,

812 3504 1078 3587 propter
1111 3519 1236 3584 que
1265 3499 1532 3586 aliquod
1562 3498 1947 3569 scandalum
1965 3502 2133 3568 inter
2169 3506 2507 3586 utramque
2538 3501 2882 3569 civitatem
2913 3521 3061 3588 pos·

813 3612 915 3674 set
963 3608 1135 3695 oriri,
1189 3609 1335 3676 sive
1382 3609 1704 3696 haetenus
1752 3610 1986 3679 fuisset
2034 3617 2347 3698 exortum,
2413 3616 2477 3679 et
2525 3610 2613 3679 ad
2661 3612 2878 3680 omnia
2925 3611 3062 3678 alia

811 3715 1198 3805 faciendum,
1251 3739 1379 3805 que
1426 3721 1564 3788 veri
1595 3728 1662 3788 et
1697 3719 1977 3806 legitimi
2024 3727 2475 3808 procuratores
2525 3720 2744 3789 facere
2791 3725 3061 3807 possent

812 3833 877 3893 et
906 3826 1256 3915 deberent;
1307 3830 1754 3917 promittentes
1805 3835 2015 3897 ratum
2046 3829 2291 3898 habere
2322 3836 2388 3897 et
2427 3828 2699 3916 firmum,
2751 3828 3059 3915 quiequid

809 3932 1008 4003 iidem
1025 3943 1478 4025 procuratores
1502 3939 1680 4006 circa
1709 3938 2009 4027 predicta
2037 3959 2181 4008 cum
2212 3938 2507 4026 predicto
2528 3938 2786 4007 domino
2806 3937 3058 4009 comite

811 4049 877 4110 et
894 4042 1368 4114 communitate
1399 4049 1679 4134 Ragusii
1697 4048 1998 4116 duxerint
2017 4047 2408 4116 faciendum.
2446 4051 2681 4117 Actum
2699 4047 2957 4138 Spalati
2990 4048 3058 4115 in

807 4153 1056 4239 palatio
1090 4154 1337 4223 domini
1367 4157 1745 4224 Potestatis.
1780 4160 2012 4226 Testes
2044 4158 2381 4227 Johannes
2412 4157 2723 4246 cicayda,
2757 4156 3055 4226 Andreas

807 4262 1106 4349 Michaci,
1158 4264 1375 4332 Mieha
1401 4264 1605 4332 Madii
1636 4270 1704 4333 et
1734 4266 1874 4334 alii.
1924 4266 2010 4333 Et
2040 4286 2164 4352 ego
2204 4266 2499 4355 Operssa
2543 4263 2858 4334 Dabralis
2887 4265 3056 4332 Exa-

807 4373 1088 4442 minator
1116 4393 1380 4442 manum
1428 4394 1641 4442 meam
1673 4375 1840 4447 misi.
1872 4375 2016 4462 Ego
2049 4376 2312 4444 Amicus
2346 4374 2742 4464 Capelianus
2782 4372 3054 4443 comitis

808 4481 1066 4569 Spalati
1110 4483 1474 4574 Imperialis
1522 4484 1836 4554 Notarius
1887 4485 1994 4554 his
2041 4485 2326 4573 interfui,
2376 4484 2557 4554 etde
2583 4485 2895 4553 mandato
2941 4484 3050 4553 do·

806 4589 962 4658 mini
981 4589 1334 4662 Potestatis
1356 4592 1680 4679 ,iudicium
1701 4593 2155 4664 Consiliatoris
2179 4603 2244 4663 et
2276 4592 2771 4663 communitatis
2790 4601 3049 4683 rogatus

806 4699 1041 4787 scripsi
1073 4709 1138 4769 et
1167 4710 1477 4772 consueto
1509 4701 1701 4791 signo
1730 4704 2051 4774 roboravi.
