3359 5250
1503 242 1636 321 289

1482 920 1639 987 205.

434 1120 561 1186 Pal
607 1120 1087 1206 orsqube'rdnak
1137 1120 1329 1206 Druq
1377 1125 1535 1185 nemi
1566 1120 1779 1205 sb'ldet
1827 1126 2133 1208 tdrqyazo'
2185 1123 2377 1188 itelete
2425 1121 2699 1189 Ldrincz

953 1239 1169 1293 mester
1197 1231 1257 1290 e's
1288 1226 1504 1313 Druqi
1533 1227 1772 1293 Miletos
1800 1226 1955 1293 ko'zt.
1986 1227 2182 1294 1249.

652 1459 901 1527 Paulus
933 1460 976 1527 J
978 1460 1152 1528 udex
1183 1461 1348 1528 Aule
1397 1461 1604 1546 Regie
1637 1459 1871 1530 Comes
1910 1459 2324 1530 Zaladiensis
2374 1463 2696 1531 vniuersis

436 1587 708 1654 presens
742 1567 1055 1655 scriptum
1073 1567 1476 1635 intuentibus
1508 1570 1787 1637 salutem
1818 1570 1886 1637 in
1905 1589 2061 1639 vero
2094 1571 2388 1637 salutari.
2427 1570 2534 1637 Ad
2561 1572 2698 1638 vni-

432 1696 771 1744 uersorum
823 1678 1123 1745 uolumus
1173 1678 1516 1764 peruenire
1567 1677 1897 1765 noticiam,
1934 1677 2109 1764 quod
2136 1680 2431 1764 partibus
2477 1699 2697 1747 coram

432 1786 628 1853 nobis
663 1787 1054 1870 constitutis,
1096 1785 1401 1852 videlicet
1431 1785 1696 1854 homine
1727 1786 2030 1871 Magistri
2060 1786 2410 1871 Laurencij
2452 1808 2535 1854 ex
2565 1807 2700 1855 una

429 1901 643 1981 parte,
676 1892 1021 1979 Nycholao
1055 1894 1139 1960 de
1171 1896 1356 1979 Drug
1387 1915 1471 1961 ex
1507 1895 1740 1981 altera,
1792 1893 2252 1980 intelleximus,
2286 1895 2462 1978 quod
2491 1895 2702 1980 Magi·

431 2007 566 2068 ster
588 2003 987 2069 Laurencius
1019 2006 1260 2068 terram
1292 2003 1360 2069 in
1380 2003 1586 2090 Drug,
1606 2003 1826 2089 ipsum
1844 2002 2259 2091 Nycholaum
2289 2009 2356 2069 et
2383 2009 2699 2088 cognatos

432 2130 588 2178 suos
621 2109 704 2174 de
734 2108 876 2176 iure
908 2108 1411 2195 contingentem,
1463 2109 1654 2177 metis
1686 2109 1881 2176 certis
1926 2109 2355 2195 assignatam,
2402 2108 2696 2176 median-

431 2218 610 2285 tibus
639 2216 904 2283 homine
948 2224 1170 2283 nostro
1202 2215 1432 2303 Pasca,
1485 2224 1552 2284 et
1580 2215 1785 2283 fratre
1816 2198 2066 2285 Don‘ius
2096 2216 2358 2303 Templi
2390 2217 2473 2283 de
2510 2217 2695 2303 Belo,

431 2326 566 2412 ipsi
595 2323 658 2389 N
661 2323 875 2392 icolao
927 2330 992 2389 et
1024 2324 1321 2408 cognatis
1355 2324 1493 2390 suis
1544 2325 1951 2409 resignasset
1999 2330 2316 2412 perpetuo
2354 2322 2694 2412 possiden-

432 2433 608 2517 dam,
645 2432 833 2500 saluo
864 2432 1007 2498 iure
1030 2432 1326 2499 Ecclesic
1358 2433 1549 2500 Beati
1568 2432 1866 2502 Ladizlai
1896 2436 2270 2501 obseruato.
2302 2433 2445 2501 Hoc
2476 2439 2693 2499 tamen

432 2542 838 2630 interposito,
898 2539 1074 2626 quod
1105 2549 1460 2629 patronatu
1508 2541 1766 2630 prefate
1796 2543 2094 2611 Ecclesie
2135 2549 2472 2630 pretactus
2502 2541 2694 2608 Nico-

433 2651 583 2717 laus
635 2670 768 2716 una
797 2669 941 2717 cum
973 2669 1094 2716 sua
1145 2651 1545 2736 cognacione
1575 2659 1642 2718 et
1674 2671 1896 2718 eorum
1925 2650 2203 2718 heredes
2252 2650 2695 2734 heredumque

431 2778 846 2828 successores
876 2758 1258 2845 potirentur.
1316 2756 1618 2825 Ceterum
1649 2759 1732 2826 de
1765 2758 2019 2827 duobus
2049 2758 2380 2846 iugeribus
2418 2757 2695 2843 singulis

432 2867 606 2934 infra
624 2872 832 2933 metas
852 2865 1113 2932 Nicolai
1144 2872 1210 2931 et
1241 2872 1665 2949 cognatorum
1698 2885 1961 2934 suorum
1982 2866 2410 2934 existentibus
2442 2865 2697 2949 singule

434 2974 704 3062 capecie
754 2992 928 3039 anno
978 2975 1194 3040 futuro
1229 2973 1312 3039 de
1342 2976 1762 3061 presentibus
1810 2974 2002 3042 annis
2051 2973 2414 3059 seminatis,
2472 2972 2555 3039 de
2585 2993 2695 3060 po-

431 3084 586 3169 pulo
620 3081 710 3147 ad
740 3082 1170 3148 Laurencium
1223 3083 1550 3168 spectanti
1583 3082 1756 3148 dicto
1789 3082 2076 3150 Nicolao-
2117 3089 2183 3148 et
2219 3081 2517 3166 cognatis
2556 3080 2696 3146 suis

436 3192 884 3275 soluerentur;
937 3195 1004 3255 et
1032 3187 1116 3255 dc
1163 3189 1421 3276 injurijs
1472 3197 1539 3257 et
1568 3190 1876 3277 dampnis
1927 3189 2131 3258 illatis
2182 3188 2354 3256 dicto
2385 3189 2468 3255 N.
2501 3194 2567 3254 et
2596 3207 2695 3253 co·

433 3297 742 3384 gnacioni
793 3316 910 3364 sue
940 3295 1293 3383 sepedicte,
1325 3297 1641 3384 Magister
1675 3300 1750 3365 L.
1783 3298 2044 3365 iusticie
2092 3317 2212 3386 per
2242 3296 2464 3364 omnia
2512 3294 2696 3362 fecis-

433 3413 533 3475 set
584 3405 1146 3492 complementum.
1199 3406 1343 3472 Hee
1388 3412 1609 3473 autem
1658 3413 1811 3472 sunt
1842 3413 2011 3472 mete
2057 3411 2234 3472 terre
2283 3403 2694 3491 supradicte:

433 3516 654 3581 Prima
685 3511 917 3598 incipit
946 3512 1030 3579 de
1060 3513 1298 3598 Ragna
1328 3513 1515 3581 iuxta
1546 3512 2008 3597 molendinum,
2062 3518 2127 3578 et
2156 3510 2341 3578 vadit
2372 3510 2461 3577 ad
2490 3508 2696 3576 orien-

433 3631 589 3708 tem,
643 3631 707 3690 et
737 3623 859 3690 sub
893 3641 1135 3707 magna
1164 3621 1316 3688 ilice
1346 3628 1447 3688 est
1477 3630 1691 3708 meta3
1744 3628 1810 3687 et
1837 3621 1992 3689 inde
2022 3620 2210 3689 vadit
2246 3618 2315 3685 in
2345 3618 2696 3688 Potockur-

437 3732 638 3799 mand
657 3784 675 3818 ,
728 3740 795 3798 et
842 3750 1029 3798 secus
1069 3731 1410 3797 Kurmand
1461 3731 1645 3798 uadit
1691 3750 1920 3798 uersus
1974 3729 2581 3817 septemptrionem3
2633 3732 2698 3792 et

435 3840 589 3907 inde
619 3838 807 3905 uadit
840 3839 925 3904 ad
975 3837 1289 3906 orientem
1320 3858 1526 3923 usque
1557 3838 1644 3904 ad
1677 3846 1917 3906 metam
1947 3837 2185 3923 Regis5
2240 3843 2304 3903 et
2334 3838 2491 3907 inde
2519 3838 2698 3906 uenit

435 3952 521 4019 ad
554 3949 956 4016 occidentem
979 3948 1067 4015 ad
1099 3950 1397 4016 arborem
1427 3952 1762 4016 numu-aloa
1777 3975 1805 4027 ,·
1838 3953 1903 4014 et
1925 3947 2079 4015 inde
2107 3945 2292 4014 uadit
2312 3948 2398 4015 ad
2429 3949 2695 4035 plagam

437 4056 931 4124 meridionalem
961 4056 1030 4123 in
1063 4055 1474 4141 longitudine
1494 4055 1773 4142 jugeris,
1826 4061 1892 4122 et
1920 4054 2075 4121 inde
2103 4054 2283 4121 uenit
2313 4054 2402 4121 ad
2431 4053 2698 4122 Minchi-

432 4165 740 4249 loutoucl,
792 4171 858 4231 et
889 4166 1069 4231 uenit
1101 4185 1219 4250 per
1267 4163 1541 4250 plagam
1575 4162 2063 4230 occidendalem
2102 4162 2191 4228 ad
2220 4161 2596 4247 ermand5
2630 4167 2697 4227 et

431 4272 587 4340 inde
617 4273 855 4340 transit
885 4291 1002 4360 per
1037 4271 1375 4358 Opacuta;
1410 4278 1476 4337 et
1507 4270 1662 4337 inde
1693 4271 1876 4337 uenit
1906 4267 1992 4337 ad
2023 4269 2279 4355 Rogna,
2305 4270 2497 4336 etsie
2525 4272 2695 4333 mete

433 4381 883 4447 terminantur.
935 4379 1019 4446 Vt
1051 4387 1268 4445 autem
1301 4377 1505 4445 series
1556 4379 1755 4463 hujus
1806 4377 1901 4443 rei
1934 4387 2000 4445 et
2049 4384 2260 4444 status
2308 4376 2696 4443 inconcusse

431 4487 748 4573 temporis
796 4505 1114 4573 processu
1163 4486 1377 4572 possit
1411 4504 1812 4573 permanere,
1866 4485 1955 4551 ad
1985 4484 2182 4552 robur
2214 4490 2280 4551 et
2328 4484 2696 4550 firmitatem

524 4675 726 4712 nomm.
759 4676 918 4713 nune.
952 4676 1093 4711 msr.
1132 4685 1204 4695 —
1244 4676 1388 4710 mm..
1424 4666 1490 4705 12.
2290 4653 2365 4706 19
