3359 5250
1804 293 2003 392 ‘494
2060 385 2086 392 -

802 490 1089 558 totaliter
1144 511 1285 557 cum
1339 488 1566 558 eodem
1607 492 1775 575 jure,
1824 510 1950 574 quo
1985 498 2168 578 pater
2220 500 2283 556 et
2333 511 2556 558 omnes
2610 484 3077 575 progenitores

813 599 1016 685 ipsius
1049 599 1494 684 possidebant,
1529 600 1649 665 snb
1685 599 1929 667 eisdem
1951 599 2238 685 antiquis
2273 599 2460 665 metis
2492 620 2614 685 per
2645 607 3075 683 suosproge-

807 705 1050 775 nitores
1099 707 1602 793 circumquaque
1653 729 1773 794 per
1803 709 2117 776 ambitum
2157 713 2222 774 et
2256 707 2574 774 vallatum
2626 705 2924 789 eleuatis,
2988 697 3077 762 Si-

810 813 942 883 mul
973 815 1182 882 eciam
1233 815 1536 902 porcione
1574 815 1802 883 habita
1852 817 1917 882 in
1951 816 2254 882 Danubio
2292 820 2357 882 et
2387 815 2620 883 insulis
2669 814 2758 882 ad
2786 812 3072 881 eandem

806 924 1284 1012 possessionem
1318 923 1572 1008 Dijenis
1610 924 2103 1010 pertinentibus,
2147 925 2549 992 Monasterio
2581 922 2770 989 Beati
2803 917 3077 988 Martini

671 1070 676 1081 ·
807 1032 891 1099 de
917 1031 1120 1100 Sacro
1151 1032 1373 1100 Monte
1392 1030 1727 1100 Pannonie
1759 1032 2005 1098 salubri
2039 1030 2522 1100 deliberacione
2540 1030 2871 1119 prebibita
2900 1048 3080 1117 pure

814 1150 878 1209 et
927 1141 1214 1229 perfecte
1263 1140 1439 1209 nullo
1490 1140 1573 1207 de
1619 1161 1742 1208 sua
1789 1142 2193 1226 cognacione
2243 1140 2726 1208 contradicente
2775 1138 3072 1221 contulit,

805 1248 1078 1317 tradidit
1108 1255 1175 1316 et
1203 1248 1475 1316 donauit
1497 1250 1644 1332 jure
1683 1257 1997 1336 perpetuo
2031 1249 2514 1337 possidendam,
2538 1254 2607 1314 ut
2637 1246 3067 1334 prediximus,

812 1378 929 1445 pro
982 1350 1286 1427 ducentis
1329 1365 1394 1426 et
1439 1358 1775 1443 octoginta
1823 1359 2062 1427 marcis
2115 1360 2373 1444 argenti
2423 1360 2518 1426 sic
2567 1357 2935 1426 ardenciori
2988 1373 3071 1420 ac

810 1466 1155 1536 sinceriori
1185 1466 1538 1535 deuocione
1574 1467 1891 1535 inuitante
1923 1488 2043 1554 pro
2079 1474 2296 1535 eterne
2329 1465 2883 1536 remuneracionis
2917 1465 3072 1531 bra-

806 1579 912 1647 uio
945 1576 1316 1662 obtinendo,
1350 1596 1432 1644 ne
1471 1577 1535 1645 in
1565 1577 1919 1647 nouissimo
1952 1577 2080 1663 die,
2111 1586 2404 1665 tempore
2423 1577 2742 1645 examinis
2783 1576 3069 1644 districti

811 1683 1066 1753 Judicis
1099 1705 1241 1751 cum
1275 1686 1494 1753 villico
1529 1686 1893 1771 iniquitatis
1928 1687 2269 1772 subjaceat
2298 1686 2562 1754 ulcioni.
2597 1687 2680 1753 Et
2710 1692 3067 1772 propterea

809 1799 876 1862 ct
905 1793 1262 1863 deuocione
1291 1815 1609 1863 accensus
1645 1806 1713 1863 et
1744 1816 1826 1863 ex
1856 1793 2251 1864 authoritate
2281 1794 2553 1863 licencie
2586 1794 2830 1863 domini
2862 1794 3067 1880 Regis

807 1905 1112 1992 superius
1162 1905 1401 1973 inserte
1432 1905 1520 1972 ad
1569 1905 1929 1992 perfectum
1962 1905 2323 1974 secui-atius
2355 1906 2449 1972 ita
2494 1904 2973 1972 inuiolabiliter
3004 1908 3068 1968 et

808 2014 1326 2085 irreuocabiliter
1359 2014 1602 2081 dictam
1635 2016 2124 2101 possessionem
2156 2013 2415 2101 Dijenis
2450 2034 2609 2101 sepe
2641 2012 2814 2081 dicto
2846 2014 3071 2082 Mona·

809 2122 1010 2193 sterio
1061 2124 1490 2211 appropriare
1519 2131 1586 2192 et
1633 2131 2024 2211 perpetuare
2063 2125 2419 2210 exoptauit,
2469 2131 2541 2192 ut
2570 2123 2749 2190 nullo
2782 2141 3071 2207 unquam

810 2242 1101 2320 tempore
1150 2232 1350 2299 alicui
1401 2232 1764 2300 successori
1812 2233 2022 2320 ipsius
2072 2233 2272 2300 liceat
2310 2238 2635 2299 remutare
2685 2231 2793 2297 vel
2842 2230 3071 2312 aliqua

812 2340 1080 2408 racione
1110 2345 1419 2426 pretensa
1452 2358 1780 2425 reuocare,
1832 2340 2081 2408 scilicet
2111 2346 2183 2406 ut
2221 2339 2549 2407 hereditas
2582 2345 2647 2404 et
2686 2338 3066 2406 dotalicium

813 2448 1059 2535 pluries
1094 2447 1252 2515 dicti
1302 2448 1676 2516 nonasterii
1727 2454 2064 2516 remaneat
2099 2455 2417 2537 perpetuo
2471 2447 2828 2515 munimine
2879 2447 3067 2513 robo-

815 2564 979 2627 rata.
1012 2556 1152 2623 Nec
1182 2555 1288 2621 hic
1320 2556 1442 2622 sub
1493 2555 1763 2623 silencio
1795 2556 2291 2643 pretereundum
2323 2556 2648 2640 duximus,
2682 2554 2855 2639 quod
2895 2554 3069 2622 idem

815 2667 984 2736 Elek
1019 2673 1268 2753 septem
1299 2665 1523 2752 capita
1554 2683 1889 2733 seruorum
1920 2686 2200 2751 suorum,
2256 2665 2563 2734 uidelicet
2596 2666 2737 2732 Itev
2774 2684 2923 2731 cum
2961 2665 3072 2730 tri·

821 2778 943 2844 bus
974 2774 1150 2861 filijs,
1182 2781 1248 2841 et
1266 2773 1444 2841 Beed
1476 2794 1621 2841 cum
1654 2774 1907 2844 duobus
1930 2773 2104 2859 filijs,
2137 2782 2203 2841 et
2230 2795 2431 2842 unum
2464 2773 2839 2841 libertinum
2884 2793 3069 2841 suum

820 2885 1080 2953 nomine
1111 2882 1458 2967 Andream,
1509 2881 1866 2949 existentes
1899 2883 1966 2949 in
1998 2883 2218 2967 sepius
2251 2888 2609 2950 memorata
2656 2882 3070 2967 possessione

820 2993 1080 3080 Dijenis
1119 2993 1263 3078 jam
1312 2990 1484 3058 dicto
1532 2990 1930 3059 Monasterio
1981 2992 2203 3058 Sancti
2245 2989 2529 3073 Martini,
2556 3010 2675 3077 pro
2725 2988 2961 3074 viginti
3012 2997 3072 3055 et

819 3109 1100 3193 quatuor
1132 3099 1369 3166 marcis
1421 3099 1680 3183 argenti
1712 3097 2009 3166 vendidit
2027 3100 2181 3184 jure
2211 3106 2524 3186 perpetuo
2562 3103 2627 3165 et
2656 3097 3071 3165 irreuocabili

818 3208 1272 3300 possidendos,
1306 3213 1373 3274 et
1403 3206 1680 3273 candem
1716 3226 2033 3273 summam
2066 3207 2341 3293 pecunie
2369 3205 2665 3293 plenarie
2691 3214 2756 3272 et
2791 3205 3073 3291 integra-

817 3321 969 3390 liter
998 3316 1246 3405 recepit
1294 3334 1518 3382 coram
1544 3314 1755 3383 nobis.
1810 3317 1895 3382 Vt
1924 3315 2127 3400 igitur
2153 3316 2346 3401 hujus
2384 3313 2786 3400 donacionis,
2842 3313 3067 3382 vendi·

823 3427 1029 3496 cionis
1059 3445 1176 3494 seu
1206 3421 1687 3492 satisfaccionis
1737 3423 1944 3490 series
1979 3424 2173 3491 robur
2203 3428 2513 3510 perpetue
2550 3421 2875 3490 firmitatis
2908 3424 3069 3490 obti-

809 3542 996 3622 neat,
1029 3534 1116 3601 ad
1148 3531 1536 3619 peticionem
1583 3531 1903 3617 sepedicti
1952 3530 2119 3598 Elek
2164 3530 2412 3617 pluries
2461 3528 2637 3598 dicto
2682 3531 3073 3598 Monasterio

803 3717 808 3721 ,
825 3647 1163 3734 presentes
1196 3640 1638 3708 concessimus
1669 3639 1925 3707 litteras
1959 3638 2162 3725 sigilli
2194 3637 2398 3707 nostri
2431 3639 2783 3706 munimine
2816 3639 3073 3706 robora-

824 3761 949 3822 tas.
983 3751 1172 3818 Anno
1204 3746 1468 3815 Domini
1517 3746 1868 3814 millesimo
1902 3746 2343 3814 ducentesimo
2392 3745 2940 3831 quinquagesimo
2973 3767 3070 3813 oc-

822 3870 1000 3946 tauo,
1032 3856 1283 3927 decimo
1305 3852 1626 3923 kalendas
1649 3853 2070 3942 Septembris.
2112 3854 2426 3938 Magistro
2450 3856 2759 3942 Philippo
2778 3854 3071 3922 Ecclesie

826 3979 1044 4042 nostre
1075 3969 1299 4037 Electo
1332 3966 1481 4033 aule
1513 3965 1717 4049 Regie
1748 3964 2376 4050 Vice-Cancellario,
2425 3965 2741 4051 Gregorio
2774 3965 3069 4049 Cantore,

828 4082 1157 4151 Feliciano
1189 4075 1492 4162 Custode,
1527 4073 1871 4143 Ambrosio
1908 4077 2175 4142 Decano
2208 4074 2656 4144 existentibus.

1156 4277 1427 4344 (Eredctie
1453 4297 1484 4333 a
1509 4277 1894 4350 pannonhalmi
1918 4278 2316 4348 fiiapr'itsagnak
2336 4276 2753 4343 leveltaraban.)
