3359 5250
1317 360 1494 461 -.¹3²3

1270 451 1572 463 --—.-

1363 891 1477 960 92.

279 1073 377 1140 A,
409 1074 786 1160 mteryami
832 1072 1149 1160 kdptalan
1193 1093 1272 1136 az
1321 1072 1690 1159 enter-qamt·
1738 1072 2099 1137 odrontmn
2147 1069 2287 1135 16υὸ
2336 1068 2553 1136 Ῑιάιαίὶ

563 1178 847 1246 Herbold
876 1181 941 1244 6⁸
971 1178 1134 1244 Ibur
1161 1175 1607 1264 polydrolmak
1636 1176 1814 1244 herbo
1844 1177 2023 1264 adju.
2053 1178 2251 1243 1243.

315 1442 320 1446 ,
501 1373 877 1462 Capitulum
926 1372 1378 1459 Strigoniense
1417 1371 1738 1440 vniuersis
1788 1376 2122 1457 presentes
2168 1355 2422 1440 litteras
2456 1371 2545 1438 in-

277 1484 607 1572 specturis
640 1483 921 1551 salntem
954 1480 1020 1549 iu
1043 1480 1343 1550 Domino.
1380 1478 1486 1549 Ad
1514 1480 1964 1548 uniuersitatis
1984 1487 2200 1547 vestre
2233 1479 2546 1548 noticiam

274 1592 583 1659 uolumus
604 1590 970 1676 peruenire,
998 1587 1173 1673 quod
1203 1608 1325 1658 nos
1347 1587 1607 1656 dilectis
1631 1586 1875 1655 nostris
1894 1587 2237 1657 Herbordo
2256 1595 2321 1654 et
2340 1586 2543 1670 Ybur,

278 1698 435 1766 filiis
470 1697 803 1782 quondam
833 1694 1175 1782 Stephani,
1197 1695 1449 1764 ciuibus
1481 1695 2065 1780 Strigoniensibus,
2100 1696 2392 1764 locamus
2432 1695 2544 1763 do·

276 1827 456 1873 mum
486 1810 781 1872 nostram
812 1803 1143 1891 lapideam
1179 1823 1325 1870 cum
1357 1803 1540 1870 curia
1572 1803 2091 1889 circumiacente‚
2127 1804 2319 1871 sitam
2346 1819 2545 1889 super

276 1914 494 1982 forum
516 1912 928 1998 Strigoniese
951 1931 1157 1998 prope
1188 1913 1517 1998 palacium
1537 1912 1767 1996 Henie,
1800 1912 2139 1996 longitudo
2165 1911 2347 1978 cuius
2368 1911 2545 1979 curie

274 2028 379 2089 est
403 2020 835 2108 septuaginta
853 2019 1235 2103 cubitorum,
1266 2020 1378 2105 qui
1397 2020 1596 2105 uulgo
1618 2020 2038 2108 appellantur
2053 2019 2221 2108 mys,
2262 2018 2541 2087 latitudo

277 2148 437 2196 uero
491 2125 934 2213 quadraginta
965 2133 1034 2194 et
1062 2126 1255 2194 unius
1287 2128 1563 2194 cubitus.
1614 2129 1781 2194 Item
1813 2125 2140 2212 quandam
2178 2127 2426 2193 curiam
2461 2145 2543 2192 ex

278 2236 637 2324 posteriori
694 2242 881 2320 parte
912 2235 1086 2302 dicte
1117 2236 1339 2302 domui
1369 2236 1631 2323 lapidee
1663 2235 2083 2321 continguam
2118 2254 2350 2303 uersus
2383 2235 2544 2302 San-

276 2351 457 2411 ctum
487 2341 926 2410 Laurencium
974 2342 1260 2428 quadam
1290 2342 1404 2408 via
1436 2342 1845 2411 solummodo
1895 2342 2308 2428 intermedia,
2357 2344 2542 2410 cuius

273 2446 626 2536 longitudo
678 2454 780 2515 est
827 2449 1099 2535 triginta
1130 2449 1416 2534 quinque
1468 2448 1854 2538 cubitorum,
1907 2448 2185 2517 latitudo
2233 2468 2386 2515 uero
2434 2450 2543 2516 tri-

274 2558 462 2643 ginta
514 2564 793 2640 quatuor
823 2555 1223 2645 cubitorum;
1275 2579 1395 2647 pro
1428 2577 1502 2628 se
1536 2564 1600 2627 et
1636 2557 1990 2627 heredibus
2037 2558 2173 2628 suis
2205 2558 2539 2643 legitimis,

276 2671 341 2733 et
369 2685 507 2731 non
539 2664 897 2751 extraneis,
930 2674 1246 2752 perpetuo
1276 2666 1734 2753 possidendas.
1767 2669 1910 2734 Hoc
1929 2674 2124 2754 pacto
2157 2669 2364 2752 ethys
2393 2687 2541 2735 con-

278 2771 655 2840 dicionibus
687 2771 1296 2858 interuenientibus,
1348 2773 1520 2857 quod
1549 2773 1826 2860 predicti
1858 2774 2232 2843 Herbordus
2264 2780 2328 2840 et
2360 2774 2543 2842 Ybur

276 2886 340 2946 et
391 2898 622 2946 eorum
673 2877 952 2946 heredes
1013 2884 1361 2947 teneantur
1408 2879 1600 2948 nobis
1652 2881 1913 2949 solvere
1972 2883 2312 2949 annuatim
2372 2882 2540 2949 duas

279 3004 544 3053 marcas
599 2984 857 3068 argenti
905 3006 1026 3071 pro
1061 2983 1239 3052 dicta
1287 2985 1479 3056 domo
1530 2987 1820 3073 lapidea,
1878 2994 1943 3054 et
1978 3008 2172 3054 unum
2223 2989 2539 3056 fertonem

274 3113 390 3178 pro
420 3092 610 3159 dicta
639 3092 840 3177 curia,
896 3092 1157 3161 nomine
1187 3094 1526 3180 pensionis
1558 3112 1766 3176 nsque
1799 3092 1886 3159 ad
1928 3093 2299 3176 quindecim
2330 3114 2538 3162 annos

275 3201 623 3285 videlicet3
685 3200 1054 3285 quindecim
1107 3201 1297 3269 annis
1345 3221 1502 3270 uero
1555 3200 1897 3288 completis
1947 3201 2234 3269 debeant
2282 3202 2539 3270 soluere

275 3308 560 3393 singulis
596 3308 790 3374 annis
823 3327 1029 3392 usque
1059 3308 1126 3375 in
1156 3320 1543 3396 perpetuum
1571 3316 1706 3377 tres
1740 3327 1995 3376 marcas
2014 3310 2276 3403 argenti
2313 3316 2378 3377 et
2411 3309 2538 3377 dic-

275 3424 408 3481 tum
441 3414 809 3501 fertonem3
860 3416 1138 3500 primam
1172 3423 1428 3501 partem
1460 3417 1526 3482 in
1558 3415 1729 3484 festo
1762 3416 1985 3484 Sancti
2019 3416 2387 3504 Michaelis,
2441 3438 2537 3487 se-

278 3520 561 3588 cundam
617 3529 867 3607 partem
917 3521 984 3588 in
1014 3522 1366 3590 Dominica
1416 3522 1630 3608 prima
1675 3521 2215 3609 Quadragesime,
2266 3524 2538 3592 terciam

279 3636 536 3715 partem
588 3629 659 3695 in
708 3628 875 3698 festo
907 3628 1134 3696 Sancti
1185 3628 1509 3696 Johannis
1539 3631 1858 3716 Baptiste.
1910 3633 1994 3697 Et
2032 3632 2151 3697 hec
2202 3630 2539 3701 attendere

277 3739 668 3823 promittunt
696 3738 818 3804 sub
845 3756 1020 3821 pena
1053 3736 1256 3824 dupli.
1289 3737 1411 3803 Est
1442 3738 1649 3804 eciam
1672 3738 2021 3823 adiectum,
2054 3738 2231 3821 quod
2262 3760 2384 3807 nec
2416 3741 2534 3824 eis,

275 3863 393 3912 nec
426 3841 783 3911 heredibus
816 3842 1104 3930 ipsorum
1152 3843 1352 3911 liceat
1381 3843 1667 3912 vendere
1701 3846 1810 3911 uel
1843 3845 2136 3912 alienare
2173 3845 2536 3931 predictam

275 3949 561 4035 domum,
593 3968 807 4034 neque
828 3949 1193 4035 predictam
1226 3952 1499 4036 curiam,
1532 3951 1659 4019 nisi
1693 3971 1897 4020 causa
1918 3950 2332 4019 necessitatis
2365 3952 2537 4039 ipso-

273 4078 454 4144 rum3
509 4062 578 4124 et
610 4063 762 4124 tunc
811 4057 894 4124 de
942 4063 1169 4127 nostra
1216 4056 1493 4126 licencia
1545 4060 1856 4145 speciali;
1911 4057 2104 4128 aliter
2153 4079 2309 4127 uero
2358 4060 2540 4129 facta

275 4165 578 4233 uendicio
612 4165 720 4232 uel
768 4165 1088 4233 alienacio
1120 4186 1252 4235 non
1283 4167 1521 4251 valeat,
1572 4175 1639 4236 et
1669 4167 1729 4234 si
1763 4166 2193 4254 uendiderint‚
2245 4168 2354 4235 uel
2386 4169 2538 4235 alie-

272 4272 601 4357 nauerint‚
656 4277 909 4359 emptor
940 4273 1279 4340 nobiscum
1330 4273 1413 4342 de
1444 4293 1612 4343 novo
1654 4274 2004 4344 conuenire
2056 4274 2297 4343 debeat
2343 4294 2541 4361 super

269 4380 590 4465 pensione
644 4379 837 4449 nobis
866 4379 1328 4466 persoluenda.
1380 4380 1453 4447 Si
1483 4401 1610 4466 que
1640 4401 1797 4452 vero
1850 4380 2161 4450 hedificia
2205 4384 2277 4451 in
2309 4381 2539 4452 eodem

275 4484 479 4554 fundo
510 4481 965 4554 edificaverint
1013 4487 1279 4575 lapidea
1310 4487 1417 4555 nel
1450 4488 1671 4576 lignea
1702 4489 1788 4557 de
1820 4510 2013 4575 nouo,
2047 4507 2127 4556 ea
2167 4511 2286 4577 pro
2317 4493 2539 4560 volun-
