<?xml version="1.0" encoding="UTF-8"?>
<!DOCTYPE html PUBLIC "-//W3C//DTD XHTML 1.0 Transitional//EN"
    "http://www.w3.org/TR/xhtml1/DTD/xhtml1-transitional.dtd">
<html xmlns="http://www.w3.org/1999/xhtml" xml:lang="en" lang="en">
 <head>
  <title>
</title>
<meta http-equiv="Content-Type" content="text/html;charset=utf-8" />
  <meta name='ocr-system' content='tesseract 3.04.00' />
  <meta name='ocr-capabilities' content='ocr_page ocr_carea ocr_par ocr_line ocrx_word'/>
</head>
<body>
  <div class='ocr_page' id='page_1' title='image "./codexdiplomatic09unkngoog_0544.png"; bbox 0 0 3359 5250; ppageno 0'>
   <div class='ocr_carea' id='block_1_1' title="bbox 1781 274 1916 342">
    <p class='ocr_par' dir='ltr' id='par_1_1' title="bbox 1781 274 1916 342">
     <span class='ocr_line' id='line_1_1' title="bbox 1781 274 1916 342; baseline 0 0"><span class='ocrx_word' id='word_1_1' title='bbox 1781 274 1916 342; x_wconf 86' lang='lat'><strong>504</strong></span> 
     </span>
    </p>
   </div>
   <div class='ocr_carea' id='block_1_2' title="bbox 1689 366 1982 377">
    <p class='ocr_par' dir='ltr' id='par_1_2' title="bbox 1689 366 1982 377">
     <span class='ocr_line' id='line_1_2' title="bbox 1689 366 1982 377; baseline 0 4873"><span class='ocrx_word' id='word_1_2' title='bbox 1689 366 1982 377; x_wconf 95' lang='lat' dir='ltr'><strong> </strong></span> 
     </span>
    </p>
   </div>
   <div class='ocr_carea' id='block_1_3' title="bbox 713 470 2984 2612">
    <p class='ocr_par' dir='ltr' id='par_1_3' title="bbox 713 470 2984 1404">
     <span class='ocr_line' id='line_1_3' title="bbox 717 470 2984 559; baseline -0 -20"><span class='ocrx_word' id='word_1_3' title='bbox 717 476 1127 559; x_wconf 89' lang='lat' dir='ltr'><strong>presencium</strong></span> <span class='ocrx_word' id='word_1_4' title='bbox 1160 473 1458 540; x_wconf 86' lang='lat' dir='ltr'><strong>volumus</strong></span> <span class='ocrx_word' id='word_1_5' title='bbox 1495 473 1861 559; x_wconf 87' lang='lat' dir='ltr'><strong>peruenire,</strong></span> <span class='ocrx_word' id='word_1_6' title='bbox 1915 470 2090 556; x_wconf 89' lang='lat' dir='ltr'><strong>quod</strong></span> <span class='ocrx_word' id='word_1_7' title='bbox 2122 491 2267 538; x_wconf 86' lang='lat' dir='ltr'><strong>cum</strong></span> <span class='ocrx_word' id='word_1_8' title='bbox 2301 491 2587 558; x_wconf 85' lang='lat' dir='ltr'><strong>causam,</strong></span> <span class='ocrx_word' id='word_1_9' title='bbox 2640 491 2766 556; x_wconf 91' lang='lat' dir='ltr'><strong>que</strong></span> <span class='ocrx_word' id='word_1_10' title='bbox 2813 472 2984 540; x_wconf 89' lang='lat' dir='ltr'><strong>inter</strong></span> 
     </span>
     <span class='ocr_line' id='line_1_4' title="bbox 714 576 2974 667; baseline 0 -22"><span class='ocrx_word' id='word_1_11' title='bbox 714 576 1039 648; x_wconf 87' lang='lat' dir='ltr'><strong>Abbatem</strong></span> <span class='ocrx_word' id='word_1_12' title='bbox 1091 586 1157 647; x_wconf 94' lang='lat' dir='ltr'><strong>et</strong></span> <span class='ocrx_word' id='word_1_13' title='bbox 1188 580 1588 648; x_wconf 84' lang='lat' dir='ltr'><strong>Conuentnm</strong></span> <span class='ocrx_word' id='word_1_14' title='bbox 1624 579 1710 646; x_wconf 93' lang='lat' dir='ltr'><strong>de</strong></span> <span class='ocrx_word' id='word_1_15' title='bbox 1740 580 1897 646; x_wconf 91' lang='lat' dir='ltr'><strong>Beel</strong></span> <span class='ocrx_word' id='word_1_16' title='bbox 1931 599 2012 645; x_wconf 84' lang='lat' dir='ltr'><strong>ex</strong></span> <span class='ocrx_word' id='word_1_17' title='bbox 2043 601 2174 646; x_wconf 85' lang='lat' dir='ltr'><strong>vna</strong></span> <span class='ocrx_word' id='word_1_18' title='bbox 2206 586 2416 666; x_wconf 88' lang='lat' dir='ltr'><strong>parte,</strong></span> <span class='ocrx_word' id='word_1_19' title='bbox 2453 585 2521 646; x_wconf 94' lang='lat' dir='ltr'><strong>et</strong></span> <span class='ocrx_word' id='word_1_20' title='bbox 2560 581 2839 667; x_wconf 89' lang='lat' dir='ltr'><strong>populos</strong></span> <span class='ocrx_word' id='word_1_21' title='bbox 2870 600 2974 647; x_wconf 92' lang='lat' dir='ltr'><strong>eo·</strong></span> 
     </span>
     <span class='ocr_line' id='line_1_5' title="bbox 713 685 2976 769; baseline 0 -16"><span class='ocrx_word' id='word_1_22' title='bbox 713 686 982 753; x_wconf 83' lang='lat' dir='ltr'><strong>rundem</strong></span> <span class='ocrx_word' id='word_1_23' title='bbox 1015 686 1098 753; x_wconf 93' lang='lat' dir='ltr'><strong>de</strong></span> <span class='ocrx_word' id='word_1_24' title='bbox 1131 686 1288 753; x_wconf 87' lang='lat' dir='ltr'><strong>villa</strong></span> <span class='ocrx_word' id='word_1_25' title='bbox 1307 687 1482 754; x_wconf 88' lang='lat' dir='ltr'><strong>Okol</strong></span> <span class='ocrx_word' id='word_1_26' title='bbox 1505 688 1878 755; x_wconf 82' lang='lat' dir='ltr'><strong>vertebatur</strong></span> <span class='ocrx_word' id='word_1_27' title='bbox 1910 706 1991 753; x_wconf 81' lang='lat' dir='ltr'><strong>ex</strong></span> <span class='ocrx_word' id='word_1_28' title='bbox 2019 688 2249 769; x_wconf 88' lang='lat' dir='ltr'><strong>altera,</strong></span> <span class='ocrx_word' id='word_1_29' title='bbox 2283 685 2540 752; x_wconf 88' lang='lat' dir='ltr'><strong>dilectis</strong></span> <span class='ocrx_word' id='word_1_30' title='bbox 2573 694 2638 753; x_wconf 87' lang='lat' dir='ltr'><strong>et</strong></span> <span class='ocrx_word' id='word_1_31' title='bbox 2668 686 2976 753; x_wconf 89' lang='lat' dir='ltr'><strong>fidelibus</strong></span> 
     </span>
     <span class='ocr_line' id='line_1_6' title="bbox 717 794 2981 882; baseline -0 -20"><span class='ocrx_word' id='word_1_32' title='bbox 717 795 980 882; x_wconf 86' lang='lat' dir='ltr'><strong>nostris,</strong></span> <span class='ocrx_word' id='word_1_33' title='bbox 1013 796 1375 863; x_wconf 83' lang='lat' dir='ltr'><strong>venerabili</strong></span> <span class='ocrx_word' id='word_1_34' title='bbox 1407 798 1581 882; x_wconf 89' lang='lat' dir='ltr'><strong>patri</strong></span> <span class='ocrx_word' id='word_1_35' title='bbox 1616 797 1811 865; x_wconf 84' lang='lat' dir='ltr'><strong>Gallo</strong></span> <span class='ocrx_word' id='word_1_36' title='bbox 1848 797 2175 881; x_wconf 82' lang='lat' dir='ltr'>Episcopo</span> <span class='ocrx_word' id='word_1_37' title='bbox 2225 794 2688 878; x_wconf 85' lang='lat' dir='ltr'><strong>Transiluano,</strong></span> <span class='ocrx_word' id='word_1_38' title='bbox 2745 802 2811 861; x_wconf 95' lang='lat' dir='ltr'><strong>et</strong></span> <span class='ocrx_word' id='word_1_39' title='bbox 2849 797 2981 861; x_wconf 81' lang='lat' dir='ltr'><strong>Ma·</strong></span> 
     </span>
     <span class='ocr_line' id='line_1_7' title="bbox 719 900 2981 991; baseline 0 -23"><span class='ocrx_word' id='word_1_40' title='bbox 719 901 926 988; x_wconf 89' lang='lat' dir='ltr'><strong>gistro</strong></span> <span class='ocrx_word' id='word_1_41' title='bbox 946 904 1123 970; x_wconf 88' lang='lat' dir='ltr'><strong>Acus</strong></span> <span class='ocrx_word' id='word_1_42' title='bbox 1154 903 1494 991; x_wconf 86' lang='lat' dir='ltr'><strong>Prepesito</strong></span> <span class='ocrx_word' id='word_1_43' title='bbox 1515 902 1805 971; x_wconf 85' lang='lat' dir='ltr'><strong>Budensi</strong></span> <span class='ocrx_word' id='word_1_44' title='bbox 1832 902 2241 971; x_wconf 83' lang='lat' dir='ltr'><strong>Cancellario</strong></span> <span class='ocrx_word' id='word_1_45' title='bbox 2274 900 2626 968; x_wconf 79' lang='lat' dir='ltr'><strong>karissime</strong></span> <span class='ocrx_word' id='word_1_46' title='bbox 2659 904 2981 970; x_wconf 82' lang='lat' dir='ltr'><strong>consortis</strong></span> 
     </span>
     <span class='ocr_line' id='line_1_8' title="bbox 718 1009 2980 1096; baseline 0 -21"><span class='ocrx_word' id='word_1_47' title='bbox 718 1016 938 1077; x_wconf 90' lang='lat' dir='ltr'><strong>nostre</strong></span> <span class='ocrx_word' id='word_1_48' title='bbox 975 1009 1375 1095; x_wconf 85' lang='lat' dir='ltr'><strong>judicialiter</strong></span> <span class='ocrx_word' id='word_1_49' title='bbox 1424 1009 1942 1096; x_wconf 83' lang='lat' dir='ltr'><strong>cognoscendam</strong></span> <span class='ocrx_word' id='word_1_50' title='bbox 1978 1016 2042 1078; x_wconf 87' lang='lat' dir='ltr'><strong>et</strong></span> <span class='ocrx_word' id='word_1_51' title='bbox 2073 1012 2200 1078; x_wconf 87' lang='lat' dir='ltr'><strong>fine</strong></span> <span class='ocrx_word' id='word_1_52' title='bbox 2232 1009 2452 1077; x_wconf 84' lang='lat' dir='ltr'><strong>debito</strong></span> <span class='ocrx_word' id='word_1_53' title='bbox 2501 1010 2980 1076; x_wconf 82' lang='lat' dir='ltr'><strong>terminandam</strong></span> 
     </span>
     <span class='ocr_line' id='line_1_9' title="bbox 725 1110 2980 1207; baseline -0 -21"><span class='ocrx_word' id='word_1_54' title='bbox 725 1110 1296 1206; x_wconf 78' lang='lat' dir='ltr'><strong>commisissemus,</strong></span> <span class='ocrx_word' id='word_1_55' title='bbox 1343 1119 1608 1187; x_wconf 89' lang='lat' dir='ltr'><strong>tandem</strong></span> <span class='ocrx_word' id='word_1_56' title='bbox 1653 1118 1858 1206; x_wconf 88' lang='lat' dir='ltr'><strong>ijdem</strong></span> <span class='ocrx_word' id='word_1_57' title='bbox 1890 1120 2112 1207; x_wconf 90' lang='lat' dir='ltr'><strong>populi</strong></span> <span class='ocrx_word' id='word_1_58' title='bbox 2165 1119 2251 1185; x_wconf 86' lang='lat' dir='ltr'><strong>ad</strong></span> <span class='ocrx_word' id='word_1_59' title='bbox 2281 1125 2570 1188; x_wconf 85' lang='lat' dir='ltr'><strong>nostram</strong></span> <span class='ocrx_word' id='word_1_60' title='bbox 2610 1118 2980 1185; x_wconf 83' lang='lat' dir='ltr'><strong>accedendo</strong></span> 
     </span>
     <span class='ocr_line' id='line_1_10' title="bbox 719 1226 2976 1313; baseline -0.002 -18"><span class='ocrx_word' id='word_1_61' title='bbox 719 1229 1128 1313; x_wconf 79' lang='lat' dir='ltr'><strong>presenciam</strong></span> <span class='ocrx_word' id='word_1_62' title='bbox 1175 1228 1542 1296; x_wconf 87' lang='lat' dir='ltr'><strong>obtulerunt</strong></span> <span class='ocrx_word' id='word_1_63' title='bbox 1588 1228 1842 1295; x_wconf 89' lang='lat' dir='ltr'><strong>litteras</strong></span> <span class='ocrx_word' id='word_1_64' title='bbox 1890 1227 2240 1296; x_wconf 87' lang='lat' dir='ltr'><strong>eorundem</strong></span> <span class='ocrx_word' id='word_1_65' title='bbox 2283 1226 2576 1294; x_wconf 90' lang='lat' dir='ltr'><strong>fidelium</strong></span> <span class='ocrx_word' id='word_1_66' title='bbox 2608 1230 2976 1293; x_wconf 88' lang='lat' dir='ltr'><strong>nostrorum</strong></span> 
     </span>
     <span class='ocr_line' id='line_1_11' title="bbox 724 1336 1220 1404; baseline -0.002 -4"><span class='ocrx_word' id='word_1_67' title='bbox 724 1336 793 1401; x_wconf 89' lang='lat' dir='ltr'><strong>in</strong></span> <span class='ocrx_word' id='word_1_68' title='bbox 825 1336 946 1402; x_wconf 91' lang='lat' dir='ltr'><strong>hec</strong></span> <span class='ocrx_word' id='word_1_69' title='bbox 974 1337 1220 1404; x_wconf 86' lang='lat' dir='ltr'><strong>verba:</strong></span> 
     </span>
    </p>

    <p class='ocr_par' dir='ltr' id='par_1_4' title="bbox 724 1443 2977 1749">
     <span class='ocr_line' id='line_1_12' title="bbox 939 1443 2977 1532; baseline -0.001 -21"><span class='ocrx_word' id='word_1_70' title='bbox 939 1444 1080 1512; x_wconf 87' lang='lat' dir='ltr'><strong>Nos</strong></span> <span class='ocrx_word' id='word_1_71' title='bbox 1113 1443 1345 1512; x_wconf 81' lang='lat' dir='ltr'><strong>Gallus</strong></span> <span class='ocrx_word' id='word_1_72' title='bbox 1392 1445 1640 1512; x_wconf 87' lang='lat' dir='ltr'><strong>Diuina</strong></span> <span class='ocrx_word' id='word_1_73' title='bbox 1691 1447 2118 1514; x_wconf 82' lang='lat' dir='ltr'><strong>miseracione</strong></span> <span class='ocrx_word' id='word_1_74' title='bbox 2166 1445 2535 1532; x_wconf 88' lang='lat' dir='ltr'><strong>Episcopus</strong></span> <span class='ocrx_word' id='word_1_75' title='bbox 2565 1444 2977 1510; x_wconf 85' lang='lat' dir='ltr'><strong>Transsilua-</strong></span> 
     </span>
     <span class='ocr_line' id='line_1_13' title="bbox 725 1549 2977 1644; baseline -0.001 -27"><span class='ocrx_word' id='word_1_76' title='bbox 725 1570 845 1618; x_wconf 90' lang='lat' dir='ltr'><strong>nus</strong></span> <span class='ocrx_word' id='word_1_77' title='bbox 877 1553 1016 1619; x_wconf 80' lang='lat' dir='ltr'><strong>stb.-</strong></span> <span class='ocrx_word' id='word_1_78' title='bbox 1053 1549 1476 1641; x_wconf 64' lang='lat' dir='ltr'><strong>(kevetkezik</strong></span> <span class='ocrx_word' id='word_1_79' title='bbox 1527 1574 1604 1620; x_wconf 88' lang='lat' dir='ltr'><strong>az</strong></span> <span class='ocrx_word' id='word_1_80' title='bbox 1641 1552 1912 1621; x_wconf 80' lang='lat' dir='ltr'><strong>1254-ki</strong></span> <span class='ocrx_word' id='word_1_81' title='bbox 1943 1555 2251 1644; x_wconf 5' lang='lat' dir='ltr'><strong>okmanpy,</strong></span> <span class='ocrx_word' id='word_1_82' title='bbox 2308 1554 2468 1620; x_wconf 84' lang='lat' dir='ltr'><strong>mint</strong></span> <span class='ocrx_word' id='word_1_83' title='bbox 2504 1552 2773 1620; x_wconf 87' lang='lat' dir='ltr'><strong>fentebb</strong></span> <span class='ocrx_word' id='word_1_84' title='bbox 2827 1552 2977 1617; x_wconf 76' lang='lat'><strong>261.</strong></span> 
     </span>
     <span class='ocr_line' id='line_1_14' title="bbox 724 1660 1063 1749; baseline -0.006 -21"><span class='ocrx_word' id='word_1_85' title='bbox 724 1679 812 1728; x_wconf 87' lang='lat' dir='ltr'><strong>sz.</strong></span> <span class='ocrx_word' id='word_1_86' title='bbox 847 1660 1063 1749; x_wconf 84' lang='lat' dir='ltr'><strong>alatt.)</strong></span> 
     </span>
    </p>

    <p class='ocr_par' dir='ltr' id='par_1_5' title="bbox 724 1768 2981 2612">
     <span class='ocr_line' id='line_1_15' title="bbox 937 1768 2980 1857; baseline -0.003 -21"><span class='ocrx_word' id='word_1_87' title='bbox 937 1768 1079 1837; x_wconf 84' lang='lat' dir='ltr'><strong>Nos</strong></span> <span class='ocrx_word' id='word_1_88' title='bbox 1110 1769 1314 1855; x_wconf 86' lang='lat' dir='ltr'><strong>igitur</strong></span> <span class='ocrx_word' id='word_1_89' title='bbox 1345 1789 1444 1855; x_wconf 90' lang='lat' dir='ltr'><strong>ea,</strong></span> <span class='ocrx_word' id='word_1_90' title='bbox 1477 1789 1605 1855; x_wconf 88' lang='lat' dir='ltr'><strong>qne</strong></span> <span class='ocrx_word' id='word_1_91' title='bbox 1625 1789 1744 1857; x_wconf 91' lang='lat' dir='ltr'><strong>per</strong></span> <span class='ocrx_word' id='word_1_92' title='bbox 1771 1769 1908 1835; x_wconf 93' lang='lat' dir='ltr'><strong>iam</strong></span> <span class='ocrx_word' id='word_1_93' title='bbox 1940 1768 2151 1837; x_wconf 85' lang='lat' dir='ltr'><strong>dictos</strong></span> <span class='ocrx_word' id='word_1_94' title='bbox 2182 1769 2412 1836; x_wconf 87' lang='lat' dir='ltr'><strong>fideles</strong></span> <span class='ocrx_word' id='word_1_95' title='bbox 2432 1774 2689 1835; x_wconf 87' lang='lat' dir='ltr'><strong>nostros</strong></span> <span class='ocrx_word' id='word_1_96' title='bbox 2721 1788 2805 1835; x_wconf 86' lang='lat' dir='ltr'><strong>ex</strong></span> <span class='ocrx_word' id='word_1_97' title='bbox 2837 1785 2980 1831; x_wconf 90' lang='lat' dir='ltr'><strong>con·</strong></span> 
     </span>
     <span class='ocr_line' id='line_1_16' title="bbox 726 1875 2981 1964; baseline -0.002 -19"><span class='ocrx_word' id='word_1_98' title='bbox 726 1877 1019 1947; x_wconf 87' lang='lat' dir='ltr'><strong>cessione</strong></span> <span class='ocrx_word' id='word_1_99' title='bbox 1065 1878 1134 1945; x_wconf 91' lang='lat' dir='ltr'><strong>in</strong></span> <span class='ocrx_word' id='word_1_100' title='bbox 1166 1878 1294 1945; x_wconf 87' lang='lat' dir='ltr'><strong>hac</strong></span> <span class='ocrx_word' id='word_1_101' title='bbox 1343 1886 1532 1964; x_wconf 90' lang='lat' dir='ltr'><strong>parte</strong></span> <span class='ocrx_word' id='word_1_102' title='bbox 1581 1876 1762 1945; x_wconf 85' lang='lat' dir='ltr'><strong>facta</strong></span> <span class='ocrx_word' id='word_1_103' title='bbox 1813 1882 1982 1963; x_wconf 87' lang='lat' dir='ltr'><strong>sunt,</strong></span> <span class='ocrx_word' id='word_1_104' title='bbox 2037 1884 2186 1945; x_wconf 84' lang='lat' dir='ltr'><strong>rata</strong></span> <span class='ocrx_word' id='word_1_105' title='bbox 2235 1877 2571 1961; x_wconf 83' lang='lat' dir='ltr'><strong>habentes,</strong></span> <span class='ocrx_word' id='word_1_106' title='bbox 2625 1875 2981 1945; x_wconf 88' lang='lat' dir='ltr'><strong>secundum</strong></span> 
     </span>
     <span class='ocr_line' id='line_1_17' title="bbox 727 1984 2981 2069; baseline -0.002 -15"><span class='ocrx_word' id='word_1_107' title='bbox 727 1986 1200 2054; x_wconf 86' lang='lat' dir='ltr'><strong>continenciam</strong></span> <span class='ocrx_word' id='word_1_108' title='bbox 1231 1986 1591 2053; x_wconf 87' lang='lat' dir='ltr'><strong>litterarum</strong></span> <span class='ocrx_word' id='word_1_109' title='bbox 1623 1986 1977 2055; x_wconf 83' lang='lat' dir='ltr'><strong>eorundem</strong></span> <span class='ocrx_word' id='word_1_110' title='bbox 2008 1985 2294 2052; x_wconf 90' lang='lat' dir='ltr'><strong>fidelium</strong></span> <span class='ocrx_word' id='word_1_111' title='bbox 2324 1993 2715 2069; x_wconf 87' lang='lat' dir='ltr'><strong>nostrorum,</strong></span> <span class='ocrx_word' id='word_1_112' title='bbox 2749 1984 2981 2052; x_wconf 85' lang='lat' dir='ltr'><strong>eadem</strong></span> 
     </span>
     <span class='ocr_line' id='line_1_18' title="bbox 724 2092 2981 2181; baseline -0.002 -19"><span class='ocrx_word' id='word_1_113' title='bbox 724 2095 1134 2181; x_wconf 87' lang='lat' dir='ltr'><strong>presentibus</strong></span> <span class='ocrx_word' id='word_1_114' title='bbox 1164 2095 1412 2163; x_wconf 86' lang='lat' dir='ltr'><strong>inserta</strong></span> <span class='ocrx_word' id='word_1_115' title='bbox 1440 2094 1829 2162; x_wconf 85' lang='lat' dir='ltr'><strong>auctoritate</strong></span> <span class='ocrx_word' id='word_1_116' title='bbox 1879 2094 2289 2181; x_wconf 91' lang='lat' dir='ltr'><strong>presencium</strong></span> <span class='ocrx_word' id='word_1_117' title='bbox 2324 2099 2639 2181; x_wconf 88' lang='lat' dir='ltr'><strong>perpetuo</strong></span> <span class='ocrx_word' id='word_1_118' title='bbox 2679 2092 2981 2159; x_wconf 80' lang='lat' dir='ltr'><strong>duximus</strong></span> 
     </span>
     <span class='ocr_line' id='line_1_19' title="bbox 726 2200 2981 2288; baseline -0.003 -17"><span class='ocrx_word' id='word_1_119' title='bbox 726 2202 1188 2271; x_wconf 86' lang='lat' dir='ltr'><strong>confirmanda.</strong></span> <span class='ocrx_word' id='word_1_120' title='bbox 1238 2203 1481 2268; x_wconf 89' lang='lat' dir='ltr'><strong>Datum</strong></span> <span class='ocrx_word' id='word_1_121' title='bbox 1512 2222 1628 2288; x_wconf 91' lang='lat' dir='ltr'><strong>per</strong></span> <span class='ocrx_word' id='word_1_122' title='bbox 1660 2222 1893 2269; x_wconf 89' lang='lat' dir='ltr'><strong>manus</strong></span> <span class='ocrx_word' id='word_1_123' title='bbox 1940 2201 2164 2269; x_wconf 88' lang='lat' dir='ltr'><strong>dilecti</strong></span> <span class='ocrx_word' id='word_1_124' title='bbox 2196 2209 2263 2269; x_wconf 89' lang='lat' dir='ltr'><strong>et</strong></span> <span class='ocrx_word' id='word_1_125' title='bbox 2292 2201 2505 2269; x_wconf 90' lang='lat' dir='ltr'><strong>fidelis</strong></span> <span class='ocrx_word' id='word_1_126' title='bbox 2541 2201 2746 2269; x_wconf 87' lang='lat' dir='ltr'><strong>nostri</strong></span> <span class='ocrx_word' id='word_1_127' title='bbox 2777 2200 2981 2284; x_wconf 85' lang='lat' dir='ltr'><strong>Magi-</strong></span> 
     </span>
     <span class='ocr_line' id='line_1_20' title="bbox 729 2307 2980 2396; baseline -0.003 -17"><span class='ocrx_word' id='word_1_128' title='bbox 729 2312 846 2380; x_wconf 87' lang='lat' dir='ltr'><strong>stri</strong></span> <span class='ocrx_word' id='word_1_129' title='bbox 878 2310 1072 2378; x_wconf 89' lang='lat' dir='ltr'><strong>Pauli</strong></span> <span class='ocrx_word' id='word_1_130' title='bbox 1116 2310 1444 2396; x_wconf 87' lang='lat' dir='ltr'><strong>Prepesiti</strong></span> <span class='ocrx_word' id='word_1_131' title='bbox 1473 2310 1896 2378; x_wconf 89' lang='lat' dir='ltr'><strong>Posoniensis</strong></span> <span class='ocrx_word' id='word_1_132' title='bbox 1943 2309 2094 2377; x_wconf 89' lang='lat' dir='ltr'><strong>aule</strong></span> <span class='ocrx_word' id='word_1_133' title='bbox 2139 2315 2360 2379; x_wconf 89' lang='lat' dir='ltr'><strong>nostre</strong></span> <span class='ocrx_word' id='word_1_134' title='bbox 2392 2307 2980 2393; x_wconf 84' lang='lat' dir='ltr'><strong>Vice-Oancellarij</strong></span> 
     </span>
     <span class='ocr_line' id='line_1_21' title="bbox 729 2414 2981 2506; baseline -0.001 -22"><span class='ocrx_word' id='word_1_135' title='bbox 729 2438 899 2485; x_wconf 84' lang='lat' dir='ltr'><strong>anno</strong></span> <span class='ocrx_word' id='word_1_136' title='bbox 930 2416 1196 2484; x_wconf 89' lang='lat' dir='ltr'><strong>Domini</strong></span> <span class='ocrx_word' id='word_1_137' title='bbox 1227 2416 1568 2485; x_wconf 82' lang='lat' dir='ltr'>M⁰CC⁰L⁰</span> <span class='ocrx_word' id='word_1_138' title='bbox 1600 2437 1795 2504; x_wconf 90' lang='lat' dir='ltr'><strong>nono,</strong></span> <span class='ocrx_word' id='word_1_139' title='bbox 1847 2417 2070 2506; x_wconf 89' lang='lat' dir='ltr'><strong>quinto</strong></span> <span class='ocrx_word' id='word_1_140' title='bbox 2122 2416 2374 2485; x_wconf 87' lang='lat' dir='ltr'><strong>decimo</strong></span> <span class='ocrx_word' id='word_1_141' title='bbox 2424 2414 2750 2483; x_wconf 83' lang='lat' dir='ltr'><strong>kalendas</strong></span> <span class='ocrx_word' id='word_1_142' title='bbox 2801 2415 2981 2501; x_wconf 86' lang='lat' dir='ltr'><strong>Julii,</strong></span> 
     </span>
     <span class='ocr_line' id='line_1_22' title="bbox 733 2524 2262 2612; baseline -0.005 -15"><span class='ocrx_word' id='word_1_143' title='bbox 733 2524 943 2612; x_wconf 80' lang='lat' dir='ltr'><strong>Regni</strong></span> <span class='ocrx_word' id='word_1_144' title='bbox 974 2528 1192 2593; x_wconf 86' lang='lat' dir='ltr'><strong>autem</strong></span> <span class='ocrx_word' id='word_1_145' title='bbox 1221 2525 1427 2593; x_wconf 90' lang='lat' dir='ltr'><strong>nostri</strong></span> <span class='ocrx_word' id='word_1_146' title='bbox 1460 2545 1630 2592; x_wconf 91' lang='lat' dir='ltr'><strong>anno</strong></span> <span class='ocrx_word' id='word_1_147' title='bbox 1663 2525 1975 2593; x_wconf 82' lang='lat' dir='ltr'><strong>vicesimo</strong></span> <span class='ocrx_word' id='word_1_148' title='bbox 2009 2530 2262 2610; x_wconf 81' lang='lat' dir='ltr'><strong>quarto.</strong></span> 
     </span>
    </p>
   </div>
   <div class='ocr_carea' id='block_1_4' title="bbox 1106 2721 2607 2796">
    <p class='ocr_par' dir='ltr' id='par_1_6' title="bbox 1106 2721 2607 2796">
     <span class='ocr_line' id='line_1_23' title="bbox 1106 2721 2607 2796; baseline -0.001 -17"><span class='ocrx_word' id='word_1_149' title='bbox 1106 2721 1387 2790; x_wconf 81' lang='lat' dir='ltr'><strong>(Eredetie</strong></span> <span class='ocrx_word' id='word_1_150' title='bbox 1413 2739 1448 2776; x_wconf 77' lang='lat' dir='ltr'><strong>a</strong></span> <span class='ocrx_word' id='word_1_151' title='bbox 1470 2725 1860 2796; x_wconf 77' lang='lat' dir='ltr'><strong>pannonhalmi</strong></span> <span class='ocrx_word' id='word_1_152' title='bbox 1879 2723 2171 2794; x_wconf 64' lang='lat' dir='ltr'><strong>fssapaitsag</strong></span> <span class='ocrx_word' id='word_1_153' title='bbox 2194 2723 2607 2793; x_wconf 65' lang='lat' dir='ltr'><strong>leveltaraban.)</strong></span> 
     </span>
    </p>
   </div>
   <div class='ocr_carea' id='block_1_5' title="bbox 1603 3010 2127 3028">
    <p class='ocr_par' dir='ltr' id='par_1_7' title="bbox 1603 3010 2127 3028">
     <span class='ocr_line' id='line_1_24' title="bbox 1603 3010 2127 3028; baseline 0 2222"><span class='ocrx_word' id='word_1_154' title='bbox 1603 3010 2127 3028; x_wconf 95' lang='lat' dir='ltr'><strong> </strong></span> 
     </span>
    </p>
   </div>
   <div class='ocr_carea' id='block_1_6' title="bbox 734 3485 2986 3738">
    <p class='ocr_par' dir='ltr' id='par_1_8' title="bbox 734 3485 2986 3738">
     <span class='ocr_line' id='line_1_25' title="bbox 1791 3485 1948 3554; baseline -0.013 0"><span class='ocrx_word' id='word_1_155' title='bbox 1791 3485 1948 3554; x_wconf 76' lang='lat'><strong>356.</strong></span> 
     </span>
     <span class='ocr_line' id='line_1_26' title="bbox 734 3647 2986 3738; baseline 0.001 -23"><span class='ocrx_word' id='word_1_156' title='bbox 734 3647 856 3715; x_wconf 86' lang='lat' dir='ltr'><strong>IV.</strong></span> <span class='ocrx_word' id='word_1_157' title='bbox 886 3649 1056 3717; x_wconf 77' lang='lat' dir='ltr'><strong>Be&#39;la</strong></span> <span class='ocrx_word' id='word_1_158' title='bbox 1082 3649 1289 3736; x_wconf 66' lang='lat' dir='ltr'><strong>loir-&lt;ily</strong></span> <span class='ocrx_word' id='word_1_159' title='bbox 1322 3649 1690 3737; x_wconf 73' lang='lat' dir='ltr'><strong>adomdnya</strong></span> <span class='ocrx_word' id='word_1_160' title='bbox 1720 3649 1953 3717; x_wconf 67' lang='lat' dir='ltr'><strong>Miklde</strong></span> <span class='ocrx_word' id='word_1_161' title='bbox 1983 3651 2287 3738; x_wconf 70' lang='lat' dir='ltr'><strong>Eymereh</strong></span> <span class='ocrx_word' id='word_1_162' title='bbox 2299 3652 2409 3735; x_wconf 87' lang='lat' dir='ltr'><strong>fia</strong></span> <span class='ocrx_word' id='word_1_163' title='bbox 2441 3657 2760 3720; x_wconf 76' lang='lat' dir='ltr'><strong>sza&#39;mcira.</strong></span> <span class='ocrx_word' id='word_1_164' title='bbox 2791 3653 2986 3720; x_wconf 83' lang='lat'><strong><em>1259.</em></strong></span> 
     </span>
    </p>
   </div>
   <div class='ocr_carea' id='block_1_7' title="bbox 733 3827 2992 4682">
    <p class='ocr_par' dir='ltr' id='par_1_9' title="bbox 733 3827 2992 4682">
     <span class='ocr_line' id='line_1_27' title="bbox 949 3827 2988 3918; baseline 0.003 -23"><span class='ocrx_word' id='word_1_165' title='bbox 949 3827 1114 3896; x_wconf 87' lang='lat' dir='ltr'><strong>Bela</strong></span> <span class='ocrx_word' id='word_1_166' title='bbox 1144 3827 1269 3895; x_wconf 90' lang='lat' dir='ltr'><strong>Dei</strong></span> <span class='ocrx_word' id='word_1_167' title='bbox 1320 3827 1547 3912; x_wconf 85' lang='lat' dir='ltr'><strong>gracia</strong></span> <span class='ocrx_word' id='word_1_168' title='bbox 1598 3827 1958 3914; x_wconf 87' lang='lat' dir='ltr'><strong>Hungarie‚</strong></span> <span class='ocrx_word' id='word_1_169' title='bbox 1997 3828 2361 3914; x_wconf 85' lang='lat' dir='ltr'><strong>Dalmacie,</strong></span> <span class='ocrx_word' id='word_1_170' title='bbox 2415 3827 2706 3916; x_wconf 84' lang='lat' dir='ltr'><strong>Oroacie‚</strong></span> <span class='ocrx_word' id='word_1_171' title='bbox 2758 3835 2988 3918; x_wconf 85' lang='lat' dir='ltr'><strong>Rame,</strong></span> 
     </span>
     <span class='ocr_line' id='line_1_28' title="bbox 735 3935 2987 4030; baseline 0.002 -25"><span class='ocrx_word' id='word_1_172' title='bbox 735 3937 981 4022; x_wconf 86' lang='lat' dir='ltr'><strong>Seruie‚</strong></span> <span class='ocrx_word' id='word_1_173' title='bbox 1038 3935 1339 4022; x_wconf 78' lang='lat' dir='ltr'><strong>Gallicie,</strong></span> <span class='ocrx_word' id='word_1_174' title='bbox 1390 3937 1796 4021; x_wconf 87' lang='lat' dir='ltr'><strong>Lodomerie‚</strong></span> <span class='ocrx_word' id='word_1_175' title='bbox 1852 3937 2292 4024; x_wconf 84' lang='lat' dir='ltr'><strong>Cumanieque</strong></span> <span class='ocrx_word' id='word_1_176' title='bbox 2322 3941 2463 4006; x_wconf 81' lang='lat' dir='ltr'><strong>Rex</strong></span> <span class='ocrx_word' id='word_1_177' title='bbox 2495 3941 2793 4007; x_wconf 85' lang='lat' dir='ltr'><strong>omnibus</strong></span> <span class='ocrx_word' id='word_1_178' title='bbox 2846 3963 2987 4030; x_wconf 86' lang='lat' dir='ltr'><strong>pre·</strong></span> 
     </span>
     <span class='ocr_line' id='line_1_29' title="bbox 735 4044 2990 4134; baseline 0.002 -21"><span class='ocrx_word' id='word_1_179' title='bbox 735 4051 952 4113; x_wconf 90' lang='lat' dir='ltr'><strong>sentes</strong></span> <span class='ocrx_word' id='word_1_180' title='bbox 981 4044 1235 4112; x_wconf 88' lang='lat' dir='ltr'><strong>litteras</strong></span> <span class='ocrx_word' id='word_1_181' title='bbox 1266 4046 1658 4132; x_wconf 90' lang='lat' dir='ltr'><strong>inspecturis</strong></span> <span class='ocrx_word' id='word_1_182' title='bbox 1690 4045 1964 4113; x_wconf 88' lang='lat' dir='ltr'><strong>salutem</strong></span> <span class='ocrx_word' id='word_1_183' title='bbox 1996 4047 2061 4112; x_wconf 93' lang='lat' dir='ltr'><strong>in</strong></span> <span class='ocrx_word' id='word_1_184' title='bbox 2101 4066 2253 4114; x_wconf 90' lang='lat' dir='ltr'><strong>uero</strong></span> <span class='ocrx_word' id='word_1_185' title='bbox 2290 4047 2584 4114; x_wconf 87' lang='lat' dir='ltr'><strong>salutari.</strong></span> <span class='ocrx_word' id='word_1_186' title='bbox 2626 4050 2711 4115; x_wconf 88' lang='lat' dir='ltr'><strong>Vt</strong></span> <span class='ocrx_word' id='word_1_187' title='bbox 2740 4051 2990 4134; x_wconf 84' lang='lat' dir='ltr'><strong>Regum</strong></span> 
     </span>
     <span class='ocr_line' id='line_1_30' title="bbox 737 4153 2992 4240; baseline 0 -17"><span class='ocrx_word' id='word_1_188' title='bbox 737 4153 1133 4223; x_wconf 88' lang='lat' dir='ltr'><strong>donaciones</strong></span> <span class='ocrx_word' id='word_1_189' title='bbox 1181 4161 1500 4240; x_wconf 83' lang='lat' dir='ltr'><strong>perpetua</strong></span> <span class='ocrx_word' id='word_1_190' title='bbox 1549 4154 1880 4221; x_wconf 88' lang='lat' dir='ltr'><strong>soliditate</strong></span> <span class='ocrx_word' id='word_1_191' title='bbox 1930 4154 2300 4239; x_wconf 87' lang='lat' dir='ltr'><strong>firmentur,</strong></span> <span class='ocrx_word' id='word_1_192' title='bbox 2365 4155 2727 4224; x_wconf 84' lang='lat' dir='ltr'><strong>litterarum</strong></span> <span class='ocrx_word' id='word_1_193' title='bbox 2779 4159 2992 4224; x_wconf 89' lang='lat' dir='ltr'><strong>solent</strong></span> 
     </span>
     <span class='ocr_line' id='line_1_31' title="bbox 734 4261 2992 4352; baseline 0.002 -21"><span class='ocrx_word' id='word_1_194' title='bbox 734 4261 1104 4331; x_wconf 87' lang='lat' dir='ltr'><strong>testimonio</strong></span> <span class='ocrx_word' id='word_1_195' title='bbox 1134 4262 1469 4348; x_wconf 80' lang='lat' dir='ltr'><strong>roborari3</strong></span> <span class='ocrx_word' id='word_1_196' title='bbox 1523 4265 1976 4331; x_wconf 86' lang='lat' dir='ltr'><strong>inconcussum</strong></span> <span class='ocrx_word' id='word_1_197' title='bbox 2011 4267 2256 4351; x_wconf 90' lang='lat' dir='ltr'><strong>quippe</strong></span> <span class='ocrx_word' id='word_1_198' title='bbox 2287 4273 2629 4352; x_wconf 86' lang='lat' dir='ltr'><strong>permanet</strong></span> <span class='ocrx_word' id='word_1_199' title='bbox 2659 4274 2857 4351; x_wconf 86' lang='lat' dir='ltr'><strong>atque</strong></span> <span class='ocrx_word' id='word_1_200' title='bbox 2888 4270 2992 4335; x_wconf 89' lang='lat' dir='ltr'><strong>fir·</strong></span> 
     </span>
     <span class='ocr_line' id='line_1_32' title="bbox 733 4371 2989 4461; baseline 0 -21"><span class='ocrx_word' id='word_1_201' title='bbox 733 4393 929 4454; x_wconf 86' lang='lat' dir='ltr'><strong>mum,</strong></span> <span class='ocrx_word' id='word_1_202' title='bbox 964 4371 1142 4456; x_wconf 87' lang='lat' dir='ltr'><strong>qnod</strong></span> <span class='ocrx_word' id='word_1_203' title='bbox 1169 4373 1377 4457; x_wconf 87' lang='lat' dir='ltr'><strong>Regio</strong></span> <span class='ocrx_word' id='word_1_204' title='bbox 1408 4372 1603 4440; x_wconf 88' lang='lat' dir='ltr'><strong>fuerit</strong></span> <span class='ocrx_word' id='word_1_205' title='bbox 1629 4375 1994 4461; x_wconf 86' lang='lat' dir='ltr'><strong>patrocinio</strong></span> <span class='ocrx_word' id='word_1_206' title='bbox 2048 4375 2529 4442; x_wconf 88' lang='lat' dir='ltr'><strong>communitum.</strong></span> <span class='ocrx_word' id='word_1_207' title='bbox 2585 4374 2869 4441; x_wconf 87' lang='lat' dir='ltr'><strong>Proinde</strong></span> <span class='ocrx_word' id='word_1_208' title='bbox 2904 4375 2989 4440; x_wconf 88' lang='lat' dir='ltr'><strong>ad</strong></span> 
     </span>
     <span class='ocr_line' id='line_1_33' title="bbox 739 4479 2989 4569; baseline 0.001 -22"><span class='ocrx_word' id='word_1_209' title='bbox 739 4479 1189 4548; x_wconf 85' lang='lat' dir='ltr'><strong>uniuersorum</strong></span> <span class='ocrx_word' id='word_1_210' title='bbox 1237 4480 1545 4548; x_wconf 89' lang='lat' dir='ltr'><strong>noticiam</strong></span> <span class='ocrx_word' id='word_1_211' title='bbox 1577 4487 1803 4549; x_wconf 89' lang='lat' dir='ltr'><strong>tenore</strong></span> <span class='ocrx_word' id='word_1_212' title='bbox 1836 4481 2242 4569; x_wconf 88' lang='lat' dir='ltr'><strong>presencium</strong></span> <span class='ocrx_word' id='word_1_213' title='bbox 2293 4483 2591 4549; x_wconf 88' lang='lat' dir='ltr'><strong>nolumus</strong></span> <span class='ocrx_word' id='word_1_214' title='bbox 2623 4484 2989 4569; x_wconf 86' lang='lat' dir='ltr'><strong>peruenire,</strong></span> 
     </span>
     <span class='ocr_line' id='line_1_34' title="bbox 739 4587 2986 4682; baseline 0.001 -29"><span class='ocrx_word' id='word_1_215' title='bbox 739 4587 914 4676; x_wconf 85' lang='lat' dir='ltr'><strong>quod</strong></span> <span class='ocrx_word' id='word_1_216' title='bbox 945 4589 1351 4662; x_wconf 87' lang='lat' dir='ltr'><strong>attendentes</strong></span> <span class='ocrx_word' id='word_1_217' title='bbox 1384 4589 1666 4662; x_wconf 88' lang='lat' dir='ltr'><strong>seruicia</strong></span> <span class='ocrx_word' id='word_1_218' title='bbox 1700 4590 1980 4682; x_wconf 78' lang='lat' dir='ltr'><strong>Nicolay</strong></span> <span class='ocrx_word' id='word_1_219' title='bbox 2012 4590 2130 4681; x_wconf 82' lang='lat' dir='ltr'><strong>filij</strong></span> <span class='ocrx_word' id='word_1_220' title='bbox 2162 4590 2509 4682; x_wconf 79' lang='lat' dir='ltr'><strong>Eymereb,</strong></span> <span class='ocrx_word' id='word_1_221' title='bbox 2542 4610 2668 4682; x_wconf 85' lang='lat' dir='ltr'><strong>que</strong></span> <span class='ocrx_word' id='word_1_222' title='bbox 2698 4592 2891 4657; x_wconf 90' lang='lat' dir='ltr'><strong>nobis</strong></span> <span class='ocrx_word' id='word_1_223' title='bbox 2918 4591 2986 4666; x_wconf 80' lang='lat' dir='ltr'><strong>iu</strong></span> 
     </span>
    </p>
   </div>
  </div>
 </body>
</html>
