3359 5250
1867 359 1997 426 140

799 567 939 629 tate
970 579 1092 627 sua
1107 558 1481 627 distrahant
1498 565 1564 627 et
1595 558 1904 627 alienent.
1945 558 2083 624 Nos
2103 563 2323 624 autem
2343 556 2786 643 promittimus
2806 554 3071 643 eydem,

802 664 979 754 quod
1010 666 1076 733 in
1109 665 1235 733 hac
1282 666 1620 735 locacione
1667 684 1784 734 eos
1834 662 2406 732 manutenebimus
2459 670 2688 733 contra
2727 682 3075 749 quemcun-

800 794 927 860 que
970 782 1037 842 et
1064 792 1508 860 quoscunque,
1540 779 1606 841 et
1637 772 2081 840 defendemus.
2131 771 2366 837 Actum
2399 777 2465 839 et
2495 771 2721 839 datum
2751 769 3046 856 Strigoni
3041 771 3073 856 j

800 881 871 948 in
901 879 1205 948 Ecclesia
1236 879 1427 947 Beati
1459 876 1804 946 Adalberti
1853 879 1919 944 in
1969 877 2167 965 pleno
2200 875 2532 964 Capitulo,
2584 898 2759 947 anno
2806 876 3078 946 Domini

804 987 1159 1057 millesimo
1211 986 1659 1056 ducentesimo
1691 983 2197 1072 quadragesimo
2229 985 2456 1072 tercio,
2508 1004 2736 1053 mense
2767 983 3076 1071 Augusti,

805 1094 873 1162 in
924 1094 1092 1163 festo
1121 1091 1345 1161 Sancti
1375 1094 1694 1181 Stephani
1725 1094 1946 1182 Regis.
1982 1092 2367 1162 Venerabili
2398 1101 2591 1181 patre
2632 1091 2898 1162 domino
2934 1092 3077 1159 Ste-

803 1204 1025 1290 phano
1055 1201 1386 1289 Episcopo
1416 1201 1753 1269 Waciensi
1783 1203 2127 1287 existente,
2171 1200 2504 1288 postulato
2538 1220 2615 1267 ac
2647 1206 3079 1286 procuratore

805 1307 1271 1394 Strigoniensis
1292 1307 1607 1393 Ecclesie,
1635 1315 1703 1375 et
1720 1307 2040 1393 Magistro
2060 1305 2318 1374 Achille
2337 1306 2683 1394 Preposito
2714 1306 3075 1391 existente;

805 1417 1121 1502 Magistro
1154 1417 1347 1483 Petro
1381 1415 1685 1483 Cantore.
1737 1417 1824 1483 Et
1854 1415 2011 1501 quia
2062 1416 2348 1500 sigillum
2395 1414 2609 1483 maius
2659 1416 2741 1482 ad
2796 1432 3080 1501 presens

810 1544 940 1593 non
991 1523 1330 1608 habemus,
1386 1521 1674 1608 sigillum
1727 1530 2018 1593 nostrum
2050 1523 2265 1591 minus
2316 1522 2727 1610 presentibus
2762 1521 3078 1589 duximus

811 1629 1291 1719 apponendum.
1342 1631 1428 1697 Et
1476 1636 1548 1696 ut
1598 1629 1848 1697 eisdem
1899 1631 2111 1699 maior
2158 1630 2323 1697 fides
2374 1628 2741 1715 adibeatur,
2790 1628 3077 1716 predicti

807 1736 1206 1807 venerabilis
1265 1737 1475 1823 patris
1537 1736 1787 1806 domini
1849 1737 2169 1823 Stephani
2229 1738 2357 1806 Dei
2420 1737 2649 1823 gracia
2704 1737 3079 1804 Waciensis

809 1845 1167 1935 Episcopi,
1221 1844 1535 1932 postulati
1587 1865 1666 1913 ac
1715 1845 2161 1931 procuratoris
2218 1845 2468 1929 nostri,
2534 1843 2759 1930 sigillo
2806 1843 3081 1912 fecimus

814 1952 1133 2037 roborarj.

1025 2133 1125 2196 (Aa
1153 2132 1354 2185 eredeti
1378 2128 1513 2183 utan
1539 2132 1733 2183 Knauz
1759 2128 2000 2195 Nandor,
2025 2132 2258 2197 Magyar
2284 2130 2413 2182 Sion
2439 2130 2513 2181 11.
2539 2130 2652 2183 luit.
2679 2130 2801 2181 523.
2828 2127 2896 2194 l.)

1887 2927 2002 2995 93.

808 3103 868 3170 A
902 3104 1099 3171 budai
1128 3104 1569 3193 kdptalannak
1607 3104 2151 3194 bizonysdylcvclc,
2197 3106 2358 3192 hoyy
2387 3105 2594 3172 Jdnoe
2643 3105 2954 3173 Tadsnak
2968 3104 3079 3190 fia

898 3212 1093 3279 ercli-i
1124 3211 1400 3279 biv-tolcae
1418 3212 1673 3301 Mihdly
1704 3211 2047 3299 veszprbmvi
2067 3209 2475 3296 fBiepdnnak
2509 3209 2743 3277 aladen.
2783 3211 2983 3277 1243.

1433 3370 1493 3435 A
1924 3368 1978 3435 Β
2412 3369 2462 3435 O

1019 3545 1362 3628 Vniuersis
1387 3545 1793 3633 presencium
1843 3545 2155 3613 noticiam
2188 3546 2511 3614 habituris
2543 3546 2922 3634 Capitulum
2954 3546 3077 3612 Ec·

809 3653 1008 3720 clesie
1041 3653 1363 3721 Budensis
1395 3655 1734 3722 oraciones
1767 3654 1837 3720 in
1868 3653 2150 3722 Domino
2182 3653 2526 3722 salutares.
2572 3654 3075 3722 Possessionum

805 3759 1001 3846 tytuli
1034 3762 1255 3828 multis
1279 3782 1435 3850 sepe
1469 3760 1859 3848 calumpniis
1880 3760 2449 3849 impugnuncivm3
2489 3762 2672 3847 ipsos
2703 3768 2921 3829 tamen
2940 3780 3077 3827 non

805 3865 1044 3934 sufficit
1076 3887 1390 3936 eneruare
1422 3868 1816 3956 calumpnia,
1867 3867 1928 3934 si
1960 3888 2042 3934 ex
2072 3868 2202 3935 fide
2232 3868 2498 3936 testium
2535 3874 2603 3936 et
2632 3867 2864 3953 scripti
2895 3867 3078 3934 testi·

806 3973 1024 4041 monio
1077 3974 1472 4042 obtinuerint
1520 3974 1916 4043 firmitatem.
1968 3973 2251 4043 Proinde
2282 3975 2611 4044 relacione
2654 3974 3075 4060 presencium

804 4081 1173 4148 innotescat
1221 4080 1633 4147 vniuersitati
1685 4086 1921 4163 vestre,
1978 4080 2153 4166 quod
2201 4081 2571 4149 constitutis
2623 4099 2844 4146 coram
2877 4080 3081 4147 nobis

807 4187 1130 4255 Michaele
1161 4187 1413 4255 Gemite
1445 4187 1943 4277 Wesprimiensi
1974 4190 2062 4255 ab
2093 4207 2223 4254 vna
2252 4196 2463 4274 parte,
2497 4194 2562 4255 et
2590 4187 2901 4255 Johanne
2938 4185 3081 4254 filio

802 4290 1060 4360 Thadei
1109 4313 1191 4360 ex
1224 4295 1454 4379 altera,
1505 4293 1836 4380 predictus
1867 4293 1912 4361 J
1915 4296 2208 4363 ohannes
2258 4294 2414 4362 vina
2459 4315 2620 4364 voce
2669 4299 3078 4381 protestatus

804 4410 923 4481 est,
978 4401 1148 4483 quod
1181 4403 1512 4486 quandam
1545 4401 1922 4488 porcionem
1955 4410 2123 4470 terre
2157 4422 2274 4471 sue
2311 4400 2731 4486 hereditarie,
2775 4421 2972 4486 quam
3006 4401 3081 4467 in

806 4505 970 4574 Erdi
1000 4509 1294 4577 habebat
1343 4531 1463 4597 pro
1493 4516 1683 4598 parte
1714 4530 1855 4594 sua,
1909 4516 1975 4576 et
2004 4511 2420 4580 medietatem
2460 4509 2800 4578 cuiusdam
2831 4508 3076 4594 insule,

811 4633 939 4699 que
989 4615 1206 4701 ipsum
1238 4618 1574 4703 contingit,
1629 4616 2005 4701 supradicto
2036 4618 2341 4687 Michaeli
2382 4617 2619 4685 Comiti
2671 4637 2790 4702 pro
2841 4616 3082 4683 decem
