3359 5250
1700 319 1833 387 264

636 520 829 604 senti,
881 536 1080 605 quam
1114 536 1238 602 que
1271 517 1355 584 ab
1389 535 1465 583 eo
1499 515 1907 603 suscepimus
1940 514 2282 584 indecidue
2312 515 2645 585 fidelitatis
2666 524 2731 585 et
2756 518 2904 584 emi-

629 630 933 697 nencium
969 624 1393 694 seruiciorum
1416 644 1690 690 munera
1728 623 2156 711 frequentata,
2191 625 2674 711 possessionem
2706 645 2903 710 quan·

631 735 785 802 dam
825 733 1085 802 nomine
1119 733 1384 799 Raszna
1436 732 1606 798 ultra
1646 729 1971 818 D(rauum
2012 712 2109 816 in)
2143 729 2470 799 comitatu
2521 731 2902 799 Zaladiensi

634 845 1041 925 existentem,
1099 839 1312 908 eidem
1361 839 1704 907 Herbordo
1736 838 1968 906 Comiti
2021 846 2087 906 et
2117 840 2253 906 suis
2303 838 2678 925 heredibus,
2729 842 2904 907 here·

643 952 931 1036 dumque
963 947 1471 1031 successoribus,
1505 947 1602 1013 sic
1634 967 1796 1034 pure
1830 966 1908 1012 ac
1940 946 2132 1033 plene
2165 946 2555 1014 contulimus
2587 948 2728 1014 iure
2759 967 2901 1033 per·

637 1067 837 1147 petuo
871 1055 1356 1144 possidendam,
1408 1062 1478 1122 ut
1509 1061 1643 1121 tam
1679 1054 1989 1138 donandi,
2043 1074 2239 1138 quam
2269 1055 2617 1143 vendendi,
2657 1076 2775 1123 seu
2808 1056 2899 1122 di·

636 1167 954 1253 mittendi,
1009 1167 1076 1233 in
1119 1165 1345 1232 ultimo
1396 1170 1785 1232 testamento
1836 1163 2249 1252 cuicum(que
2297 1164 2577 1232 voluerit
2624 1166 2899 1231 liberam

635 1280 702 1341 et
750 1271 1157 1362 a)bsolutam
1213 1270 1456 1336 habeat
1502 1268 1905 1355 facultatem,
1966 1270 2090 1337 sub
2139 1269 2387 1336 eisdem
2438 1270 2733 1340 terminis
2783 1292 2899 1338 seu

636 1381 848 1465 metis,
885 1386 949 1447 et
980 1398 1126 1445 cum
1157 1376 1456 1446 omnibus
1486 1376 1933 1463 pertinencijs,
1967 1376 2200 1462 quibus
2218 1376 2404 1444 fratri
2437 1398 2555 1446 suo
2589 1378 2752 1447 bone
2774 1399 2900 1445 me·

630 1489 839 1559 morie
873 1484 1226 1553 Benedicto
1258 1485 1586 1570 quondam
1619 1485 1950 1572 Episcopo
1982 1484 2380 1567 Jaurinensi,
2434 1505 2559 1570 quo
2589 1484 2896 1554 defuncto

632 1598 870 1666 eadem
913 1594 1242 1682 possessio
1284 1593 1373 1661 ad
1411 1602 1673 1661 nostras
1707 1613 1939 1663 manus
1967 1593 2183 1661 extitit
2232 1594 2560 1678 deuoluta,
2611 1596 2895 1664 contule-

640 1706 893 1792 (ramus
926 1702 1222 1770 eandem.
1256 1700 1576 1789 Term)ini
1608 1710 1828 1768 autem
1861 1699 2299 1787 possessionis
2318 1700 2549 1787 ipsius,
2589 1701 2759 1769 sicut
2776 1724 2898 1789 per

639 1814 891 1881 litteras
943 1810 1167 1878 dilecti
1214 1817 1280 1878 et
1311 1808 1525 1877 fidelis
1573 1809 1783 1879 nostri
1837 1810 2137 1896 Dionysij
2188 1809 2476 1877 Palatini
2525 1817 2588 1876 et
2627 1813 2895 1879 Comitis

637 1920 1081 2004 Posoniensis,
1119 1926 1268 1986 tunc
1318 1918 1485 1985 Bani
1533 1918 1745 1986 tocius
1795 1918 2143 1985 Sclauonie
2173 1918 2364 1985 nobis
2413 1917 2723 2002 constitit,
2773 1922 2898 1987 hoc

635 2029 862 2096 ordine
913 2028 1373 2111 distinguntur.
1426 2025 1668 2111 Incipit
1726 2024 1926 2112 igitur
1955 2026 2044 2091 ab
2094 2026 2347 2094 oriente
2378 2045 2462 2092 ex
2505 2034 2694 2114 parte
2724 2034 2893 2095 terre

633 2137 960 2223 Beryvoy,
994 2134 1104 2202 ubi
1134 2133 1262 2202 duo
1283 2135 1462 2220 fluuij
1497 2132 1870 2220 iunguntur,
1905 2134 2017 2218 qui
2050 2134 2306 2202 llseuch
2339 2141 2673 2217 vocantur,
2707 2146 2773 2203 et
2803 2135 2895 2201 ibi

638 2251 738 2311 est
770 2250 943 2312 meta
974 2251 1210 2325 terrea,
1249 2246 1313 2309 et
1342 2240 1435 2308 ibi
1467 2246 1644 2308 tenet
1676 2248 1915 2308 metam
1947 2261 2091 2307 cum
2123 2240 2269 2327 ipso
2302 2240 2585 2327 Beriuoy
2616 2242 2750 2310 filio
2785 2244 2892 2308 Vi-

633 2351 780 2435 dus,
815 2359 880 2418 et
911 2371 1144 2437 parum
1166 2349 1434 2417 inferius
1467 2346 1947 2432 descendendo,
1980 2354 2160 2415 tenet
2191 2348 2278 2415 ad
2311 2349 2524 2436 Opoy,
2564 2356 2629 2415 et
2666 2349 2756 2415 ibi
2793 2356 2896 2415 est

632 2467 812 2528 meta
842 2467 1077 2543 terrea,
1130 2462 1195 2524 et
1225 2456 1379 2525 inde
1411 2456 1751 2525 descendit
1780 2456 1869 2523 ad
1904 2478 2101 2524 vnum
2135 2456 2436 2541 riuulum,
2472 2457 2584 2542 qui
2622 2464 2893 2526 uocatur

633 2564 1222 2656 Mortunp(oto)ka,
1272 2573 1335 2634 et
1365 2566 1519 2633 inde
1548 2564 1890 2634 descendit
1921 2565 2007 2633 ad
2037 2566 2241 2634 alium
2274 2567 2507 2651 riuum,
2556 2566 2670 2651 qui
2701 2585 2891 2633 voca-

629 2685 745 2745 tur
777 2674 1181 2759 Colbaznuk,
1216 2680 1281 2741 et
1329 2674 1421 2741 ibi
1473 2681 1574 2741 est
1604 2682 1825 2759 meta;
1879 2679 1946 2740 et
1974 2693 2091 2760 per
2121 2674 2397 2741 eundem
2428 2674 2643 2740 riuum
2689 2674 2897 2742 tendit

633 2785 908 2852 inferius
941 2784 1008 2850 in
1042 2784 1360 2850 minorem
1391 2785 1682 2867 Razyna,
1727 2789 1792 2848 et
1820 2780 1912 2848 ibi
1943 2782 2179 2849 transit
2211 2782 2526 2849 minorem
2554 2784 2891 2867 Razynam

632 2894 719 2960 ad
749 2891 1081 2976 quandam
1113 2892 1346 2976 pirum,
1382 2891 1451 2957 in
1481 2910 1612 2975 qua
1643 2897 1745 2957 est
1783 2910 1962 2975 crux,
2010 2901 2076 2958 et
2119 2891 2240 2958 sub
2280 2891 2513 2958 eadem
2561 2898 2735 2958 meta
2764 2898 2889 2958 ter-

628 3020 782 3085 rea;
836 2999 990 3067 inde
1038 2998 1337 3066 ascendit
1385 2996 1476 3065 ad
1507 3017 1704 3065 vnum
1757 2997 2195 3083 monticulum,
2242 2998 2356 3080 qui
2387 2999 2584 3065 berch
2633 2999 2890 3080 dicitur,

637 3144 1312 3156 ——————
1322 3158 1341 3192 ,
1375 3107 1490 3173 ubi
1521 3113 1623 3173 est
1658 3112 1833 3173 meta
1865 3106 1988 3173 sub
2020 3105 2194 3192 fago,
2247 3105 2411 3171 etin
2457 3105 2609 3191 ipsa
2656 3107 2891 3174 arbore

629 3236 789 3284 crux
819 3218 887 3283 in
920 3213 1455 3283 consuetudinem
1489 3223 1699 3298 mete;
1733 3213 1887 3281 inde
1916 3214 2259 3282 descendit
2288 3214 2357 3281 in
2388 3214 2725 3300 quandam
2752 3215 2887 3280 val-

629 3323 778 3410 lem,
806 3324 920 3390 vbi
951 3325 1082 3390 duo
1117 3322 1245 3389 riui
1275 3321 1652 3408 iunguntur,
1686 3329 1753 3389 et
1784 3321 2022 3390 transit
2050 3321 2247 3407 riuos,
2279 3331 2345 3389 et
2376 3322 2560 3390 vadit
2577 3322 2667 3390 ad
2694 3342 2890 3390 vnum

631 3430 1071 3516 monticulum,
1123 3430 1235 3497 vbi
1266 3437 1368 3497 est
1409 3437 1585 3498 meta
1630 3437 1880 3517 terrea3
1932 3430 2085 3497 inde
2134 3428 2476 3497 descendit
2522 3430 2589 3497 in
2626 3430 2889 3512 vallem,

628 3540 740 3608 vbi
775 3547 874 3607 est
925 3544 1104 3606 meta
1136 3540 1256 3606 sub
1292 3539 1468 3622 fago,
1520 3544 1588 3606 et
1619 3537 1689 3604 in
1721 3537 1952 3604 eadem
1983 3557 2142 3604 crux
2191 3537 2589 3623 continetur;
2642 3547 2708 3605 et
2737 3537 2891 3604 inde

627 3645 812 3714 vadit
840 3646 928 3713 ad
961 3666 1270 3730 magnam
1296 3649 1657 3731 Razynam,
1690 3644 1805 3712 ubi
1833 3652 2011 3712 tenet
2040 3665 2188 3711 cum
2219 3643 2610 3714 Gornomero
2639 3665 2887 3732 pream-

629 3754 780 3823 bulo
814 3761 1062 3838 metas3
1112 3753 1265 3820 inde
1297 3756 1362 3820 in
1398 3752 1630 3821 eadem
1667 3756 1939 3839 Razyne
1971 3754 2155 3822 uadit
2183 3753 2480 3840 superius
2512 3754 2603 3821 ad
2634 3763 2887 3840 partem

624 3860 1133 3947 meridionalem,
1187 3860 1471 3927 tenendo
1505 3870 1713 3928 metas
1747 3881 1894 3929 cum
1926 3859 2277 3929 Cruciferis
2307 3859 2531 3928 Sancti
2561 3861 2886 3948 Sepulcri,

624 3978 691 4037 et
725 3989 842 4054 per
872 3967 1147 4036 eandem
1178 3970 1522 4054 Razynam
1573 3968 1784 4036 tendit
1824 3969 2146 4060 superius,
2198 3975 2264 4036 et
2291 3974 2470 4036 tenet
2499 3977 2711 4036 metas
2742 3988 2887 4037 cum

623 4075 857 4145 Castro
909 4074 1246 4161 Crisiensi,
1296 4076 1412 4145 vbi
1463 4084 1568 4144 est
1612 4074 1841 4145 demus
1871 4076 2221 4162 Zodislou;
2274 4083 2339 4143 et
2370 4076 2526 4143 inde
2558 4076 2626 4142 in
2656 4075 2887 4145 eadem

623 4188 901 4269 Razyna
931 4184 1116 4252 vadit
1145 4185 1471 4271 superius,
1521 4190 1589 4252 et
1618 4186 1958 4271 perueniet
1988 4185 2078 4252 ad
2109 4191 2307 4273 caput
2356 4183 2564 4272 ipsius
2598 4186 2885 4271 Razyna,

622 4303 688 4360 et
718 4292 809 4359 ibi
841 4290 1108 4378 quidam
1158 4291 1410 4360 riuulus
1462 4292 1725 4361 nomine
1744 4293 2134 4381 Vepernuck
2177 4293 2356 4361 cadit
2402 4293 2472 4360 in
2513 4299 2708 4378 caput
2757 4295 2883 4359 Ra·

619 4420 826 4487 zyna3
871 4406 937 4467 et
966 4400 1117 4467 inde
1143 4400 1212 4467 in
1243 4399 1388 4469 riuo
1408 4399 1799 4487 Vepernuck
1819 4399 2005 4468 uadit
2032 4401 2355 4488 superius,
2387 4405 2453 4468 et
2470 4405 2649 4468 tenet
2670 4409 2881 4470 metas

620 4529 767 4579 cum
798 4505 1255 4594 Cercaburda3
1289 4506 1443 4576 inde
1475 4507 1778 4577 ascendit
1808 4507 1876 4575 in
1903 4516 2187 4578 montem
2216 4509 2304 4577 ad
2335 4515 2555 4598 partes
2586 4509 2883 4578 occiden-

622 4616 814 4701 tales,
868 4624 936 4685 et
966 4616 1056 4683 ibi
1108 4623 1208 4685 est
1263 4624 1438 4684 meta
1468 4622 1686 4683 terrea
1715 4615 1837 4684 sub
1870 4616 2123 4703 arbore,
2171 4616 2240 4682 in
2282 4635 2414 4701 qua
2444 4623 2769 4700 estcru13
2820 4626 2889 4685 et
