3359 5250
1610 360 1740 423 259

533 554 727 638 quasi
776 553 1238 622 circumeundo
1291 554 1617 622 modicum
1665 573 1785 639 per
1826 574 2021 621 vnum
2072 558 2598 644 nerharsthalto;
2648 560 2811 628 inde

536 661 706 728 iuste
734 661 1015 730 tenendo
1047 660 1135 728 ad
1157 667 1367 729 metas
1389 659 1660 730 Comitis
1680 663 2085 750 Bogbumirij
2121 684 2380 752 semper
2407 667 2497 733 ad
2526 676 2809 754 septem-

536 768 813 835 trionem
862 768 1073 836 tendit
1122 767 1389 855 ibidem,
1441 769 1555 835 vbi
1608 779 2000 857 separantur
2049 779 2219 840 mete
2268 774 2354 839 ab
2404 773 2705 859 inuicem,
2739 781 2806 842 et

537 875 782 942 intrant
830 875 1100 942 fluuium
1130 876 1480 943 Werbiche
1516 874 1604 943 ad
1656 878 1972 945 orientem
2004 879 2203 966 solis;
2239 880 2474 947 deinde
2511 879 2808 968 procedit

537 983 710 1050 infra
738 1003 859 1070 per
911 985 1127 1071 ipsum
1159 984 1512 1052 Werbiche
1563 992 1791 1054 contra
1837 987 2198 1073 meridiem,
2251 995 2317 1054 et
2362 987 2517 1056 inde
2563 990 2819 1058 iterato.

532 1090 715 1157 uenit
744 1091 833 1158 ad
865 1111 1066 1157 vnam
1112 1091 1416 1158 arborem
1449 1091 1696 1177 salicis,
1746 1093 1815 1159 in
1847 1113 1979 1177 qua
2009 1096 2146 1162 fixa
2175 1103 2278 1162 est
2325 1096 2537 1164 clauis
2586 1103 2652 1163 et
2681 1115 2800 1163 sex

535 1198 851 1267 clauiculi
897 1198 1137 1283 ferrei3
1185 1198 1340 1266 inde
1370 1200 1731 1285 pertransit
1778 1200 2048 1268 fluuium
2083 1202 2433 1270 Werbiche
2480 1209 2546 1271 et
2588 1202 2802 1272 tendit

534 1314 711 1374 recto
743 1306 938 1374 modo
971 1306 1063 1373 ad
1089 1305 1357 1373 fluuium
1376 1307 1619 1391 mgb,
1651 1307 1766 1373 vbi
1797 1317 1899 1375 est
1929 1328 2097 1395 pons
2126 1309 2352 1395 Bosin,
2384 1312 2451 1377 in
2482 1313 2613 1379 fine
2644 1331 2798 1396 pon-

533 1414 620 1480 tis
651 1419 786 1480 stat
814 1414 1009 1480 arbor
1041 1412 1289 1500 salicis,
1338 1415 1407 1481 in
1439 1433 1570 1498 qua
1602 1413 1718 1480 fixi
1764 1422 1919 1482 sunt
1949 1416 2252 1484 clauicnli
2292 1418 2600 1503 Bobatis3
2641 1419 2795 1485 inde

535 1519 877 1587 deseendit
904 1539 1025 1608 per
1055 1518 1325 1587 fluuium
1352 1520 1571 1606 Wagh
1605 1518 1694 1587 ad
1723 1521 1981 1608 priores
2011 1529 2239 1607 metas,
2273 1532 2339 1591 et
2368 1524 2462 1590 ibi
2492 1524 2796 1592 termina·

533 1637 656 1695 tur.
690 1627 829 1694 Nos
859 1647 1018 1696 vero
1045 1627 1359 1713 inspectis
1388 1627 1691 1712 seruicijs
1710 1628 2169 1716 predictorum,
2203 1650 2329 1714 que
2358 1630 2550 1698 nobis
2582 1667 2671 1680 -
2705 1669 2785 1679 —

530 1769 620 1783 —·
650 1771 741 1784 --
768 1772 860 1785 —-
890 1772 980 1783 -—
1012 1734 1453 1821 imperciendo
1485 1736 1935 1821 exhibuerunt,
1969 1754 2098 1823 que
2121 1756 2427 1805 enarrare
2457 1758 2586 1805 non
2618 1737 2789 1806 suffi-

537 1843 759 1928 cimus,
791 1840 1176 1926 inquirendo
1209 1850 1275 1909 et
1305 1839 1702 1909 debellando
1733 1842 2174 1913 ferocissimos
2189 1843 2507 1912 Tartaros
2538 1843 2789 1912 crudeli

536 1952 826 2035 periculo
858 1949 1087 2018 mortis
1116 1968 1190 2016 se
1221 1950 1406 2034 ipsos
1437 1955 1863 2035 opponentes,
1901 1970 2022 2019 nec
2051 1972 2183 2020 non
2215 1951 2298 2017 ob
2329 1950 2562 2017 merita
2591 1951 2786 2019 serui-

536 2059 799 2145 ciorum,
851 2058 935 2124 de
980 2056 1256 2123 consilio
1288 2062 1356 2123 et
1384 2093 1475 2106 —-
1499 2092 1590 2106 -
1618 2093 1710 2106 —
1743 2094 1823 2146 ‚—
1858 2057 2069 2142 Regni
2116 2058 2323 2126 nostri
2370 2056 2684 2124 nobilium
2722 2063 2786 2125 et

535 2167 885 2248 Baronnm,
920 2165 1002 2232 de
1033 2162 1440 2248 benignitate
1459 2161 1671 2248 Regia
1699 2162 1871 2230 hane
1899 2163 2196 2251 graciam
2212 2161 2460 2232 eisdem
2485 2163 2784 2230 duximus

539 2270 998 2339 conferendam
1044 2270 1112 2336 in
1160 2271 1579 2356 possessione
1634 2270 1900 2355 collata,
1950 2271 2244 2355 rogando
2294 2277 2360 2337 et
2414 2270 2785 2337 mandando

530 2377 707 2446 fideli
756 2386 1002 2462 nostro,
1049 2379 1259 2464 primo
1308 2376 1764 2463 principaliter
1807 2376 2045 2445 Comiti
2088 2379 2175 2446 dc
2205 2379 2432 2447 Zolom
2462 2380 2530 2445 in
2561 2378 2785 2446 secula

532 2488 898 2555 seculorum
944 2486 1441 2554 succedentibus
1471 2504 1591 2571 pro
1640 2484 1805 2569 ipsis
1856 2491 1924 2552 et
1970 2505 2115 2553 cum
2164 2486 2349 2572 ipsis,
2399 2492 2471 2550 vt
2518 2485 2784 2554 eosdem

528 2601 833 2680 protegat
880 2599 949 2662 et
993 2594 1316 2681 gubernet
1363 2592 1434 2660 in
1469 2592 1941 2679 temporalibus
1992 2599 2209 2679 preter
2257 2592 2535 2661 seruicia
2569 2592 2783 2679 Regia

528 2713 593 2772 et
632 2702 906 2771 Comitis
950 2704 1033 2770 de
1063 2704 1327 2787 Zolom;
1382 2702 1536 2768 item
1592 2701 1678 2767 ab
1727 2701 1904 2770 omni
1953 2702 2226 2786 negocio
2279 2701 2781 2788 prouincialium

528 2822 823 2900 excepto,
857 2822 1072 2900 preter
1101 2812 1442 2897 negocium
1475 2810 1750 2879 Comitis
1792 2811 1876 2878 de
1906 2812 2170 2895 Zolom3
2220 2831 2343 2879 nec
2371 2831 2501 2879 non
2532 2813 2619 2879 ab
2650 2833 2783 2880 om·

531 2923 722 2988 nibus
792 2918 1253 2986 exaccionibus
1321 2926 1388 2984 ct
1436 2917 1728 2984 collectis
1797 2924 2016 3004 preter
2063 2918 2335 2986 Comitis
2404 2918 2778 3005 supradicti.

527 3028 842 3097 Volumus
894 3035 961 3095 et
990 3027 1160 3093 hanc
1208 3025 1581 3091 libertatem
1630 3023 1878 3092 eisdem
1928 3025 2260 3109 alleuiare,
2313 3025 2488 3108 quod
2542 3023 2779 3094 nullius

528 3139 866 3227 presencie
900 3141 1325 3222 compareant
1352 3135 1459 3201 vel
1489 3132 1785 3215 citemus,
1818 3140 2036 3220 preter
2057 3134 2332 3217 Regiam
2366 3135 2778 3200 Presenciam

526 3259 591 3313 et
646 3244 917 3313 Comitis
966 3244 1051 3310 de
1100 3243 1326 3309 Zolom
1348 3292 1367 3327 ‚
1420 3240 1550 3307 imo
1601 3240 1661 3307 si
1717 3240 2011 3308 inducias
2060 3260 2408 3308 causarum
2456 3241 2781 3309 voluerint

520 3353 771 3437 differe,
825 3351 1157 3419 biennium
1188 3351 1292 3416 vel
1327 3347 1677 3416 triennium
1724 3348 1903 3415 licite
1935 3347 2183 3415 eisdem
2233 3348 2519 3416 debeant
2559 3368 2779 3435 proro-

524 3480 705 3545 gare,
739 3459 925 3527 saluo
957 3458 1097 3525 iure
1131 3457 1400 3525 Comitis
1432 3456 1515 3523 de
1544 3456 1793 3523 Zolom.
1848 3457 2090 3524 Volens
2121 3455 2336 3523 adbuc
2363 3457 2539 3524 idem
2576 3456 2776 3525 Bosin

524 3569 767 3655 scripta
797 3587 922 3634 sua
970 3566 1185 3651 magis
1237 3568 1306 3632 in
1339 3567 1551 3632 lucem
1581 3564 1888 3650 proferre,
1939 3564 2109 3633 filios
2159 3583 2310 3631 suos
2349 3563 2544 3632 Ourie
2571 3566 2776 3650 Regie

525 3675 1026 3743 commendauit.
1056 3675 1135 3739 In
1155 3673 1336 3740 cuius
1364 3672 1462 3740 rei
1481 3672 1857 3740 memoriam
1879 3680 1945 3739 et
1973 3673 2170 3741 robur
2187 3680 2504 3758 perpetue
2523 3673 2773 3741 stabili-

522 3784 675 3850 tatis
727 3791 1064 3870 presentes
1113 3781 1369 3848 litteras
1418 3785 1682 3848 nostras
1738 3780 2180 3848 concessimus
2229 3779 2510 3866 duplicis
2572 3780 2774 3865 sigilli

522 3892 725 3960 nostri
758 3890 1110 3958 munimine
1142 3889 1506 3956 roboratas.
1539 3888 1782 3954 Datum
1816 3906 1932 3973 per
1961 3906 2193 3954 manus
2212 3886 2435 3955 dilecti
2465 3895 2531 3956 et
2559 3886 2771 3955 fidelis

523 3997 927 4066 Venerabilis
958 3995 1298 4063 Benedicti
1330 3993 1825 4082 Archiepiscopi
1859 3992 2232 4063 colocensis
2263 3994 2438 4083 (lgy)
2478 3994 2628 4061 aule
2657 4014 2767 4061 no·

516 4116 649 4173 stre
669 4104 1062 4189 Cancellarij
1085 4123 1255 4170 anno
1286 4101 1549 4169 Domini
1568 4101 1959 4169 millesimod
1981 4103 2379 4171 ucentesimo
2412 4102 2771 4188 quadrage·

513 4218 679 4284 simo
714 4221 967 4281 octauo.

1094 4373 1193 4444 (ΔΖ
1221 4369 1569 4439 Okolicsanyi
1595 4369 1778 4423 csalad
1801 4369 2192 4440 leveltaeirabol.)

1380 4560 1611 4574 —0-—n

2317 4737 2443 4795 1¹1*
