3359 5250
1386 356 1517 423 513

1295 449 1602 459 ..ν-...ι--οο-

1371 928 1529 997 364.

316 1112 418 1178 Az
448 1114 809 1198 eszteryami
836 1111 1264 1198 kdptalannalc
1314 1108 1857 1197 bizonysdylevele,
1904 1110 2069 1197 hoyy
2101 1108 2352 1175 Lukdcs
2384 1109 2582 1177 Sardi

321 1221 714 1307 Boqardnak
745 1221 851 1305 fia
883 1220 1177 1285 Sardban
1209 1220 1345 1285 Ζέυὸ
1373 1219 1637 1284 ὀ-ἰνίοΙεάι
1684 1219 2068 1284 rokonainak
2100 1220 2327 1285 eladta.
2382 1222 2574 1285 1259.

531 1417 895 1504 Phylippus
914 1416 1290 1500 Prepesitus
1316 1421 1380 1482 et
1399 1414 1775 1501 Capitulum
1798 1416 2091 1483 Ecclesie
2109 1414 2579 1501 Strigoniensis

317 1523 625 1591 omnibus
659 1523 900 1590 Christi
931 1523 1232 1590 fidelibus
1285 1531 1617 1610 presentes
1652 1522 1911 1591 litteras
1961 1522 2352 1608 inspecturis
2399 1523 2577 1589 salu·

318 1641 454 1699 tem
486 1632 552 1696 in
586 1630 867 1697 Domino
920 1630 1404 1713 sempiternam.
1456 1628 1561 1696 Ad
1594 1631 2046 1699 vniuersorum
2093 1630 2403 1699 noticiam
2448 1636 2583 1697 tam

321 1738 733 1827 presencium
767 1757 963 1821 quam
1010 1737 1371 1804 futurorum
1402 1738 1636 1803 harum
1689 1740 1856 1806 serie
1888 1739 2184 1807 volumus
2215 1739 2581 1825 peruenire,

320 1848 498 1933 quod
526 1847 718 1913 Luka
748 1844 919 1914 filius
951 1846 1218 1929 Bogard
1252 1848 1333 1914 de
1365 1847 1596 1915 Sarow
1629 1847 1699 1914 in
1731 1853 1955 1915 nostra
1987 1847 2335 1933 presencia
2363 1866 2582 1932 perso-

320 1958 562 2024 naliter
593 1956 980 2022 constitutus
1032 1954 1114 2020 ab
1149 1975 1279 2021 una
1311 1961 1520 2041 parte,
1575 1963 1639 2022 et
1670 1956 1859 2040 Guge
1892 1954 2062 2021 filius
2093 1954 2267 2020 Petri
2302 1954 2383 2020 de
2424 1954 2583 2020 villa

323 2065 554 2151 Balan,
607 2084 687 2130 ac
736 2063 1095 2130 Ladizlaus
1145 2062 1315 2130 filius
1349 2063 1624 2129 Adriani
1673 2062 1874 2129 frater
1923 2062 2235 2147 eiusdem,
2285 2081 2407 2129 nec
2452 2083 2583 2129 non

325 2172 602 2259 Egidius
633 2172 806 2237 filius
840 2173 1065 2256 Rugas
1100 2171 1338 2240 nobilis
1370 2171 1451 2237 de
1483 2174 1664 2257 Saag
1696 2172 1777 2238 de
1807 2173 2239 2257 generacione
2269 2176 2336 2236 et
2363 2168 2581 2259 proxi—

329 2282 560 2349 mitate
585 2279 934 2348 eorundem
968 2279 1262 2348 similiter
1282 2300 1365 2347 ex
1397 2282 1606 2347 altera
1628 2306 1643 2367 ς
1678 2280 1889 2347 dictus
1910 2281 2105 2347 Luka
2123 2280 2296 2348 filius
2316 2277 2580 2364 Bogard

326 2386 411 2454 de
442 2388 670 2454 Sarow
702 2406 1001 2454 asserens
1032 2407 1253 2453 coram
1286 2387 1477 2453 nobis
1511 2387 1667 2454 uiua
1699 2406 1876 2473 uoce,
1918 2386 2092 2471 quod
2123 2393 2363 2454 terram
2394 2406 2583 2454 suam

324 2496 396 2562 in
424 2498 652 2564 Sarow
684 2495 816 2563 iam
847 2493 1024 2562 dicta
1055 2494 1459 2578 existentem,
1515 2500 1579 2561 et
1611 2494 1698 2562 ad
1731 2515 1848 2563 sex
1879 2504 2101 2563 aratra
2131 2494 2579 2579 sufficientem,

327 2626 474 2673 cum
506 2603 759 2672 duobus
809 2601 1223 2688 molendynis
1258 2622 1454 2689 super
1484 2601 1752 2671 fluuium
1786 2603 2004 2671 Goron
2035 2604 2104 2669 in
2138 2602 2368 2671 eadem
2406 2610 2581 2672 terra

330 2713 498 2797 sitis,
556 2719 621 2778 et
664 2713 946 2779 insulam
996 2730 1141 2776 eum
1192 2730 1454 2778 nemore
1506 2716 1570 2777 et
1614 2711 1829 2778 feneto
1881 2711 1968 2778 ad
2018 2714 2292 2780 eandem
2343 2721 2585 2780 terram

330 2819 829 2908 pertinentibus,
881 2839 1077 2904 quam
1110 2818 1196 2883 ab
1250 2818 1494 2884 eisdem
1531 2820 1718 2904 Guge
1750 2818 1881 2886 filio
1913 2820 2109 2908 Petri,
2165 2828 2229 2888 et
2266 2821 2582 2890 Ladizlao

329 2930 465 2997 filio
497 2928 775 2996 Adriani
823 2928 1023 2995 fratre
1055 2947 1173 2994 suo
1207 2929 1341 2994 iam
1372 2927 1566 3017 dicto,
1619 2928 1811 2996 titulo
1847 2931 2205 3016 empcionis
2256 2928 2585 3015 quondam

327 3059 445 3126 pro
478 3035 969 3122 quatuordecim
1003 3037 1265 3120 marcis,
1301 3036 1737 3104 mediantibus
1768 3037 2002 3104 litteris
2035 3038 2275 3105 nostris
2319 3037 2582 3123 priuile-

330 3145 616 3232 gialibus
652 3148 1164 3230 comparauerat,
1219 3142 1690 3231 possidendam
1720 3146 1789 3210 in
1822 3144 1989 3212 filios
2022 3144 2298 3211 filiorum
2337 3146 2583 3233 pariter

330 3262 397 3323 et
425 3253 819 3338 habendam,
867 3253 1251 3321 condicione
1300 3245 1418 3321 tali
1452 3254 1813 3340 interiecta,
1867 3254 2039 3336 quod
2082 3253 2138 3322 si
2191 3252 2364 3321 idem
2394 3252 2587 3321 Luka

330 3364 502 3432 filius
535 3362 816 3445 Bogard,
848 3363 954 3428 uel
986 3363 1194 3448 ipsius
1227 3364 1699 3448 progenitores,
1757 3382 1872 3430 seu
1905 3382 2336 3448 successores,
2370 3363 2585 3450 ipsam

331 3482 574 3539 terram
625 3466 712 3534 ad
763 3488 882 3535 sex
931 3475 1168 3557 aratra,
1225 3477 1294 3536 vt
1343 3473 1734 3557 premissum
1787 3479 1917 3556 est,
1968 3470 2393 3539 sufficientem
2443 3491 2588 3538 oum

330 3580 587 3647 duobus
621 3578 1031 3664 molendynis
1084 3579 1215 3645 iam
1248 3578 1457 3667 dictis,
1491 3584 1554 3645 et
1585 3580 1823 3666 insula,
1872 3600 1952 3647 ac
1984 3600 2249 3649 nemore
2281 3587 2346 3649 et
2373 3577 2587 3647 feneto

334 3687 708 3755 memoratis
742 3689 976 3772 quouis
1028 3707 1342 3774 processu
1389 3698 1752 3774 temporum
1781 3687 2085 3775 uendere,
2134 3690 2239 3755 uel
2272 3688 2587 3776 obligare,

331 3818 448 3866 seu
481 3797 902 3884 inpignorare
931 3796 1311 3882 intenderet,
1347 3799 1404 3863 si
1436 3798 1647 3884 ipsum
1680 3800 2039 3866 necessitas
2072 3800 2299 3883 aliqua
2332 3809 2590 3885 urgeret

334 3911 449 3972 aut
479 3906 802 3991 uoluntas,
854 3906 1094 3972 nemini
1128 3912 1373 3992 posset,
1427 3927 1546 3974 nec
1581 3908 1869 3993 deberet,
1922 3909 2051 3975 nisi
2099 3908 2262 3996 ipsis
2296 3908 2487 3993 Guge
2527 3914 2593 3976 et

335 4013 672 4100 Ladizlao,
724 4014 831 4079 uel
864 4014 1156 4098 ipsorum
1203 4015 1522 4102 proximo,
1572 4018 1683 4102 qui
1715 4037 1826 4085 eos
1857 4017 2037 4086 linea
2070 4018 2433 4103 affinitatis,
2484 4019 2592 4085 uel

336 4121 546 4190 eciam
592 4122 1215 4207 consanguineitatis
1266 4125 1615 4209 attingeret
1664 4128 1731 4192 in
1780 4125 2069 4213 ipsorum
2120 4130 2591 4213 generacione3

343 4230 515 4297 dixit
545 4236 610 4296 et
640 4230 978 4299 confessus
1011 4238 1133 4318 est,
1166 4233 1381 4320 ipsam
1415 4240 1653 4301 terram
1687 4235 1993 4303 videlicet
2042 4257 2161 4321 pro
2194 4256 2309 4303 sex
2360 4237 2594 4303 aratris

337 4338 784 4425 sufficientem,
820 4360 963 4407 cum
997 4341 1158 4427 ipsis
1192 4342 1444 4410 duobus
1487 4342 1920 4429 molendynis,
1957 4353 2021 4412 et
2052 4347 2289 4430 insula,
2333 4366 2595 4415 nemore

338 4467 420 4513 ac
449 4448 668 4514 feneto
704 4449 1075 4516 memoratis
1111 4449 1484 4517 uendidisse
1516 4471 1633 4536 pro
1669 4453 1937 4519 totidem
1971 4454 2255 4538 pecunia
2292 4461 2590 4540 quatuor-

338 4556 549 4621 decim
588 4576 955 4624 marcarum
989 4558 1224 4643 Egidio
1257 4559 1388 4626 filio
1422 4562 1646 4645 Rugas
1682 4561 2032 4649 antedictO,
2079 4570 2144 4629 et
2175 4563 2312 4630 suis
2345 4562 2594 4630 heredi-

341 4663 482 4748 bus,
517 4663 959 4750 heredumque
991 4685 1250 4734 suorum
1284 4667 1769 4735 successoribus
1823 4669 1963 4735 iure
1994 4678 2309 4757 perpetuo
2343 4679 2408 4739 et
2439 4669 2596 4739 irre·

435 4798 636 4834 nomm.
672 4800 829 4837 mmo.
864 4802 1002 4838 ms'r.
1046 4815 1085 4819 Η
1158 4805 1296 4839 mm„
1334 4798 1382 4836 ¹2
2194 4790 2273 4847 33
