3359 5250
1408 361 1491 429 13

297 559 688 628 excessibus
719 560 858 626 suis
890 557 1281 626 excederent
1312 560 1675 646 universos,
1720 580 1921 627 unum
1952 558 2036 626 de
2057 559 2446 648 hospitibus,
2478 561 2568 643 ad

297 689 469 754 quos
502 687 663 734 casu
695 667 1165 750 declinaverat,
1215 674 1284 735 et
1312 669 1626 736 unum‘de
1654 666 2093 737 servientibus
2122 668 2284 753 suis,
2315 667 2571 737 nitenti·

296 780 426 846 bus
458 797 607 844 eum
640 775 1017 861 defendere,
1063 776 1269 863 impie
1296 775 1723 861 trucidantes,
1759 774 2100 843 cuiusdam
2133 776 2436 843 monachi
2467 796 2569 843 sa-

298 884 605 969 cerdotis,
640 886 751 970 qui
785 904 856 951 se
889 884 975 950 ad
1007 882 1452 952 defensionem
1484 884 1713 972 ipsius,
1746 890 1818 951 ut
1848 889 2126 972 poterat,
2168 886 2567 972 opponebat,

297 993 531 1061 dextre
564 1012 797 1059 manus
830 991 1069 1077 digitos
1099 997 1539 1078 amputarunt,
1578 991 1909 1061 nonnullis
1961 992 2054 1059 ibi
2084 994 2331 1061 relictis
2361 994 2569 1061 letali-

298 1111 403 1168 ter
432 1099 832 1184 vulneratis;
867 1106 931 1164 et
960 1098 1058 1165 sic
1087 1099 1505 1166 innocentum
1535 1099 1857 1184 sanguine
1890 1100 2230 1185 cruentati,
2266 1101 2567 1169 receden-

300 1216 406 1277 tes
435 1229 480 1275 a
511 1206 696 1293 cede,
747 1207 837 1274 ad
868 1205 1141 1273 eundem
1173 1207 1574 1294 Episcopum
1612 1206 2045 1293 aufugerunt3
2100 1214 2291 1294 prout
2343 1228 2568 1277 eorun-

304 1315 457 1384 dem
475 1317 812 1384 Abbatum
843 1314 1134 1383 exhibite
1164 1314 1356 1383 nobis
1394 1314 1609 1382 littere
1641 1315 2084 1383 continebant.
2123 1315 2338 1395 Quum
2367 1317 2568 1402 igitur

302 1445 436 1491 vox
469 1423 661 1491 effusi
685 1423 1029 1507 sanguinis
1050 1422 1296 1490 clamat
1326 1422 1415 1488 ad
1446 1443 1566 1492 nos
1598 1423 1682 1489 de
1700 1431 1894 1507 terra,
1937 1445 2056 1491 nos
2071 1425 2368 1492 nolentes
2386 1431 2568 1492 tante

297 1530 692 1600 temeritatis
743 1548 1084 1599 excessum
1116 1532 1240 1598 sub
1271 1529 1790 1599 dissimulatione
1836 1532 2134 1616 transire,
2166 1532 2322 1617 quin
2352 1532 2568 1618 ipsum

300 1640 526 1728 potius
560 1640 859 1707 volentes
908 1638 1260 1706 severitate
1292 1638 1519 1706 debita
1550 1638 1903 1723 castigari3
1957 1640 2364 1722 mandamus,
2413 1660 2567 1725 qua-

303 1758 496 1817 tenus
528 1746 861 1834 predictos
911 1746 1297 1831 sacrilegos,
1351 1756 1417 1815 et
1447 1767 1698 1834 omnes,
1736 1767 2007 1834 quorum
2059 1767 2184 1834 ope
2219 1748 2436 1837 scelus
2469 1757 2569 1815 est

303 1855 679 1924 huiusmodi
726 1859 1192 1942 perpetratum,
1248 1854 1455 1937 etqui
1488 1854 1554 1920 in
1585 1854 1710 1922 hoc
1757 1855 2178 1941 prestiterunt
2225 1855 2565 1937 auxilium,

306 1962 654 2031 consilium
670 1963 781 2029 vel
812 1960 1127 2045 favorem,
1166 1960 1428 2028 faciatis
1457 1963 1578 2048 p'er
1597 1961 2114 2048 strigoniensem
2132 1961 2567 2046 Provinciam,

306 2078 375 2139 et
406 2069 545 2136 alia
573 2069 742 2153 loca,
793 2069 862 2134 in
900 2067 1136 2152 quibus
1187 2065 1498 2154 expedire
1536 2066 1852 2152 videritis,
1900 2068 2180 2156 pulsatis
2231 2070 2568 2154 campanis

307 2187 373 2247 et
422 2177 722 2246 candelis
776 2179 1071 2245 accensis
1093 2228 1111 2262 ,
1158 2176 1442 2263 singulis
1492 2176 1723 2246 diebus
1770 2178 2132 2247 Dominicis
2182 2183 2247 2248 et
2293 2178 2566 2262 festivis,

307 2286 906 2355 excommunicatos
952 2285 1328 2353 solemniter
1360 2285 1658 2354 nunciari
1683 2337 1700 2371 ,
1752 2294 1818 2354 et
1849 2287 2098 2355 tamdiu
2135 2288 2224 2354 ab
2271 2287 2569 2354 omnibus

306 2394 556 2463 arctius
586 2393 842 2477 evitari,
894 2393 1100 2461 donec
1128 2394 1510 2480 Apostolico
1562 2414 1634 2461 se
1672 2396 2053 2482 conspectui
2102 2401 2567 2482 representem,

306 2506 473 2589 Deo,
510 2509 575 2568 et
602 2501 919 2585 Ecclesie,
972 2521 1052 2569 ac
1081 2502 1211 2589 ipsi
1241 2502 1637 2570 Monasterio
1670 2503 1754 2569 de
1786 2509 1920 2569 tam
1951 2504 2161 2572 atroci
2196 2503 2439 2570 iniuria
2469 2524 2570 2571 sa·

307 2610 750 2680 tisfactionem
798 2609 1089 2678 debitam
1140 2610 1539 2699 impensuri3
1601 2612 1751 2681 loca
1801 2610 2022 2697 etiam,
2079 2610 2170 2678 ad
2214 2631 2340 2697 que
2389 2609 2569 2697 ipsos

308 2722 617 2790 devenire
648 2719 1014 2804 contigerit,
1066 2720 1378 2806 quamdiu
1410 2720 1500 2788 ibi
1531 2721 1791 2806 fuerint,
1845 2721 2234 2810 supponatis
2273 2720 2571 2787 ecclesia-

311 2830 474 2898 stico
504 2828 877 2896 interdicto.
928 2828 1014 2894 Et
1043 2829 1201 2913 quia
1229 2826 1441 2911 dictus
1474 2826 1842 2913 Episcopus
1891 2845 2216 2914 expensas
2264 2825 2353 2893 ad
2400 2848 2570 2894 man-

310 2937 537 3007 datum
585 2935 1022 3024 predictorum
1060 2935 1356 3020 judicum
1402 2956 1533 3003 non
1563 2935 1832 3021 exolvit,
1883 2943 2111 3003 ettam
2158 2935 2324 3022 ipse,
2374 2954 2571 3018 quam

311 3044 671 3128 Cornelius,
722 3051 789 3110 et
817 3043 1120 3111 monachi
1152 3041 1535 3129 supradicti,
1587 3043 1657 3109 in
1698 3042 1950 3130 prefixo
1998 3042 2125 3110 sibi
2174 3043 2451 3110 termino
2483 3042 2572 3109 ad

313 3152 547 3222 Sedem
578 3150 1031 3238 Apostolicam
1061 3169 1194 3219 non
1223 3156 1561 3231 venerunt,
1610 3151 1879 3237 propter
1908 3149 2083 3235 quod
2115 3169 2156 3216 a
2185 3149 2381 3216 dictis
2404 3147 2571 3233 jndi-

314 3262 493 3331 cibus
543 3260 804 3328 vinculo
854 3259 1116 3327 fuerunt
1167 3259 1855 3328 excommunicationis
1907 3257 2197 3343 astricti,
2267 3263 2458 3345 prout
2503 3259 2572 3325 in

316 3371 528 3439 eidem
577 3370 816 3437 litteris
866 3369 1253 3455 continetur,
1303 3367 1484 3456 ipsos
1529 3370 2127 3438 excommunicatos
2174 3367 2424 3437 tamdiu
2474 3389 2572 3437 so-

315 3480 615 3548 lemniter
644 3478 957 3547 nuntietis
976 3529 994 3563 ,
1044 3484 1111 3546 et
1140 3478 1400 3547 faciatis
1432 3480 1518 3545 ab
1550 3478 1852 3572 omnibus
1889 3478 2134 3547 arctius
2173 3478 2428 3563 evitari,
2463 3477 2572 3545 do·

318 3609 431 3657 nec
460 3587 903 3677 personaliter
953 3606 1172 3655 coram
1201 3586 1392 3654 nobis
1425 3594 1851 3674 compareant
1897 3588 2274 3656 meritorum
2306 3606 2569 3654 suorum

319 3696 648 3784 stipendia
693 3694 1037 3781 recepturi.
1086 3695 1170 3762 Et
1202 3714 1285 3762 ne
1317 3696 1682 3783 persecutio
1731 3703 1868 3761 tam
1900 3695 2141 3763 atrocis
2190 3693 2422 3762 iniurie
2452 3714 2571 3781 pro

320 3803 576 3873 defectu
606 3822 1047 3890 expensarum
1064 3801 1372 3889 impediri
1403 3803 1625 3869 valeat
1643 3804 1751 3869 vel
1781 3803 1979 3870 etiam
2011 3801 2354 3885 retardari,
2386 3800 2574 3868 fratri

323 3913 509 3981 Petro
561 3912 761 3980 latori
810 3910 1232 3997 presentium,
1286 3918 1354 3978 et
1385 3909 1639 3979 duobus
1689 3911 1794 3977 vel
1841 3911 2049 3978 tribus
2082 3909 2229 3975 aliis
2282 3907 2573 4002 eiusdem

326 4018 702 4090 monasterii
751 4018 1086 4085 monachis
1107 4069 1123 4101 ,
1194 4018 1566 4085 huiusmodi
1614 4018 1954 4101 negotium
2006 4015 2572 4104 prosequentibus,

324 4128 577 4197 faciatis
608 4127 693 4195 de
725 4126 915 4195 bonis
964 4126 1171 4214 ipsius
1203 4127 1516 4214 Episcopi
1550 4147 1876 4214 expensas
1927 4126 2014 4194 ad
2051 4127 2574 4215 prosecutionem

325 4234 566 4322 negotii
612 4235 1026 4303 necessarias
1059 4235 1438 4320 ministrari,
1489 4235 2022 4319 contradictores,
2074 4236 2132 4302 si
2162 4235 2274 4319 qui
2311 4234 2572 4318 fuerint,

324 4346 422 4411 vel
450 4342 757 4428 rebelles,
792 4362 912 4430 per
941 4362 1285 4411 censuram
1316 4344 1836 4411 ecclesiasticam
1869 4344 1991 4410 sub
2011 4343 2398 4431 Apostolica
2428 4343 2577 4412 obe-

327 4451 566 4520 dientia
613 4451 1110 4538 compescendo.
1175 4454 1417 4521 Verum
1469 4453 1625 4538 quia
1674 4452 1741 4520 in
1792 4452 2132 4540 premissis
2195 4454 2574 4522 excessibus

328 4558 612 4629 eiusdem
640 4559 954 4647 Episcopi
988 4560 1226 4628 dicitur
1257 4580 1404 4629 esse
1436 4581 1690 4645 manus,
1737 4560 2039 4629 volumus
2072 4568 2138 4627 et
2168 4561 2573 4646 mandamus,

332 4676 393 4736 ut
434 4675 575 4736 tam
624 4667 711 4734 de
758 4667 1076 4754 personis,
1128 4688 1257 4753 que
1302 4668 1675 4737 huiusmodi
1723 4668 2045 4755 flagitium
2096 4669 2574 4755 commiserunt,
