3359 5250
1448 355 1532 422 ⁷9

1428 932 1538 1001 52.

343 1113 558 1178 De'noe
586 1112 797 1178 mador
836 1112 1028 1179 Urias
1047 1112 1523 1198 pannonhalmi
1553 1113 1842 1200 apdtnak
1879 1115 2159 1182 Ιεένέεέτε
2193 1115 2422 1199 Kayar
2446 1113 2609 1202 hely-

344 1224 454 1307 σός
503 1220 1166 1308 birtokvfszonyainak
1210 1221 1534 1288 rendam
1582 1220 1935 1309 tdrqydban
1984 1221 2356 1290 intezkeclik.
2415 1223 2611 1288 1239.

588 1417 950 1504 Dionysius
1001 1415 1129 1485 Dei
1177 1418 1404 1503 gracia
1453 1416 1796 1485 Palatinus
1850 1424 1917 1485 et
1964 1414 2196 1487 Comes
2245 1419 2328 1486 de
2377 1419 2610 1488 Zonuk

349 1526 659 1595 omnibus
691 1531 1031 1612 presentes
1078 1524 1331 1592 litteras
1362 1524 1751 1613 inspecturis
1783 1526 2064 1593 salutem
2096 1527 2165 1593 in
2196 1527 2429 1596 salutis
2461 1548 2609 1595 anc-

347 1641 518 1702 tore.
559 1632 1029 1701 Vniuersorum
1059 1631 1299 1700 noticie
1330 1638 1555 1700 tenore
1585 1633 1997 1719 presencium
2035 1633 2340 1702 duximus
2370 1636 2610 1721 signifi·

349 1739 655 1826 candum,
688 1741 864 1826 quod
893 1742 1059 1809 Vros
1078 1740 1303 1808 Abbas
1335 1740 1562 1807 Sancti
1581 1740 1844 1809 Martini
1877 1741 1959 1808 de
1990 1741 2331 1809 Pannonia
2368 1744 2455 1810 ad
2488 1763 2611 1810 nos

351 1849 700 1937 accedens,
750 1849 1079 1918 hominem
1112 1848 1241 1916 sibi
1290 1848 1379 1915 ad
1410 1846 1852 1935 separandam
1882 1855 2119 1917 terram
2169 1870 2356 1917 suam
2388 1856 2454 1916 et
2482 1852 2612 1938 syl-

353 1977 512 2025 uam
540 1958 610 2024 in
641 1958 806 2025 villa
831 1957 1063 2045 Kayar
1095 1956 1481 2025 existentem
1512 1976 1556 2023 a
1584 1956 1848 2044 populis
1880 1955 2169 2025 eiusdem
2207 1957 2363 2024 ville
2392 1965 2609 2045 postu·

351 2066 560 2152 lauit;
612 2087 739 2152 quo
772 2071 1065 2152 accepto,
1098 2086 1246 2133 cum
1275 2066 1364 2133 ad
1393 2066 1608 2151 ipsam
1639 2071 1881 2133 terram
1929 2066 2429 2152 disiungendam
2459 2088 2609 2135 ven-

345 2181 490 2242 tnm
522 2173 771 2260 fuisset,
806 2173 1102 2243 homines
1131 2172 1308 2240 dicte
1337 2172 1517 2257 ville,
1569 2172 1739 2240 sient
1769 2173 1961 2242 nobis
1992 2173 2406 2261 postmodum
2445 2177 2609 2244 rela-

345 2288 494 2348 tum
527 2290 645 2367 est,
680 2281 1169 2368 prohibuerunt.
1219 2279 1348 2359 Qui
1378 2300 1524 2348 cum
1554 2281 1739 2349 citati
1770 2280 2068 2367 fuissent,
2109 2290 2334 2351 contra
2363 2284 2607 2353 dictum

346 2390 829 2477 responderunt
859 2389 1183 2458 Abbatem
1215 2389 1283 2455 in
1315 2389 1486 2456 hunc
1516 2389 1824 2457 modum:
1866 2390 2044 2474 quod
2071 2390 2273 2458 nichil
2301 2392 2509 2479 partis
2538 2394 2605 2460 in

349 2507 533 2567 terra
563 2498 672 2565 vel
703 2496 898 2585 sylua
927 2498 1218 2582 haberet,
1270 2504 1490 2584 preter
1518 2507 1780 2584 terram,
1816 2498 1886 2565 in
1917 2519 2049 2584 qna
2077 2499 2298 2568 Pouca
2334 2501 2605 2568 clericus

349 2615 422 2676 et
449 2609 556 2676 sni
586 2606 965 2677 residebant
995 2607 1277 2695 cognati,
1310 2628 1475 2694 quos
1507 2607 1816 2677 dicebant
1851 2607 2095 2677 dictum
2127 2610 2447 2679 Abbatem
2484 2611 2605 2679 sub

348 2718 615 2786 nomine
633 2716 804 2804 juris
854 2738 973 2785 sue
1003 2716 1302 2786 Ecclesie
1333 2717 1630 2786 retinere.
1679 2715 1906 2785 Abbas
1936 2737 2091 2784 vero
2138 2725 2202 2786 et
2231 2717 2468 2786 fratres
2505 2720 2607 2786 sui

345 2825 671 2913 Ponkam,
706 2831 773 2893 et
799 2826 1066 2895 fratrem
1097 2846 1287 2893 suum
1318 2827 1578 2894 nomine
1606 2825 1799 2914 Pons,
1832 2835 1901 2894 et
1927 2845 2081 2894 suos
2114 2833 2430 2913 cognatos
2453 2827 2607 2896 Ger·

345 2934 634 3019 nasinm,
682 2934 1073 3003 Michaelem
1120 2942 1187 3002 et
1234 2934 1672 3002 Laurencium
1692 2985 1711 3020 ,
1762 2933 2102 3003 libertinos
2150 2955 2268 3004 sue
2312 2934 2606 3006 Ecclesie

346 3045 676 3112 instanter
707 3044 1110 3112 asserebant.
1164 3043 1386 3112 Pouca
1413 3063 1569 3111 vero
1600 3049 1667 3109 et
1704 3042 1806 3110 sui
1837 3043 2100 3129 cognati
2150 3064 2223 3111 se
2252 3043 2495 3111 liberos
2542 3050 2607 3111 et

349 3152 626 3239 propria
642 3153 978 3220 voluntate
998 3172 1142 3220 cum
1174 3171 1295 3218 sua
1325 3159 1523 3236 terra,
1557 3149 1990 3235 quinquginta
2007 3149 2258 3217 scilicet
2275 3150 2603 3236 jngerum,

347 3259 747 3328 monasterio
798 3261 1130 3329 antedicto
1178 3276 1251 3328 se
1300 3257 1674 3326 subdidisse
1725 3257 2161 3324 affirmabant.
2224 3258 2362 3326 Nos
2406 3258 2607 3344 igitur

347 3369 601 3437 auditis
630 3375 767 3434 tam
797 3367 1097 3454 Abbatis,
1130 3389 1325 3453 quam
1356 3371 1572 3437 Peuce
1604 3375 1670 3434 et
1700 3386 1961 3434 suorum
2000 3372 2422 3451 cognatorum
2451 3368 2606 3437 alle·

343 3475 765 3564 gacionibus,
816 3476 1073 3563 Vtrique
1122 3478 1293 3566 parti
1342 3476 1428 3543 ad
1477 3496 1664 3543 suam
1713 3476 2121 3562 probandam
2169 3477 2605 3546 assercionem

344 3591 555 3652 testes
605 3585 1011 3671 producendi
1059 3584 1405 3652 terminum
1459 3584 1965 3670 assignauimus.
2017 3588 2245 3655 Abbas
2293 3586 2489 3671 igitur
2541 3594 2608 3654 et

342 3693 611 3777 fratres,
663 3695 946 3762 Poucam
979 3702 1045 3762 et
1074 3716 1228 3763 suos
1261 3703 1600 3781 cognatos,
1655 3718 1698 3765 a
1729 3695 2013 3781 quadam
2052 3696 2316 3764 domina
2347 3695 2607 3764 nomine

344 3802 753 3887 Chekqvend
783 3810 1175 3872 testamento
1208 3804 1502 3872 eiusdem
1535 3804 1815 3889 domine,
1858 3805 2032 3891 quod
2062 3806 2129 3871 in
2162 3825 2424 3873 camera
2455 3806 2606 3872 Jau·

203 3913 208 3917 ’
341 3911 585 3977 riensis
617 3911 915 3979 Ecclesie
964 3910 1182 3980 fuerat
1213 3912 1600 4000 depositum,
1656 3921 1722 3980 et
1751 3913 2029 3981 aliorum
2079 3933 2275 3997 quam
2321 3912 2604 3999 plurium

342 4019 724 4088 testimonio
740 4019 1203 4108 libertinorum,
1228 4021 1520 4089 eiusdem
1541 4022 1915 4107 monasterij
1937 4020 2420 4090 condicionatos
2440 4039 2606 4087 com—

343 4126 672 4215 probauit.
724 4126 945 4195 Pouca
979 4128 1189 4197 eciam
1222 4136 1289 4195 et
1319 4129 1421 4195 sui
1452 4128 1745 4214 cognati,
1797 4128 2074 4195 testibus
2106 4129 2341 4214 quibus
2383 4137 2603 4214 potue-

345 4242 517 4321 rant,
552 4255 628 4303 se
648 4234 887 4305 liberos
909 4236 1047 4305 fore
1077 4236 1537 4325 probauerunt.
1578 4237 1717 4306 Nos
1748 4237 1948 4322 igitur
1977 4235 2216 4305 auditis
2238 4235 2603 4324 responsio-

341 4342 537 4411 nibus
569 4342 835 4411 testium
865 4344 1161 4431 parcium
1192 4349 1626 4430 vti-aramque,
1670 4345 1826 4413 licet
1854 4343 2296 4411 testimonium
2328 4341 2605 4411 Abbatis

340 4459 517 4520 esset
563 4451 1060 4538 acceptabilius,
1111 4458 1176 4521 et
1209 4472 1415 4520 cansa
1460 4473 1576 4539 per
1605 4453 1730 4521 hoc
1778 4451 2115 4519 terminari
2146 4458 2404 4539 posset;
2454 4473 2597 4540 pro·

339 4566 487 4646 pter
519 4559 838 4628 maiorem
886 4564 1107 4627 tamen
1138 4560 1510 4645 cautellam,
1562 4566 1629 4627 et
1650 4560 1984 4646 justiciam
2023 4558 2597 4645 abundanciorem,

338 4666 423 4736 de
452 4666 732 4737 testibus
763 4665 1043 4736 Abbatis
1075 4675 1208 4738 tres
1238 4669 1532 4739 homines
1569 4692 1584 4734 ε
1615 4668 1768 4756 Apa
1800 4667 2139 4755 Comitem,
2173 4669 2482 4758 Ipolitum
2512 4667 2601 4737 de
