3359 5250
1731 381 1769 388 .-
1821 291 1952 355 422

760 487 932 555 dicio
964 486 1182 555 alieni.
1217 486 1288 551 In
1321 487 1506 554 cuius
1538 485 1633 553 rei
1666 490 2047 573 perpetuam
2068 484 2438 552 firmitatem
2469 490 2804 571 presentes
2836 483 3010 551 litte·

760 614 871 662 ras
902 594 1047 661 dari
1097 594 1369 661 fecimus
1418 593 1620 684 sigilli
1651 595 1857 661 nostri
1906 592 2187 680 duplicis
2240 592 2593 660 munimine
2641 592 3008 660 roboratas.

760 705 1000 770 Datum
1032 723 1148 789 per
1182 722 1414 769 manus
1434 700 1735 787 Magistri
1766 700 2113 786 Smaragdi
2134 700 2444 767 Albensis
2476 700 2771 769 Ecclesie
2799 699 3011 767 Electi

761 811 910 877 aule
939 815 1160 877 nostre
1181 807 1721 893 Uicecancellarij
1755 806 1975 875 dilecti
1996 812 2063 873 et
2092 807 2302 875 tidelis
2321 806 2527 874 nostri
2548 826 2723 875 anno
2743 807 3011 874 Domini

761 916 1105 984 millesimo
1155 914 1600 983 ducentesimo
1648 914 2190 1000 quinquagesimo
2221 922 2429 999 sexto,
2471 935 2643 984 nono
2695 915 3017 984 kalendas

762 1022 1031 1111 Aprilis,
1063 1022 1272 1107 Regni
1312 1028 1533 1090 autem
1562 1021 1769 1091 nostri
1801 1042 1973 1091 anno
2009 1021 2318 1090 vicesimo
2351 1025 2583 1109 primo.

765 1222 1040 1274 ‹Eredetie
1064 1217 1410 1287 bb'rhartyan,
1456 1220 1678 1285 melyrb'l
1705 1237 1740 1272 a
1764 1218 2110 1273 haromszinii
2133 1220 2601 1287 votos-fejer·zffld
2638 1222 3013 1288 selyemzsino·

925 1327 1022 1364 ron
1049 1311 1269 1378 fflggott
1291 1308 1477 1377 pecset
1503 1309 1780 1370 elveszett,
1817 1324 1853 1361 a
1876 1309 2043 1361 budai
2068 1311 2171 1363 kir.
2198 1310 2442 1362 kamarai
2468 1308 2848 1380 leveltirban.)

1813 2041 1975 2108 300.

766 2221 805 2285 Ι
822 2221 887 2285 V.
923 2221 1081 2287 Be'la
1111 2222 1445 2308 kircilynalc
1492 2220 1631 2306 δός]
1665 2220 2137 2308 Nyitrameqyei
2179 2224 2453 2289 bivwkra
2499 2224 2830 2289 vonatkozo'
2862 2225 3014 2290 ado·

1231 2329 1464 2415 mcinya
1493 2329 1707 2415 Aqari
1737 2329 1994 2395 Sdndor
2021 2332 2334 2398 szdmdra.
2365 2330 2559 2396 1256.

979 2522 1142 2590 Bela
1192 2522 1317 2589 Dei
1363 2523 1597 2608 gracia
1645 2522 2004 2610 Hungarie‚
2055 2525 2420 2611 Dalmacie‚
2461 2525 2754 2611 Croaeie,
2789 2530 3017 2615 Rame,

759 2632 1007 2717 Seruie,
1030 2632 1330 2720 Gallicie,
1364 2633 1765 2718 Lodomerie,
1787 2633 2230 2720 Cumanieque
2247 2636 2387 2703 Rex
2422 2636 2743 2706 vniuersis
2777 2635 3021 2706 Christi

764 2740 1067 2808 fidelibus
1115 2742 1531 2826 presentibus
1564 2747 1629 2808 et
1664 2741 1902 2810 futuris
1952 2762 2224 2828 presens
2269 2744 2580 2831 scriptum
2630 2746 3021 2832 inspecturis

765 2848 1050 2916 salutem
1081 2847 1150 2913 in
1171 2848 1455 2916 omnium
1476 2849 1825 2916 saluatore.
1860 2850 1962 2917 Ad
1988 2851 2436 2919 uniuersitatis
2472 2860 2688 2922 uestre
2708 2853 3020 2923 noticiam

766 2963 992 3024 tenore
1025 2956 1436 3041 presencium
1461 2956 1763 3024 uolumus
1791 2959 2158 3047 peruenire,
2191 2958 2367 3045 quod
2386 2961 2660 3029 ueniens
2690 2961 2778 3029 ad
2797 2970 3020 3032 nostre

765 3062 1152 3147 Magestatis
1185 3055 1592 3150 presenciam
1612 3065 1988 3134 Alexander
2016 3066 2191 3136 filius
2222 3070 2402 3138 Zoeh
2425 3070 2507 3137 de
2529 3070 2711 3155 Agar
2740 3069 3021 3140 dilectus

768 3179 835 3239 et
862 3172 1075 3240 fidelis
1107 3177 1346 3256 noster,
1398 3171 1811 3258 seruiciaque
1843 3194 1986 3258 sua,
2037 3194 2163 3258 que
2194 3176 2387 3244 nobis
2432 3175 2713 3245 diuersis
2760 3177 2925 3246 locis
2957 3183 3022 3246 et

766 3279 1189 3366 temporibus,
1241 3284 1308 3345 et
1335 3280 1713 3366 specialiter
1742 3281 1811 3348 in
1857 3281 2154 3367 partibus
2186 3283 2378 3350 Ultra
2408 3284 2735 3354 Drauanis
2766 3294 2835 3352 et
2860 3283 3020 3353 Gor-

764 3386 951 3454 uaeie
979 3392 1133 3473 post
1177 3388 1427 3456 exitum
1456 3388 1875 3457 Tartarorum
1906 3390 1991 3458 de
2021 3391 2250 3475 Regno
2280 3397 2522 3476 nostro,
2576 3392 2688 3458 ubi
2734 3392 3024 3478 plurima

767 3493 1072 3562 mortalia
1107 3496 1355 3562 wlnera
1391 3515 1507 3581 pro
1530 3495 1719 3566 nobis
1742 3496 2027 3583 pertulit,
2067 3518 2508 3567 rememorans
2542 3508 2607 3568 et
2624 3519 3020 3586 proponens,

766 3602 1097 3688 quandam
1126 3607 1370 3670 terram
1401 3611 1467 3670 et
1516 3604 1999 3690 possessionem
2050 3606 2441 3675 reciatorum
2489 3615 2852 3676 nostrorum
2881 3606 3022 3691 Sag

764 3716 1066 3778 uocatam
1098 3710 1167 3778 in
1199 3708 1521 3779 comitatu
1552 3711 1870 3782 Nitriensi
1922 3713 2306 3783 existentem
2339 3716 2743 3802 possessioni
2782 3734 2899 3783 sue
2931 3717 3021 3784 si-

765 3818 1007 3886 militer
1030 3819 1169 3904 Sag
1200 3824 1449 3904 vocate,
1471 3840 1587 3905 per
1619 3840 1737 3888 nos
1768 3820 1895 3889 sibi
1928 3822 2188 3907 collate,
2226 3823 2511 3890 uicinam
2543 3830 2609 3890 et
2640 3822 3021 3908 contiguam

762 3927 1257 3996 instantissimis
1301 3927 1854 4016 suplieacionibus
1885 3928 2012 3996 sibi
2041 3928 2184 3995 dari
2228 3930 2459 4016 petiuit
2488 3936 2552 3998 et
2583 3929 2830 3996 donari.
2878 3929 3022 3997 Nos

763 4035 961 4120 igitur
994 4037 1592 4124 supplicacionibus
1622 4037 1835 4124 ipsius
1858 4037 2219 4106 Alexandri
2246 4038 2701 4106 fauorabilitcr
2736 4058 3023 4110 annuen-

763 4150 863 4211 tes
893 4145 1257 4232 predictam
1305 4147 1787 4234 posscssionem
1827 4145 1984 4233 Sag,
2036 4167 2182 4214 cum
2215 4148 2516 4215 omnibus
2554 4150 2691 4216 suis
2721 4147 3022 4215 vtilitati-

761 4256 886 4323 bus
916 4261 984 4321 et
1011 4255 1432 4341 pertinenciis
1452 4255 1539 4322 ab
1570 4252 1823 4323 eisdem
1846 4254 2279 4324 reciatoribus
2311 4256 2704 4341 auferentes,
2742 4254 3022 4324 eisdem-

760 4382 889 4448 que
917 4384 1035 4450 pro
1067 4362 1218 4451 ipsa
1268 4364 1378 4432 ubi
1410 4363 1738 4432 noluerint
1769 4363 2048 4433 similem
2079 4364 2144 4431 in
2177 4366 2404 4449 Regno
2456 4370 2679 4433 nostro
2720 4363 2881 4431 dare
2912 4382 3023 4432 as-

760 4479 1220 4558 sumpmentes‚
1252 4471 1465 4542 eidem
1494 4472 1877 4541 Alexandro
1907 4472 2207 4542 dedimus
2239 4480 2305 4539 et
2336 4472 2745 4555 donauimus,
2793 4491 2874 4538 ac
2905 4493 3027 4558 per

759 4580 1114 4669 Symonem
1162 4580 1369 4650 filium
1403 4581 1592 4667 Vyda
1642 4581 1726 4651 de
1756 4583 2000 4652 Sancto
2031 4582 2336 4651 Johanne
2390 4580 2593 4650 statui
2627 4580 2898 4649 fecimus
2950 4582 3021 4649 in
