3359 5250
1767 297 1897 365 312

701 493 798 562 sui
851 493 1127 580 predicti
1178 500 1245 561 et
1292 513 1478 561 suam
1511 494 1835 582 sepefatis
1886 492 2038 580 filijs
2092 495 2411 563 Iwaehini
2464 496 2530 562 in
2581 505 2965 585 perpetuum

705 601 1006 671 donando
1061 602 1457 672 restituisset
1507 603 1700 689 pleno
1728 604 1901 689 jurc.
1961 604 2235 690 Insuper
2269 602 2694 673 donacionem
2745 607 2968 674 inclite

704 711 1187 780 recordacionis
1255 713 1462 798 patris
1517 712 1618 779 sui
1672 711 1954 798 predicti
2009 730 2124 797 per
2186 731 2370 780 suam
2423 715 2847 784 collacionem
2902 722 2969 782 et

704 819 1187 889 restitucionem
1237 820 1409 888 idem
1464 819 1764 891 dominus
1833 820 1997 888 Bela
2044 823 2183 888 Rex
2223 821 2471 889 eisdem
2522 822 2783 890 domino
2818 824 2967 890 Phi·

704 929 842 1016 lipo
874 928 1200 1014 Episcopo
1253 935 1316 995 et
1349 929 1597 997 Thome
1633 929 1871 996 Comiti
1902 929 2257 996 earundem
2293 929 2655 998 litterarum
2704 950 2969 998 suarum

703 1037 1066 1126 patrocinio
1119 1037 1187 1104 in
1235 1042 1619 1125 perpetuum
1675 1039 2027 1106 valituram
2088 1038 2464 1107 innouando
2527 1041 2973 1108 confirmasset

706 1147 831 1215 stb.
866 1146 989 1214 stb.

920 1254 1163 1324 Datum
1184 1254 1367 1323 Bude
1403 1255 1821 1340 sexagesima
1853 1274 2028 1323 nona
2062 1254 2168 1322 die
2211 1260 2590 1322 octauarum
2612 1256 2760 1322 festi
2781 1255 2973 1323 Beati

706 1361 1046 1430 Michaelis
1081 1363 1478 1448 Archangeli
1528 1384 1701 1432 anno
1742 1360 2005 1433 Domini
2057 1361 2408 1430 millesimo
2462 1362 2969 1448 quadringente-

707 1467 870 1537 simo
904 1472 1298 1556 octogesimo
1352 1478 1555 1541 sexto.

1696 1582 1893 1649 Lecta
1930 1588 1995 1648 et
2025 1586 2402 1667 presentata
2432 1598 2551 1666 per
2580 1579 2971 1666 Magistrum

2044 1689 2148 1758 Jo.
2182 1689 2266 1757 de
2296 1690 2624 1756 Thwrocz.

997 1888 1272 1954 (Eredetie
1299 1884 1626 1956 bo'rhartyan
1654 1905 1687 1941 a
1720 1890 1884 1943 budai
1910 1890 2013 1944 kir-
2038 1892 2279 1943 kamarai
2309 1883 2687 1955 leveltfirban.)

1773 2680 1922 2751 217.

728 2865 1009 2934 Vanchai
1056 2865 1272 2932 Ιεύυάη
1318 2867 1678 2951 eezterqami
1729 2864 1894 2930 e‘rsek
1924 2866 2213 2952 bizonyos
2243 2864 2680 2951 jekob'seyelcet,
2742 2864 2975 2950 melyek

717 2970 977 3060 Gyc’rqy
1009 2972 1468 3059 naqyszombati
1497 2970 1667 3037 lakes
1695 2975 1853 3037 utcin
1884 2970 2019 3036 nelei
2038 2970 2164 3036 oda
2182 2970 2475 3055 ite'ltettek,
2505 2994 2579 3036 az
2610 2974 2978 3057 eszteryami

1262 3077 1686 3164 lca'ptalannak
1716 3079 2199 3163 adomdnyozna.
2230 3077 2423 3143 1250.

927 3278 1294 3364 Stephanus
1328 3277 1449 3343 Dei
1481 3275 1710 3362 gracia
1740 3277 2203 3364 Strigoniensis
2232 3278 2795 3366 Archiepiscopus
2844 3296 2973 3342 om—

714 3386 908 3452 nibus
956 3390 1295 3471 presentes
1344 3383 1596 3451 litteras
1631 3385 2015 3469 inspecturis
2083 3385 2361 3454 salutem
2394 3386 2461 3453 in
2511 3387 2744 3454 salutis
2781 3386 2977 3470 largi-

716 3502 874 3562 tore.
924 3491 1027 3559 Ad
1074 3492 1525 3561 vniuersorum
1581 3493 1892 3562 noticiam
1944 3499 2168 3562 tenore
2219 3495 2625 3580 presencium
2677 3495 2977 3562 uolumus

716 3602 1080 3691 peruenire,
1134 3600 1308 3686 quod
1363 3620 1507 3667 cum
1562 3599 1885 3689 Georgius
1938 3603 2019 3670 de
2074 3604 2299 3690 Tyrna
2354 3604 2420 3670 in
2471 3602 2713 3671 iudicio
2765 3602 2975 3670 villici

720 3718 1206 3797 ceterorumque
1253 3709 1547 3796 Judicum
1595 3710 1678 3778 de
1730 3710 1962 3780 eadem
1991 3713 2213 3797 Tyma
2264 3711 2452 3781 nobis
2503 3714 2569 3779 in
2604 3710 2877 3796 triginta
2910 3717 2977 3776 et

719 3840 839 3887 sex
887 3816 1128 3886 marcis
1162 3818 1417 3901 argenti
1469 3816 1722 3884 debitor
1754 3819 2196 3904 remansisset,
2252 3826 2317 3886 et
2349 3819 2641 3905 pluribus
2691 3816 2819 3885 sibi
2854 3825 2976 3885 ter-

719 3927 909 3997 minis
962 3924 1048 3992 ad
1100 3923 1498 3993 solucionem
1553 3925 1935 4010 assignatis,
1996 3946 2127 3994 non
2178 3928 2484 4011 haberet,
2536 3924 2710 3994 unde
2759 3925 2981 4011 ipsam

720 4055 1038 4104 summam
1095 4032 1365 4120 pecunie
1398 4035 1820 4120 persoluerct‚
1877 4040 1941 4101 ct
1970 4034 2128 4103 dicti
2158 4034 2417 4102 villicus
2469 4042 2532 4102 et
2556 4036 2819 4120 judices
2870 4055 2981 4101 cu-

719 4146 909 4231 riam,
945 4143 1191 4230 domos,
1226 4163 1426 4229 agros
1449 4150 1513 4212 et
1548 4143 1715 4211 alias
1749 4143 2218 4230 possessiones,
2254 4165 2416 4229 quas
2452 4143 2624 4211 idem
2647 4144 2979 4229 Georgius

720 4254 950 4326 habuit
981 4251 1045 4318 in
1069 4254 1314 4338 Tyrna‚
1351 4272 1469 4339 pro
1504 4250 1834 4320 antedicto
1870 4249 2088 4319 debito
2123 4253 2311 4321 nobis
2348 4253 2813 4340 instituissent3
2853 4271 2981 4320 nos

724 4363 989 4434 easdem
1014 4362 1277 4444 curiam,
1315 4360 1560 4443 domos,
1587 4379 1785 4445 agros
1820 4365 1884 4427 et
1904 4357 2073 4428 alias
2095 4362 2545 4448 possessiones
2586 4361 2778 4447 pleno
2811 4361 2978 4446 iure,

723 4474 889 4542 sicut
919 4469 1111 4540 nobis
1164 4470 1421 4537 fuerant
1453 4467 1768 4552 institute,
1804 4467 2041 4536 Diuine
2074 4469 2306 4536 intuitu
2340 4470 2624 4556 pietatis,
2664 4477 2729 4537 et
2761 4470 2845 4538 ob
2884 4490 2981 4537 rc-

719 4580 1002 4650 medium
1054 4579 1270 4645 anime
1322 4575 1530 4663 patris
1581 4576 1730 4660 mei,
1789 4574 1901 4659 qui
1953 4576 2021 4643 in
2072 4578 2350 4644 ecclesie
2398 4577 2585 4646 Beati
2627 4575 2973 4645 Adalberti
