3359 5250
1490 408 1535 474 5

381 621 514 687 eos,
549 602 663 690 qui
693 603 865 672 infra
895 612 1152 692 tempus
1190 609 1597 694 probationis
1628 613 1937 679 Fratrum
1977 613 2296 683 Minornm
2331 618 2646 689 Ordinem

380 712 858 800 derelinquunt,
909 714 1066 782 licet
1096 714 1432 786 evidenter
1479 726 1827 805 appareat,
1885 719 2060 806 quod
2108 723 2408 793 absolate
2439 727 2644 797 vitam

377 831 632 889 mutare
663 821 1008 909 voluerint,
1059 825 1501 893 renunciando
1531 827 1795 913 penitus
1843 828 2091 895 saeculi
2119 832 2436 921 vanitati3
2485 838 2642 906 viva

375 933 481 999 vel
531 932 795 1000 funesta
844 930 1064 1018 potius
1096 952 1259 1001 voce
1290 934 1686 1019 pronuncias
1706 985 1725 1019 ‚
1774 955 1974 1021 posse
2022 935 2229 1005 libere
2279 941 2367 1008 ad
2399 949 2640 1014 statum

377 1039 591 1107 redire
621 1039 986 1125 pristinum,
1022 1058 1146 1105 nec
1175 1048 1445 1127 propter
1474 1040 1620 1125 hoc,
1654 1040 1724 1108 in
1756 1044 2201 1112 contrahendo
2219 1050 2636 1121 matrimonio

375 1149 687 1234 ipsorum,
721 1147 933 1213 redire
953 1146 1220 1232 aliquod
1253 1146 1787 1235 impedimentum
1816 1175 1832 1236 ;
1868 1151 2058 1235 quasi
2078 1153 2380 1221 voluntas
2411 1155 2478 1223 in
2509 1159 2637 1226 hac

373 1262 562 1343 parte
591 1254 711 1322 tibi
743 1275 863 1344 pro
896 1255 1036 1322 iure
1067 1254 1370 1342 sufficiat,
1406 1263 1472 1323 et
1503 1256 1698 1325 timor
1728 1265 1885 1325 tuac
1915 1261 2357 1331 conscientiae
2374 1264 2459 1331 de
2490 1286 2635 1353 pro-

376 1385 562 1433 cessu
582 1370 813 1433 contra
832 1364 1205 1433 sanctiones
1224 1365 1576 1434 canonicas
1604 1386 1738 1435 non
1758 1367 2109 1438 incumbat.
2149 1371 2438 1452 Quarum
2455 1372 2635 1460 igno-

373 1475 658 1541 tantiam
686 1474 795 1541 vel
843 1479 1284 1561 contemptum
1335 1493 1418 1541 ex
1448 1475 1574 1544 boc
1620 1476 1965 1544 manifeste
2009 1479 2407 1567 praetendis,
2456 1483 2636 1567 quod

373 1583 740 1668 quemdam,
775 1582 887 1668 qui
914 1583 1278 1669 praemisso
1312 1582 1504 1652 modo
1536 1584 1833 1651 habitum
1864 1584 2238 1673 reliquerat,
2273 1590 2634 1658 reclaman-

370 1692 545 1760 tibus
578 1691 771 1759 dictis
802 1689 1136 1772 fratribus,
1168 1690 1497 1759 concessis
1528 1691 1657 1759 sibi
1691 1692 1898 1759 sacris
1932 1693 2291 1780 ordinibus,
2323 1697 2392 1764 in
2424 1694 2633 1766 Cano·

370 1804 587 1869 nicum
638 1807 705 1867 ct
733 1799 998 1868 tandem
1045 1799 1114 1867 in
1155 1799 1603 1867 Primicerium
1654 1802 2083 1888 promovisti3
2137 1802 2331 1870 alteri
2381 1803 2494 1890 qui
2543 1803 2632 1872 ad

371 1909 663 1978 eiusdem
698 1908 962 1976 Ordinis
1007 1907 1305 1975 habitum
1338 1915 1752 1995 processerat
1770 1910 2252 1991 assumendum,
2286 1912 2626 1981 suadendo

367 2018 602 2086 litteris
623 2023 689 2084 et
718 2014 1286 2104 promissionibus,
1321 2014 1496 2102 quod
1519 2016 1764 2083 rediret
1782 2016 1871 2083 ad
1900 2019 2260 2101 saeculum,
2292 2021 2475 2087 cuius
2510 2041 2627 2107 per

366 2144 717 2214 processus
767 2122 1137 2191 huiusmodi
1167 2129 1235 2190 te
1284 2130 1647 2191 amatorem
1678 2123 1897 2191 innuis
1927 2145 2058 2193 non
2088 2126 2455 2195 remissum.
2506 2128 2629 2195 Ve-

369 2254 508 2300 rum
545 2254 695 2301 cum
726 2254 810 2299 ex
840 2231 1245 2319 praemissis,
1274 2232 1333 2299 si
1365 2232 1642 2299 veritate
1671 2232 1983 2318 nituntur,
2031 2233 2150 2302 tibi
2182 2244 2250 2304 et
2278 2235 2624 2304 multitudo

366 2343 625 2412 ruboris
673 2340 1066 2424 incumbere,
1123 2345 1191 2405 et
1238 2338 1512 2424 grandis
1565 2339 1803 2406 debeat
1852 2341 2131 2408 materia
2180 2342 2627 2427 poenitudinis

370 2452 745 2534 imminere3
797 2446 1082 2516 maxime
1113 2465 1259 2513 cum
1289 2466 1412 2513 nos
1459 2445 1587 2532 ipsi
1618 2466 1741 2533 pro
1771 2447 2166 2515 verecundia
2194 2458 2624 2536 reportemus,

366 2568 617 2629 tantum
652 2556 1007 2626 membrum
1041 2553 1379 2622 Ecclesiae
1410 2572 1795 2620 excessuum
1826 2556 2313 2642 perpetratione
2350 2563 2485 2625 tam
2517 2577 2624 2625 va-

366 2672 483 2755 ria,
517 2670 661 2736 Deo
694 2671 760 2732 et
790 2663 1158 2732 hominibus
1190 2660 1575 2747 displicere;
1609 2660 2003 2730 fraternitati
2032 2669 2184 2730 tuae
2216 2683 2334 2752 per
2349 2666 2625 2752 Aposto⁴

366 2779 494 2845 lica
525 2775 779 2863 scripta
811 2772 1103 2841 districte
1133 2769 1594 2857 praecipiendo
1635 2771 2044 2856 mandamus,
2077 2779 2418 2858 quatenus,
2450 2793 2621 2859 quae

366 2905 565 2973 supra
592 2881 977 2973 praemissis
1026 2877 1392 2965 improvide
1427 2883 1860 2964 attemptasse
1890 2879 2274 2965 dinosceris,
2311 2881 2621 2969 prompti-

365 2995 591 3062 tudine
619 2989 925 3077 diligenti
973 2986 1325 3055 cmendare
1356 2984 1694 3069 sollicitus,
1723 3006 1768 3053 a
1799 2986 2118 3053 dictarum
2161 2988 2521 3075 mulierum,
2554 2996 2620 3056 et

365 3103 635 3171 fratrum
668 3099 983 3169 Ordinum
1001 3094 1511 3180 Praedictorum,
1550 3100 1617 3160 ct
1648 3093 1927 3163 aliorum
1959 3096 2264 3178 omnium,
2298 3098 2412 3181 qui
2445 3115 2518 3164 se
2547 3097 2616 3163 in

363 3211 658 3300 partibus
690 3203 1088 3294 supradictis
1108 3220 1339 3270 sacrae
1370 3201 1707 3287 religionis
1727 3200 2184 3268 observantiae
2209 3201 2619 3289 dedicarunt,

366 3317 820 3388 molestatione
849 3311 1192 3394 desistens,
1225 3316 1342 3376 aut
1371 3308 1627 3394 aliquos
1658 3328 1703 3374 a
1734 3310 1973 3376 semita
2005 3309 2459 3380 mandatorum
2490 3312 2619 3379 Dei

366 3449 489 3497 non
519 3431 847 3507 avertens,
899 3421 1097 3489 talem
1128 3427 1197 3487 te
1229 3415 1466 3486 amodo
1517 3437 1716 3504 super
1744 3417 1849 3501 iis,
1900 3435 2072 3502 quae
2100 3417 2482 3487 Pontificale
2511 3418 2619 3486 de·

359 3538 569 3626 poscit
598 3532 910 3614 officium,
960 3529 1163 3598 verbo
1195 3526 1510 3595 exhibeas
1541 3532 1610 3593 et
1639 3525 1964 3613 exemplo,
2004 3525 2180 3609 quod
2207 3525 2440 3594 fratres
2471 3546 2615 3596 eos·

362 3647 529 3732 dem,
578 3649 647 3712 et
694 3639 1041 3725 religiosos
1091 3637 1259 3705 alios
1308 3633 1408 3703 tui
1455 3633 1735 3701 nominis
1788 3632 2144 3701 constitues
2193 3633 2612 3722 laudatores,

362 3761 427 3823 et
453 3750 674 3820 Patris
700 3747 970 3816 Aeterni
1001 3745 1258 3828 Filium,
1309 3762 1503 3829 quem
1532 3742 1601 3808 in
1630 3739 1951 3828 praefatis
1996 3740 2371 3808 excessibus
2403 3740 2616 3828 gravi·

360 3870 459 3930 ter
506 3857 861 3931 offendisse
910 3852 1273 3923 dinosceris
1296 3902 1315 3937 ,
1366 3852 1490 3921 tibi
1537 3851 1890 3939 propitium
1941 3849 2212 3917 reddere
2259 3850 2612 3917 merearis:

360 3968 652 4055 alioquin
686 3966 920 4034 damus
950 3960 1314 4031 venerabili
1344 3959 1535 4028 fratri
1567 3967 1788 4029 nostro
1820 4007 1838 4024 .
1872 4008 1889 4025 .
1924 4008 1940 4025 .
1954 3956 2508 4043 'Arcbicpiscopo,
2548 3963 2615 4026 et

358 4081 596 4149 dilecto
644 4074 782 4143 filio
823 4124 839 4141 .
876 4121 893 4139 .
929 4123 946 4139 .
998 4067 1503 4144 Archidiacono
1532 4066 1914 4153 Spalatensi
1965 4066 2206 4135 nostris
2254 4064 2492 4133 litteris
2541 4065 2610 4134 in

355 4183 708 4268 mandatis,
757 4190 833 4250 ut
859 4188 928 4249 te
960 4180 1049 4248 ab
1095 4176 1470 4245 huiusmodi
1519 4173 2181 4262 praesumptionibus,
2227 4172 2615 4241 auctoritate

353 4303 579 4366 nostra
598 4346 617 4382 ,
664 4287 1116 4380 appellatione
1145 4291 1398 4354 remota
1437 4290 1873 4372 compescant.
1923 4284 2167 4350 Datum
2195 4280 2492 4367 Viterbii,
2523 4280 2610 4348 X.

357 4401 668 4474 calendas
697 4396 1083 4467 Decembris
1103 4447 1123 4484 ,
1155 4391 1584 4463 Pontificatus
1629 4392 1838 4460 nostri
1885 4410 2058 4459 anno
2089 4409 2261 4459 nono
2281 4440 2301 4475 ,
2351 4386 2612 4477 (1235.)

876 4594 1124 4660 (Par-lati,
1149 4591 1428 4659 Illyricum
1451 4589 1677 4642 Sacrum
1702 4590 1767 4642 V.
1795 4590 1907 4643 kat.
1938 4589 2023 4640 ⁵13.
2048 4586 2110 4655 1.)
