3359 5250
1374 440 1416 446 ..-
1437 435 1680 443 --ψ.---

412 545 648 613 eadem
680 546 974 613 Ecclesia
1007 565 1124 632 per
1157 543 1360 630 ipsius
1391 538 1774 607 iudustriam
1828 545 2092 604 auctore
2122 539 2263 604 Deo
2310 533 2657 621 augebitur

405 657 477 723 in
509 656 817 742 utrisque.
849 654 1171 735 Quocirca
1191 648 1621 719 Universitati
1641 653 1855 714 vestre
1875 666 1992 733 per
2011 644 2390 732 Apostolica
2415 642 2657 728 scripta

408 763 837 851 mandamus,
890 768 1208 849 quatenus
1257 760 1468 846 ipsum
1516 763 1851 842 tamquam
1898 761 2151 842 patrem
2204 760 2268 820 et
2329 757 2657 840 pastorem

405 873 775 941 animarum
795 879 1180 955 vestrarum,
1214 870 1407 936 immo
1427 866 1640 955 potius
1660 886 1780 934 nos
1811 866 1881 932 in
1914 884 1990 931 eo
2024 863 2307 949 benigne
2343 860 2655 948 recipien-

407 989 510 1052 tes
541 989 608 1050 et
636 982 984 1049 honorifice
1016 983 1508 1067 pertractantes,
1544 972 1935 1062 impendatis
1961 973 2023 1040 ei
2060 971 2489 1040 reverentiam
2520 974 2656 1035 tam

406 1091 701 1158 debitam
735 1109 929 1175 quam
961 1088 1284 1172 devotam,
1339 1086 1477 1154 eius
1511 1082 1836 1151 mandatis
1888 1088 1953 1149 et
1982 1079 2244 1150 monitis
2284 1076 2656 1147 salubribus

408 1197 805 1267 intendendo
854 1196 1185 1265 humiliter
1214 1201 1281 1263 et
1332 1196 1603 1279 devote;
1655 1192 1944 1278 alioquin
1996 1188 2407 1271 sententiam,
2461 1205 2657 1272 quam

407 1309 632 1376 tulerit
683 1307 748 1373 in
803 1305 1081 1373 rebelles
1103 1354 1119 1386 ‚
1172 1309 1380 1370 ratam
1428 1300 1856 1380 habebimus,
1910 1307 1975 1367 et
2023 1297 2340 1366 faciemus
2391 1302 2656 1364 auctore

415 1416 696 1483 Domino
746 1412 1217 1482 inviolabiliter
1267 1409 1622 1480 observari.
1654 1411 1896 1477 Datum
1930 1405 2230 1492 Anagnie
2261 1405 2413 1473 1111.
2448 1421 2656 1471 nouas

411 1524 570 1593 Julii
601 1524 1026 1592 Pontificatus
1055 1520 1261 1590 nostri
1292 1541 1462 1587 anno
1502 1519 1733 1606 primo.

504 1706 777 1772 (Theiner,
805 1708 1004 1761 Vetera
1029 1708 1376 1759 Monumenta
1399 1705 1680 1757 Slavorum
1706 1699 2139 1754 Meridionalium
2169 1700 2209 1750 1.
2239 1698 2353 1751 ket.
2381 1697 2467 1748 85.
2496 1697 2553 1762 l.)

1452 2372 1604 2439 280.

412 2537 456 2601 Ι
467 2536 533 2600 V.
570 2536 824 2600 Scindor
850 2536 1026 2620 pdpa
1059 2558 1098 2598 α
1130 2535 1589 2600 damidnrendti
1622 2537 1903 2622 apdczdlc
1924 2538 2391 2623 nayyszombati
2424 2535 2652 2602 zeirdci-

610 2646 714 2728 jdt
747 2645 790 2708 I
799 2644 866 2710 V.
901 2645 1060 2709 Be'la
1090 2645 1420 2731 kircilynak
1443 2647 1899 2733 pa'rtfoqudba
1930 2648 2190 2733 ajdnlya.
2242 2646 2433 2712 1255.

625 2804 996 2873 Alexander
1031 2804 1391 2892 Episcopus
1441 2827 1666 2875 seruus
1700 2828 2032 2877 seruorum
2063 2808 2187 2875 Dei
2229 2808 2464 2875 dilecto
2515 2806 2648 2874 filio

411 2966 425 2980 .
466 2967 480 2981 .
518 2970 532 2984 .
569 2913 815 2982 Illustri
846 2914 1012 2998 Regi
1046 2915 1333 3000 Vngarie
1365 2916 1640 2984 salutem
1672 2923 1738 2983 et
1767 2916 2213 3004 Apostolicam
2260 2915 2650 2984 benedictio·

409 3045 580 3093 nem.
614 3022 868 3090 Poteris
900 3022 1063 3108 Regi
1094 3026 1361 3108 Regum,
1414 3023 1478 3089 in
1514 3023 1699 3091 cuius
1733 3044 1926 3090 manu
1957 3029 2109 3091 sunt
2156 3023 2440 3090 omnium
2480 3031 2651 3111 pote-

407 3139 613 3200 states
647 3136 712 3198 et
744 3129 964 3197 omnia
993 3131 1139 3198 iura
1158 3133 1545 3219 Regnorum,
1579 3133 1645 3198 in
1679 3131 1807 3198 tuis
1827 3130 2194 3200 actionibus
2220 3133 2649 3219 complacere,

408 3242 467 3308 si
500 3238 739 3324 diligas
788 3240 903 3327 pia
933 3239 1098 3322 loca,
1151 3246 1215 3306 et
1244 3258 1558 3325 personas
1589 3242 1865 3309 honores
1895 3241 1963 3308 in
1998 3240 2092 3307 eis
2124 3241 2401 3310 Domino
2450 3239 2651 3309 famu-

406 3351 639 3416 lantes.
674 3348 837 3416 Inde
870 3357 986 3433 est,
1023 3346 1194 3434 quod
1225 3347 1655 3417 Serenitatem
1694 3348 1902 3415 Tuam
1933 3368 2264 3435 rogamus,
2317 3368 2651 3419 monemus

405 3457 741 3542 attentiuS,
777 3464 841 3524 et
858 3457 1213 3544 hortamur,
1246 3458 1549 3541 quatinus
1571 3460 1846 3526 dilectas
1871 3458 1936 3525 in
1960 3456 2217 3528 christo
2247 3458 2416 3526 filias
2437 3461 2651 3527 Abba·

406 3566 636 3633 tissam
670 3572 735 3633 et
757 3566 1152 3632 Conuentum
1186 3586 1542 3653 pauperum
1575 3588 1868 3637 sororum
1900 3569 2298 3637 inclusarum
2327 3568 2396 3635 in
2428 3569 2652 3654 Tyrna

411 3672 675 3741 Ordinis
705 3673 929 3741 Sancti
980 3674 1287 3741 Damiani
1320 3674 1784 3762 Strigoniensis
1815 3677 2119 3745 Diocesis
2148 3678 2401 3745 habens
2432 3679 2517 3745 ob
2549 3695 2648 3743 re-

405 3783 774 3850 uerenciam
794 3783 979 3849 Beati
998 3784 1177 3850 Petri
1207 3794 1272 3852 et
1292 3793 1582 3853 nostram
1609 3788 1997 3873 propensius
2018 3786 2527 3870 commendatas,
2553 3784 2651 3852 eis

406 3894 475 3958 in
506 3892 646 3959 suis
672 3892 1177 3960 necessitatibus
1230 3891 1466 3961 adesse
1497 3893 1764 3962 studeas
1813 3896 2079 3984 pietatis
2122 3895 2357 3963 intuitu
2405 3892 2651 3982 pariter

408 4007 476 4066 et
508 3998 857 4086 prodesse;
910 4020 1134 4087 preces
1166 4008 1428 4070 nostras
1478 4002 1696 4070 taliter
1735 4002 2160 4089 admissurus,
2211 4003 2383 4088 quod
2421 4001 2649 4070 eedem

406 4129 524 4176 eas
573 4111 750 4197 apud
798 4110 1276 4178 Excellentiam
1324 4113 1534 4179 Tuam
1583 4113 1950 4181 fructuosas
2001 4112 2130 4180 sibi
2189 4112 2473 4182 sentiant
2530 4130 2650 4198 per

405 4214 725 4302 effectum,
781 4224 847 4282 et
875 4237 996 4285 nos
1025 4217 1573 4302 Magnificentiam
1605 4219 1814 4286 Tuam
1866 4219 2192 4307 possimus
2223 4227 2483 4308 propter
2524 4222 2648 4288 hoc

401 4344 534 4392 non
586 4323 905 4393 immerito
956 4325 1428 4394 commendare.
1480 4329 1723 4395 Datum
1773 4328 2073 4414 Anagnie
2122 4329 2241 4396 111.
2292 4330 2446 4398 Idus
2487 4331 2644 4416 Julij

406 4432 827 4500 Pontificatus
858 4433 1062 4501 nostri
1093 4454 1262 4502 anno
1295 4435 1521 4521 primo.

403 4597 678 4665 (Eredetie
713 4596 1057 4667 b6rhartyan,
1096 4602 1319 4667 melyrlss
1345 4617 1378 4652 a
1402 4598 1654 4669 papanak
1679 4601 2063 4670 olompecsetje
2100 4602 2251 4670 sugg,
2290 4618 2323 4654 a
2347 4601 2514 4655 budai
2540 4601 2643 4656 kir.

1207 4695 1449 4776 kamarai
1468 4690 1844 4763 leveltarban.)
