3359 5250
1449 325 1580 404 303

372 521 553 597 Petri
587 522 851 598 filiabus
874 528 1169 599 eiusdem
1189 531 1652 600 concessimus.
1687 532 1876 599 Anno
1898 531 2120 618 gracie
2137 528 2484 598 millesimo
2506 527 2637 596 00⁰

369 635 519 702 XL⁰
537 654 731 722 nono,
765 636 1044 745 septimo
1069 634 1227 705 Idus
1248 637 1676 725 Septembris,
1707 637 2028 723 Magistro
2050 635 2307 705 Achille
2333 673 2409 685 -
2442 673 2516 685 —
2552 675 2626 686 -

441 829 561 904 (IV.
585 831 723 886 Bela
744 828 1039 901 kirssynak
1056 832 1384 902 megerdsitd
1406 831 1789 904 okmfinydbol,
1815 837 1951 889 mint
1974 834 2197 890 fentebb
2216 836 2342 890 203.
2370 851 2443 888 ετ..
2480 835 2554 904 a.)

1420 1630 1580 1701 209.

361 1833 590 1920 Artolf
608 1835 797 1922 qydm'
807 1830 1053 1921 piispo'k
1070 1856 1112 1896 α
1126 1830 1273 1915 jalen·
1299 1830 1559 1895 konvcnt
1585 1836 1647 1896 ἐς
1677 1830 1889 1896 annale
1911 1829 2213 1919 keqyurai
2227 1832 2392 1900 k5zti
2420 1858 2625 1923 ερρω-

1098 1941 1260 2027 se'qd
1283 1940 1648 2025 meqcrdm'ti.
1682 1936 1878 2004 1249.

600 2153 943 2223 Artholfus
990 2151 1115 2220 Dei
1167 2152 1397 2238 gracia
1443 2153 1813 2241 Episcopus
1863 2152 2245 2223 Geuriensis
2294 2158 2617 2228 vniuersis

359 2263 606 2331 Christi
638 2263 965 2348 fidelibus,
1015 2269 1354 2350 presentes
1384 2261 1641 2330 litteras
1660 2262 2063 2349 >inspecturis
2097 2265 2378 2333 salutem
2408 2304 2497 2317 —
2527 2305 2617 2318 --

357 2406 2008 2423 ——————————————
2046 2379 2261 2441 vestre
2310 2374 2617 2443 noticiam

354 2490 582 2548 tenore
610 2480 1023 2567 presencium
1052 2481 1351 2547 uolumus
1384 2479 1743 2566 peruenire,
1792 2479 1965 2564 quod
2020 2499 2165 2547 cum
2194 2481 2366 2549 inter
2397 2482 2616 2550 Abba-

353 2596 492 2658 tem
525 2596 591 2658 et
623 2588 1029 2659 conuentum
1058 2588 1444 2674 Monasterij
1479 2586 1562 2656 de
1594 2588 1773 2657 Jaak
1806 2608 1888 2656 ex
1919 2608 2053 2656 una
2072 2596 2258 2676 parte
2289 2628 2376 2640 --
2411 2630 2490 2642 -
2526 2630 2617 2642 --

356 2733 1051 2748 ——————
1079 2697 1460 2781 Monasterij
1516 2697 1598 2764 de
1628 2696 1807 2762 Jaak
1858 2696 2043 2763 iuxta
2073 2697 2328 2765 Rabam
2380 2719 2458 2766 ac
2503 2721 2617 2786 pa-

354 2805 612 2893 tro(nos
648 2805 806 2873 dicti
837 2801 1253 2893 Monasterij)
1287 2804 1537 2871 scilicet
1568 2803 1975 2871 Tristianum
2027 2811 2093 2871 et
2124 2814 2438 2890 cognatos
2472 2808 2613 2875 eius

354 2934 438 2981 ex
486 2914 699 2982 altera
747 2922 925 2981 mota
960 2913 1195 2981 fuisset
1242 2911 1507 2997 quescio
1565 2948 2613 2966 —————————

351 3060 443 3072 -
472 3059 562 3071 —-
598 3058 688 3070 —
716 3059 806 3070 —
837 3027 903 3089 et
951 3019 1326 3088 Conuentus
1374 3018 1753 3105 Monastcrij
1804 3020 1889 3088 de
1920 3055 2611 3073 ——————

350 3164 1638 3183 ———————————
1669 3128 2134 3197 Monasterium
2168 3131 2236 3196 in
2267 3130 2612 3214 magistra-

349 3238 525 3307 tibus
574 3238 898 3325 pertinere
943 3272 2608 3289 ——————————————

349 3382 918 3397 —————
966 3345 1518 3432 respondentibus
1562 3382 1652 3394 -
1684 3381 1772 3395 -
1801 3381 1891 3393 -—-
1923 3386 2013 3401 —
2049 3382 2127 3393 —
2173 3382 2251 3393 —
2281 3383 2371 3395 —
2401 3382 2492 3394 —
2524 3384 2603 3396 -

348 3491 439 3503 —-
474 3493 556 3504 —
587 3461 778 3522 uerat
807 3462 872 3522 et
903 3459 1212 3541 exempta
1240 3453 1513 3520 tandem
1531 3453 1891 3520 venerabili
1923 3488 2608 3503 ——————

344 3597 2604 3613 ——————————-————————

341 3672 646 3761 partibus
690 3671 940 3759 placuit
969 3690 1013 3737 a
1041 3669 1155 3737 lite
1205 3670 1511 3737 recedere
1537 3675 1604 3737 et
1636 3669 1726 3737 ad
1757 3669 2125 3737 huiusmodi
2163 3708 2240 3719 —
2274 3706 2364 3719 -
2394 3707 2483 3720 -
2515 3705 2604 3719 --

340 3811 1630 3829 ———————————
1649 3777 1956 3845 videlicet
1975 3777 2148 3865 quod
2169 3814 2255 3827 —
2287 3813 2377 3826 --
2406 3814 2496 3826 —-
2516 3818 2603 3829 —

337 3921 1381 3940 —————————
1414 3883 1727 3973 deinceps
1758 3884 1827 3951 in
1858 3891 2243 3972 perpetuum
2277 3886 2605 3972 pertinent

336 3996 718 4067 oblaciones
750 4029 2601 4046 ————————————————

333 4127 414 4175 es
443 4143 535 4154 —
565 4141 656 4155 ——-
687 4124 814 4190 que
859 4107 929 4170 in
961 4106 1130 4172 festo
1162 4104 1389 4172 Sancti
1421 4104 1765 4172 Michaelis
1794 4138 2601 4153 ———————

331 4251 430 4263 —
457 4251 549 4262 -
579 4249 671 4263 -·
698 4249 788 4262 —
816 4247 908 4261 --
938 4209 1211 4280 decimis
1261 4213 1371 4280 vel
1419 4212 1574 4297 alijs
1622 4213 1761 4279 suis
1812 4212 2126 4280 reditibus
2179 4211 2597 4297 intromittet;

330 4319 460 4390 sed
489 4354 1671 4371 ——————————
1704 4342 1822 4406 pro
1851 4327 2145 4408 tempore
2179 4319 2598 4404 ministrabit,

325 4439 592 4500 tenetur
620 4429 880 4498 soluere
933 4428 1274 4497 dimidiam
1304 4448 1595 4497 marcam
1623 4430 2042 4514 Monasteryo
2073 4425 2426 4513 antedicto,
2477 4448 2598 4495 nec

326 4539 699 4627 quidquam
748 4538 1051 4626 amplius,
1105 4540 1190 4605 ab
1224 4558 1302 4606 eo
1335 4537 1507 4608 idem
1540 4538 2008 4607 Monasterium
2031 4571 2596 4587 —————

325 4683 1586 4703 -----------
1617 4648 1744 4717 sibi
1774 4647 2015 4737 poterit
2048 4646 2403 4715 venditare.
2433 4647 2598 4713 Item
