3359 5250
1385 345 1516 410 209

1381 922 1532 992 137.

328 1093 449 1163 IV.
488 1098 643 1165 Be'la
672 1099 1004 1186 kirdlynak
1038 1103 1269 1169 Milnili
1297 1111 1452 1169 nez-22
1467 1103 1673 1189 fo'ldet
1705 1109 2007 1192 tciryyazo'
2037 1109 2398 1196 adomcinya
2433 1105 2589 1176 Ivcin

1023 1216 1084 1276 εἰς
1116 1212 1308 1299 Lyter
1337 1220 1651 1280 szcr'mdra.
1702 1214 1894 1280 1246.

548 1405 712 1473 Bela
743 1407 868 1474 Dei
920 1408 1145 1493 gracia
1191 1410 1549 1497 Hungarie,
1601 1413 1968 1498 Dalmacie,
2016 1413 2310 1502 Croucie,
2361 1420 2588 1503 Rame,

329 1511 579 1597 Seruie,
603 1513 906 1602 Gallicie‚
946 1515 1348 1604 Lodomerie,
1376 1518 1820 1603 Cumanieque
1840 1522 1981 1588 Rex
2001 1522 2320 1591 vniuersis
2347 1522 2590 1593 Christi

329 1618 637 1687 fidelibus
687 1629 822 1687 tam
857 1625 1270 1708 presentibus
1322 1646 1519 1709 quam
1567 1626 1803 1694 futuris
1852 1638 2221 1715 presentem
2269 1631 2587 1717 paginam

330 1726 722 1812 inspecturis
754 1730 1031 1799 salutem
1060 1731 1128 1798 in
1161 1735 1445 1801 omnium
1479 1736 1829 1804 saluatore.
1865 1738 2051 1805 Licet
2081 1739 2347 1824 Regalis
2381 1742 2584 1808 muni-

331 1834 603 1903 ficencie
635 1837 1007 1924 benignitas
1054 1840 1141 1908 ad
1174 1844 1500 1927 quoslibet
1533 1865 1728 1912 manu
1758 1845 2064 1931 largiflua
2098 1848 2345 1916 habere
2374 1869 2447 1917 se
2478 1849 2585 1919 de-

336 1945 529 2032 beat3
563 1948 714 2016 illos
745 1955 968 2017 tamen
997 1952 1320 2019 vberioris
1353 1963 1419 2020 et
1451 1954 1792 2040 amplioris
1826 1958 2053 2039 gracie
2084 1958 2393 2028 beneficio
2438 1979 2588 2026 con-

332 2053 559 2124 fouere
590 2063 845 2124 tenetur
864 2064 929 2124 ct
961 2060 1289 2145 amplecti,
1325 2081 1595 2145 quorum
1626 2061 1965 2130 fidelitatis
1986 2066 2432 2133 constanciam
2473 2085 2592 2151 per

334 2164 789 2251 experimenta
820 2166 1067 2251 didicit,
1102 2174 1168 2234 et
1197 2187 1444 2235 morum
1479 2170 1887 2238 honestatem
1917 2171 2184 2240 firmiter
2217 2173 2592 2261 comproba-

334 2282 494 2340 tam.
545 2272 653 2340 Ad
685 2273 1134 2345 vniuersorum
1186 2276 1387 2360 igitur
1425 2279 1733 2346 noticiam
1783 2280 2015 2347 harum
2070 2282 2240 2347 serie
2290 2283 2592 2350 uolumus

335 2381 707 2470 peruenire,
758 2385 933 2468 quod
964 2404 1109 2452 cum
1161 2385 1383 2474 dilecti
1432 2394 1498 2453 et
1526 2387 1756 2454 fideles
1803 2389 2006 2456 nostri
2035 2390 2353 2475 Magister
2378 2391 2589 2474 Iwan,

338 2498 405 2560 et
434 2493 642 2579 Lyter
670 2491 844 2559 filius
877 2494 1097 2580 Lyter,
1149 2514 1193 2559 a
1224 2494 1540 2580 primeuis
1586 2495 1875 2581 puericie
1924 2496 2212 2584 ipsorum
2264 2504 2328 2565 et
2374 2506 2594 2566 nostre

336 2601 742 2690 temporibus
790 2608 986 2687 grata
1020 2602 1230 2671 ‘nobis
1281 2602 1617 2672 fidelitatis
1670 2626 1872 2691 opera
1919 2606 2408 2694 inpendissent;
2462 2627 2593 2672 ma-

336 2711 514 2777 xime
547 2718 770 2778 tamen
802 2730 880 2778 eo
913 2717 1227 2797 tempore,
1261 2731 1388 2795 quo
1411 2711 1669 2779 Tartari
1701 2714 1997 2797 Regnum
2025 2721 2317 2782 nostrum
2349 2714 2594 2781 Diuina

337 2816 772 2905 permissione
821 2817 1060 2885 acerbe
1108 2817 1543 2905 flagellarunt,
1597 2818 1730 2905 ipsi
1760 2821 2125 2888 venerabili
2175 2819 2348 2908 patri
2387 2821 2589 2889 Bene·

339 2924 514 2993 dicto
547 2925 1059 3013 Archiepiscopo
1092 2924 1434 2994 Colocensi
1467 2933 1531 2992 et
1563 2927 1716 2992 aule
1748 2935 1970 2995 nostre
1994 2927 2401 2994 Cancellario
2440 2927 2591 2994 ade-

339 3043 587 3118 rentes,
619 3033 894 3102 honesta
914 3033 1251 3101 fidelitatis
1272 3053 1477 3120 opera
1500 3033 1650 3121 sibi,
1684 3039 1752 3099 et
1780 3034 1849 3101 iu
1883 3035 2023 3102 eius
2054 3055 2336 3120 persona
2355 3035 2597 3103 Nostre

339 3141 752 3226 celsitudini,
802 3149 939 3209 tum
970 3161 1203 3209 uersus
1236 3148 1459 3227 partes
1507 3141 1874 3208 maritimas
1906 3141 2118 3226 Regni
2150 3143 2359 3209 nostri
2396 3163 2594 3227 nego·

342 3251 425 3336 cij
458 3250 784 3335 qualitate
815 3249 1118 3334 exigente
1143 3250 1333 3318 nobis
1365 3248 1895 3335 procedentibus,
1935 3256 2071 3316 tum
2103 3248 2314 3316 eciam
2343 3250 2412 3316 in
2445 3250 2597 3335 alijs

340 3358 647 3444 partibus
693 3357 904 3443 Regni
934 3357 1143 3426 nostri
1172 3357 1360 3424 nobis
1391 3356 1962 3444 commorantibus,
2002 3357 2456 3444 inpenderunt,
2513 3358 2600 3427 ad

342 3466 660 3534 honorem
679 3467 974 3554 Regium,
1009 3486 1136 3548 que
1157 3466 1416 3533 fuerant
1445 3471 1829 3553 opportuna,
1862 3465 2137 3533 fideliter
2156 3465 2598 3553 adimplendo,

344 3575 515 3643 adeo
551 3573 727 3656 qnod
758 3579 821 3640 et
868 3593 1134 3640 numero
1169 3579 1234 3641 et
1265 3574 1493 3642 merito
1545 3574 1628 3640 de
1658 3573 2146 3659 obsequialibus
2183 3574 2390 3642 nostri
2438 3574 2599 3641 late-

343 3684 431 3749 ris
464 3686 622 3749 sunt
652 3701 779 3749 non
811 3680 1101 3749 indebite
1132 3682 1509 3768 computati.
1565 3682 1703 3749 Nos
1736 3690 1967 3769 autem,
2003 3682 2241 3766 quibus
2272 3702 2355 3748 ex
2389 3682 2604 3750 officio

345 3791 553 3877 Regie
606 3791 941 3874 dignitatis
970 3790 1304 3876 incumbit,
1357 3791 1574 3858 metiri
1606 3791 1846 3858 merita
1895 3790 2321 3875 singulorum,
2371 3796 2435 3858 et
2467 3789 2597 3855 sin·

347 3899 519 3983 gulis
558 3898 746 3965 iuxta
795 3898 1005 3966 meriti
1055 3899 1442 3985 qualitatem
1489 3899 1909 3985 respondere,
1963 3917 2107 3964 cum
2158 3897 2284 3984 ipsi
2345 3897 2604 3984 copiam

346 4013 520 4073 terre
568 4026 699 4072 non
744 4007 1085 4092 haberent,
1134 4013 1208 4073 ut
1259 4007 1563 4093 apciores
1613 4013 1883 4093 possent
1933 4005 1999 4071 in
2050 4012 2248 4072 antea
2302 4005 2603 4090 inueniri,

349 4114 789 4183 medietatem.
819 4124 992 4184 terre
1050 4116 1535 4203 speculatorum
1583 4123 1948 4183 nostrorum
2007 4114 2089 4181 de
2137 4114 2427 4199 Wolcou,
2481 4133 2608 4198 que

348 4222 579 4289 Mihali
613 4207 1002 4309 appellatur,
1036 4224 1135 4290 eis
1165 4223 1469 4291 duximus
1492 4231 1804 4310 perpetuo
1840 4222 2323 4307 conferendam,
2354 4230 2491 4288 tam
2522 4223 2608 4287 ab

344 4333 511 4418 ipsis
542 4349 739 4417 quam
769 4331 1059 4415 ipsorum
1092 4330 1439 4399 heredibus
1464 4330 1917 4414 heredumque
1954 4330 2438 4398 successoribus
2469 4328 2610 4396 iure

348 4445 664 4526 perpetuo
711 4438 1198 4525 possidendam.
1255 4439 1451 4506 Cuius
1484 4448 1659 4507 terre
1692 4444 1882 4525 mete,
1938 4438 2106 4504 sicut
2134 4456 2254 4523 per
2295 4437 2600 4504 dilectum

348 4558 410 4612 et
440 4545 700 4614 fidelem
750 4552 1039 4615 nostrum
1086 4546 1418 4614 Enardum
1469 4545 1788 4613 Comitem
1840 4545 1922 4613 de
1954 4543 2228 4614 Wolcou
2278 4543 2599 4611 intellexi·

348 4677 507 4742 mus,
559 4677 678 4743 per
710 4675 902 4740 quem
934 4653 1114 4739 ipsos
1149 4653 1212 4719 in
1249 4654 1728 4739 possessionem
1800 4653 2199 4739 corporalem
2244 4652 2412 4717 dicte
2445 4658 2615 4717 terre

433 4793 635 4829 norma.
672 4792 827 4827 nuno.
866 4791 1006 4827 nis-r.
1050 4801 1118 4810 —
1160 4792 1302 4825 nnn..
1338 4783 1408 4822 ¹2.
2214 4770 2290 4824 14
