3359 5250
1797 320 2020 417 --192
2079 410 2101 416 -

818 533 961 581 rum
990 504 1122 579 tam
1153 512 1587 601 presencium,
1637 534 1834 597 quam
1867 521 2272 602 posterorum
2302 519 2613 588 noticiam
2641 521 2874 604 harum
2902 518 3080 585 serie

815 622 1112 690 uolumus
1143 623 1504 710 peruenire,
1541 624 1717 709 quod
1738 644 1858 691 nos
1879 625 2366 697 considerantes
2388 629 2770 698 multimoda
2796 626 3082 696 seruicia

817 731 1041 800 dilecti
1064 823 1067 828 ,
1090 739 1156 800 et
1205 730 1418 800 fidelis
1468 731 1674 798 nostri
1727 730 1995 801 Comitis
2028 734 2243 824 Prinz,
2274 736 2396 823 filij
2428 739 2698 807 Comitis
2729 736 3077 824 Regnaldi,

815 858 942 924 que
973 862 1016 908 a
1044 840 1271 929 primis
1301 838 1596 928 puericie
1626 840 2031 928 temporibus
2069 850 2292 913 nostre
2331 846 2579 934 pariter
2612 853 2678 914 et
2707 866 2844 931 sue,
2879 843 3079 914 conti-

814 957 1020 1018 nuata
1038 947 1356 1017 fidelitate
1373 947 1562 1017 nobis
1582 949 1921 1037 impendit,
1953 955 2090 1019 tam
2109 951 2176 1018 in
2197 973 2468 1040 corpore
2487 954 2699 1040 Regni
2718 953 3076 1040 Hungarie,

819 1078 1014 1143 quam
1046 1056 1115 1124 iu
1147 1056 1448 1144 partibus
1479 1058 1734 1144 Ruscie,
1788 1059 2095 1143 quociens
2127 1058 2216 1127 ad
2246 1062 2603 1129 exercitum
2646 1063 2803 1131 illuc
2832 1081 2953 1130 nos
2983 1062 3082 1127 ire

815 1165 1199 1253 contigerat,
1257 1170 1322 1232 et
1370 1165 1439 1233 in
1488 1172 1666 1234 terra
1713 1165 1980 1253 Aszani,
2033 1187 2113 1235 ac
2163 1169 2372 1238 eciam
2405 1169 2472 1237 in
2505 1177 2679 1238 terra
2715 1168 3081 1241 Teutonica

814 1272 1222 1360 multociens,
1255 1292 1377 1341 nec
1407 1293 1537 1342 non
1558 1273 1738 1342 circa
1766 1281 1989 1362 partes
2022 1278 2386 1346 maritimas
2416 1279 2539 1345 sub
2569 1286 2792 1348 nostro
2821 1280 3069 1348 uexillo

816 1390 1075 1460 strenue
1104 1382 1478 1469 militand03
1530 1382 1599 1449 in
1631 1383 2011 1451 memoriam
2043 1389 2141 1451 tot
2169 1385 2590 1456 seruiciorum
2620 1386 2784 1472 eius,
2816 1407 2948 1454 non
2980 1395 3075 1455 ta-

817 1512 967 1560 men
1013 1491 1082 1558 in
1132 1492 1394 1577 plenam
1445 1493 2150 1581 recompensacionem,
2203 1514 2347 1562 cum
2380 1495 2521 1564 eius
2551 1496 2800 1564 meritis
2847 1516 3079 1584 propo-

817 1621 1052 1670 namus
1082 1602 1150 1668 in
1181 1599 1483 1687 pluribus
1516 1598 1934 1686 respondere,
1968 1608 2207 1669 terram
2240 1604 2568 1688 quandam
2597 1603 2861 1673 nomine
2881 1604 3072 1690 Bille‚

816 1717 1328 1781 commetaneam
1360 1716 1532 1777 terre
1561 1727 1679 1778 sue
1709 1709 1968 1778 nomine
1988 1711 2241 1797 Knysa,
2274 1732 2401 1797 que
2434 1712 2913 1782 habitatoribus
2931 1713 3077 1781 eius

813 1820 1254 1891 castrensibus
1307 1820 1392 1887 de
1440 1819 1655 1888 medio
1709 1818 1985 1888 sublatis
2037 1822 2226 1906 quasi
2275 1841 2488 1889 uacua
2526 1831 2952 1908 remanserat,
3004 1822 3074 1888 in

817 1929 1151 2000 Comitatu
1182 1926 1600 2014 Zaladiensi;
1653 1947 1852 2014 quam
1884 1934 2126 1996 terram
2158 1937 2381 1998 noster
2422 1930 2643 1999 inclite
2672 1929 3077 2000 recordacio-

814 2040 917 2109 nis
949 2045 1134 2128 pater
1163 2037 1463 2106 Andreas
1494 2038 1636 2104 Rex
1655 2036 1994 2121 Hungarie
2025 2037 2352 2123 gloriosus
2382 2039 2556 2127 patri
2590 2058 2711 2107 suo
2731 2038 3076 2124 Regnaldo

815 2148 1051 2217 Comiti
1101 2152 1477 2231 memorato,
1529 2143 1965 2214 consideratis
1999 2146 2140 2214 eius
2191 2152 2256 2213 et
2292 2147 2778 2233 progenitorum
2809 2167 3074 2216 suorum

816 2259 1069 2326 Corone
1108 2256 1314 2341 Regie
1365 2254 1686 2342 impensis
1732 2253 2054 2341 seruiciJs,
2087 2254 2416 2341 quondam
2448 2255 2658 2324 eciam
2689 2255 3075 2341 contulerat,

816 2387 934 2434 suo
965 2364 1307 2453 priuilegio
1340 2363 1816 2448 confirmatam,
1865 2363 1983 2430 sed
2014 2371 2306 2452 tempore
2343 2363 2796 2433 reuocacionis
2847 2383 3076 2451 perpe-

816 2476 1118 2544 tuitatum
1148 2473 1361 2540 fuerat
1399 2472 1630 2539 eadem
1663 2472 1935 2538 collacio
1976 2478 2348 2557 retractata,
2392 2493 2563 2541 nunc
2593 2473 2804 2540 eidem
2839 2474 3079 2541 Comiti

815 2586 1007 2654 Prinz
1039 2589 1104 2652 et
1134 2582 1271 2652 suis
1292 2579 1602 2667 legitimis
1635 2581 2123 2650 successoribus
2158 2581 2226 2649 in
2257 2588 2644 2671 perpetuum
2686 2582 3080 2652 contulimus

817 2697 1010 2784 pleno
1043 2694 1181 2761 iure
1213 2692 1333 2760 sub
1366 2690 1614 2758 eisdem
1649 2690 1940 2759 terminis
1965 2691 2107 2760 siue
2137 2693 2349 2778 metis,
2383 2694 2620 2776 quibus
2656 2712 2776 2780 per
2807 2691 3075 2776 inquisi-

815 2811 993 2873 tores
1012 2809 1078 2870 et
1097 2801 1376 2887 judices,
1412 2801 1578 2868 sicut
1600 2800 1664 2866 in
1688 2800 1839 2884 alijs
1861 2801 2312 2889 Comitatibus,
2346 2803 2442 2869 sic
2465 2803 2615 2870 etin
2637 2801 2806 2870 Zala
2825 2821 2869 2868 a
2887 2799 3077 2867 nobis

817 2910 1147 2997 quondam
1167 2909 1534 2996 deputatos,
1560 2908 1711 2994 ipsa
1731 2906 1962 2976 Castro
1982 2908 2199 2976 fuerat
2216 2910 2585 2976 emendata.
2617 2910 2694 2975 In
2720 2909 2906 2977 cuius
2924 2927 3074 2997 pos·

817 3022 1179 3090 sessionem
1209 3038 1327 3106 per
1358 3016 1666 3085 dilectum
1719 3023 1782 3084 et
1819 3015 2080 3084 fidelem
2111 3024 2404 3085 nostrum
2435 3016 2753 3086 Comitem
2783 3020 3076 3085 Marcum

816 3131 1021 3198 filium
1072 3130 1245 3196 Luce
1297 3126 1569 3194 Comitis
1621 3125 1835 3214 ipsum
1885 3124 2158 3193 fecimus
2189 3126 2530 3195 introduci.
2571 3126 2673 3194 Ne
2703 3126 2903 3211 igitur
2933 3126 3078 3213 ipse

821 3240 1054 3307 Comes
1084 3238 1297 3320 Prinz,
1348 3235 1458 3303 uel
1489 3235 1592 3303 sui
1622 3231 1899 3302 heredes
1950 3234 2388 3321 heredumque
2433 3252 2843 3304 successores
2874 3251 3077 3319 super

820 3347 1048 3414 eadem
1098 3351 1275 3412 terra
1319 3342 1388 3408 in
1439 3347 1771 3427 posterum
1821 3339 2089 3407 ualeant
2127 3339 2477 3425 inquietari
2509 3360 2625 3408 seu
2658 3339 3078 3425 aliquatenus

822 3453 1171 3540 molestari,
1226 3455 1562 3538 presentes
1612 3448 1680 3515 in
1731 3456 2110 3536 perpetuam
2160 3448 2586 3517 stabilitatem
2629 3448 2819 3516 huius
2850 3456 3076 3517 nostre

824 3560 1205 3633 donacionis
1236 3557 1676 3629 concessimus
1718 3555 1997 3645 litteras,
2050 3556 2377 3644 dupplicis
2410 3555 2615 3643 sigilli
2644 3554 2848 3625 nostri
2876 3557 3079 3623 muni-

822 3673 993 3739 mine
1040 3670 1183 3738 iure
1230 3673 1545 3755 perpetuo
1576 3665 1939 3733 roboratas.
1990 3663 2235 3731 Datum
2267 3663 2444 3752 apud
2482 3664 2946 3733 monasterium
2980 3664 3080 3730 ci-

821 3777 1269 3850 sterciensium
1299 3776 1367 3843 in
1396 3773 1628 3862 Topliz
1648 3794 1821 3842 anno
1843 3771 2186 3840 Dominicc
2203 3772 2695 3841 Incarnaciouis
2728 3772 3078 3840 millesimo

818 3887 1266 3956 ducentesimo
1300 3881 1804 3969 quadragesimo
1841 3880 2068 3963 quinto
2100 3880 2251 3947 XII.
2304 3878 2627 3949 kalendas
2676 3881 2833 3967 Maij
2867 3881 3082 3967 Regni

818 4005 1038 4065 autem
1071 3991 1278 4064 nostri
1308 4011 1480 4061 anno
1517 3989 1788 4059 decimo.

820 4196 1098 4265 (Eredetie
1139 4188 1487 4260 b6rhartyam
1535 4207 1570 4243 a
1606 4187 2092 4258 sdrga-violaszinti
2141 4185 2593 4256 selyemzsindron
2639 4189 2860 4258 ftiggutt
2896 4186 3085 4256 peccet

708 4316 721 4337 ι
818 4290 1092 4353 elveszett,
1117 4302 1152 4339 a
1178 4286 1344 4338 budai
1372 4285 1472 4336 kir.
1498 4283 1748 4335 kamarai
1772 4278 2128 4334 leveltarban.
2170 4278 2495 4347 Hianyosan
2522 4280 2738 4333 kbzblte
2757 4278 2921 4346 Fejer
2946 4279 3081 4332 Cod.

1537 4374 1684 4440 Dipl.
1713 4373 1807 4429 ιν.
1835 4374 1946 4426 ket.
1973 4374 2019 4431 1,
2046 4373 2112 4425 v.
2141 4373 2261 4427 389.
2289 4368 2355 4441 1.)
