3359 5250
1407 319 1493 384 27

316 502 416 569 nil
439 501 610 588 juris
642 501 794 568 illos
828 501 895 565 in
926 499 1226 585 predicta
1257 498 1418 565 villa
1465 498 1711 565 habere
1742 497 2098 585 asserebat,
2156 497 2331 584 quod
2363 505 2427 565 et
2458 497 2583 585 pri-

314 609 563 693 uilegio
617 608 908 674 eiusdem
939 607 1238 674 Ecclesie
1290 625 1510 673 coram
1559 605 1753 673 nobis
1801 606 2184 672 declarauit.
2239 607 2376 674 Nos
2427 624 2583 671 uero

315 719 463 787 solo
495 717 824 805 priuilegij
875 738 1006 785 non
1039 715 1325 784 contenti
1354 715 1744 797 testimonio,
1802 715 2228 799 decreuimus‚
2284 717 2414 783 sibi
2443 736 2585 803 pre-

316 825 462 895 fato
506 826 753 893 Abbati
804 845 949 892 cum
1001 823 1254 894 duobus
1304 825 1617 891 fratribus
1669 823 1830 909 suis,
1886 844 2045 908 quos
2095 823 2380 891 aduersa
2432 845 2586 911 pars

316 933 609 1018 eligeret,
668 953 863 1019 super
895 931 1135 999 librum
1170 932 1546 1017 regularum
1576 930 1801 998 Sancti
1832 931 2170 999 Benedicti
2209 953 2442 1000 manus
2476 934 2589 999 im·

316 1048 657 1125 ponentes,
712 1048 1191 1106 sacramentum
1242 1042 1384 1108 Deo
1440 1046 1735 1126 prestare
1790 1039 2165 1124 indiximus,
2219 1047 2284 1107 et
2335 1043 2587 1109 duobus

307 1147 779 1233 jobagionibus
815 1147 989 1214 dicte
1022 1145 1339 1233 Ecclesie,
1391 1167 1589 1234 super
1619 1147 1920 1233 predicta
1966 1153 2144 1214 terra
2174 1154 2427 1217 stantes
2451 1203 2469 1236 ,
2524 1159 2589 1217 et

311 1263 562 1323 terram
592 1276 789 1341 super
822 1257 1046 1342 capita
1077 1276 1302 1322 eorum
1332 1261 1674 1342 ponentes,
1702 1257 2147 1341 juramentum
2179 1258 2583 1328 adiudicaui-

314 1383 489 1445 mus,
524 1362 636 1447 qui
669 1362 878 1429 eciam
911 1363 977 1429 in
1011 1363 1116 1430 die
1136 1363 1500 1447 juramenti
1532 1364 1888 1431 secundum
1922 1371 2210 1432 nostram
2241 1386 2585 1435 censuram

312 1469 668 1537 manifeste
696 1477 1175 1536 sacramentum
1207 1470 1350 1540 Deo
1381 1471 1826 1556 prestiterunt,
1862 1478 1926 1540 et
1955 1492 2109 1542 suos
2144 1473 2582 1563 adversarios,

314 1577 584 1644 scilicet
612 1580 897 1645 Pousam
930 1585 997 1646 et
1025 1599 1179 1646 suos
1231 1585 1548 1663 cognatos
1583 1581 1825 1647 iniuste
1864 1581 2110 1649 dixisse
2144 1584 2587 1667 cognouimus.

313 1684 576 1752 Idcirco
608 1684 848 1752 dictam
880 1693 1122 1753 terram
1154 1686 1485 1772 sepedicte
1518 1688 1813 1756 Ecclesie
1847 1707 1995 1756 cum
2026 1690 2215 1756 metis
2248 1693 2590 1779 assignan-

313 1802 425 1859 tes
461 1793 885 1862 restituimus.
937 1795 1040 1863 Ne
1071 1802 1291 1863 autem
1340 1795 1746 1884 inposterum
1777 1817 1973 1884 super
2019 1799 2143 1866 hoc
2175 1799 2413 1885 aliquis
2443 1822 2588 1889 pro-

322 1918 518 1966 cessu
538 1906 902 1989 temporum
932 1903 1086 1970 lites
1116 1904 1340 1970 ualeat
1359 1903 1669 1988 excitare,
1705 1905 1793 1971 ad
1810 1925 2040 1991 preces
2072 1908 2353 1994 sepefati
2369 1909 2578 1977 Abba-

312 2008 411 2075 tis
447 2013 514 2072 et
533 2007 961 2093 jobagionum
995 2010 1138 2077 eius
1170 2010 1426 2077 litteras
1456 2016 1800 2096 presentes
1832 2011 2195 2098 sigillorum
2213 2021 2581 2085 nostrorum

316 2114 681 2182 munimine
702 2115 1045 2182 roboratas
1066 2116 1527 2184 concessimus.
1572 2118 1762 2185 Anno
1786 2119 1973 2185 uerbi
1997 2119 2327 2188 incarnati
2344 2125 2435 2190 Μο
2458 2123 2589 2191 00⁰

314 2223 548 2292 XXX⁰
573 2223 710 2289 V10.

531 2419 630 2487 (ΔΞ
656 2422 861 2474 eredeti
886 2418 1022 2474 utan
1046 2423 1237 2476 Knauz
1263 2420 1499 2486 Nandon
1526 2425 1760 2491 Magyar
1783 2425 1913 2508 Sion
1941 2427 2013 2478 11.
2040 2427 2153 2481 kat.
2183 2428 2306 2481 48⁶.
2335 2430 2395 2496 1.)

1203 2711 1722 2723 m-

1411 3173 1519 3240 18.

316 3354 367 3418 Ι
374 3352 450 3418 V.
508 3351 673 3418 Bau
720 3352 1069 3440 kirdlynak
1114 3354 1444 3441 okmdnya,
1498 3353 1784 3441 melylyol
1832 3379 1874 3421 a
1929 3356 2213 3425 belakuti
2261 3366 2597 3450 apdtcdqot

1194 3463 1495 3551 alapitja.
1539 3465 1738 3530 1237.

556 3658 721 3724 Bela
748 3657 878 3725 Dei
908 3658 1135 3743 gracia
1164 3660 1305 3725 Rex
1343 3659 1683 3742 Hungarie
1712 3662 2034 3729 Vniuersis
2085 3670 2452 3749 presentem
2483 3686 2598 3752 pa-

324 3768 569 3852 ginam
593 3767 986 3852 inspecturis
1031 3767 1312 3834 salutem
1342 3767 1411 3834 in
1441 3787 1599 3834 uero
1633 3768 1928 3837 salutari.
1979 3770 2122 3850 Que
2153 3770 2599 3839 Ecclesiarum

316 3877 449 3944 uel
479 3873 1073 3942 ecclesiasticorum
1104 3873 1394 3940 uirorum
1423 3874 1649 3943 vsibus
1679 3895 1801 3963 per
1833 3877 2124 3943 fidelium
2170 3878 2600 3946 donacionem

318 3985 719 4069 offeruntur,
768 3983 840 4047 in
869 3982 970 4048 ius
1018 4001 1151 4048 non
1182 3987 1318 4048 tam
1349 3981 1724 4066 humanum,
1780 4004 1978 4067 quam
2009 3983 2320 4051 Diuinum
2368 3986 2601 4053 cedere

316 4096 782 4177 dinoscuntur,
820 4089 975 4174 quia
1006 4090 1075 4157 in
1095 4109 1317 4157 eorum
1351 4091 1719 4158 collacione
1747 4113 1878 4160 non
1910 4092 2100 4160 fauor
2119 4093 2460 4174 humanus,
2496 4095 2603 4162 uel

312 4204 428 4272 rei
462 4198 866 4283 transitorie,
920 4195 1039 4264 sed
1068 4205 1289 4264 eterne
1337 4199 1889 4268 remuneracionis
1932 4200 2251 4287 premium
2303 4207 2604 4288 expecta·

313 4321 464 4380 tur.
498 4307 691 4374 Vnde
710 4312 892 4372 tanto
910 4304 1156 4371 firmius
1176 4311 1242 4371 et
1261 4304 1767 4376 inreuocabilius
1805 4309 2000 4377 robur
2023 4308 2338 4395 optinent,
2362 4316 2604 4396 quanto

314 4424 439 4490 his
476 4415 584 4482 cni
615 4435 736 4500 pro
771 4413 955 4479 cuius
976 4411 1264 4480 remedio
1289 4413 1726 4500 conferuntur,
1768 4414 2183 4496 durabiliora,
2213 4435 2433 4501 ymmo
2455 4423 2607 4485 sunt

314 4530 661 4620 perpetuo
694 4515 1047 4588 duratura(
1077 4518 1240 4586 Cum
1270 4519 1471 4603 igitur
1509 4522 1719 4588 omnis
1769 4527 2063 4608 potestas
2094 4523 2182 4590 sit
2219 4544 2261 4589 a
2292 4525 2456 4607 Deo,
2489 4526 2609 4592 Re·

316 4655 462 4723 ges
498 4637 566 4697 et
586 4628 920 4715 Principes
951 4626 1418 4704 ecclesiasticis
1452 4626 1846 4696 utilitatibus
1867 4649 2117 4698 summo
2150 4651 2344 4717 opere
2365 4632 2609 4699 debent
