3359 5250
1857 323 1987 397 174

1854 904 2008 974 112.

791 1089 835 1156 I
846 1090 910 1156 V.
945 1090 1107 1156 Be'la
1153 1087 1489 1176 kirdlynak
1520 1087 1769 1153 Pruska
1799 1087 2066 1154 bio-tokdt
2095 1092 2398 1175 tdryyazd
2444 1087 2803 1174 adoma'nya
2836 1085 3047 1174 Βυρσ-

1398 1199 1632 1263 merim
1660 1217 1858 1263 comes
1888 1197 2200 1263 szdmdra.
2233 1195 2428 1261 1244.

1021 1397 1203 1465 Bela·
1221 1393 1346 1462 Dei
1397 1394 1627 1481 gracia
1666 1391 2025 1479 Hungarie,
2075 1393 2436 1480 Dalmacie‚
2470 1392 2761 1478 Croacie,
2813 1394 3043 1478 Rame,

783 1505 1031 1591 Seruie,
1066 1503 1338 1590 Galicie,
1374 1501 1763 1570 Lodomerie
1798 1500 2241 1589 Cumanieqne
2271 1504 2413 1569 Rex
2442 1502 2763 1571 vniuersis
2795 1500 3039 1568 Christi

782 1612 1088 1683 fidelibus
1119 1631 1393 1699 presens
1424 1610 1737 1699 scriptum
1757 1610 2156 1698 inspecturis
2187 1609 2470 1679 salutem
2498 1612 2567 1678 in
2599 1609 2884 1677 omnium
2914 1607 3049 1675 sal-

781 1727 1029 1789 uatore.
1066 1718 1224 1788 Cum
1260 1739 1361 1807 ea,
1394 1739 1522 1805 que
1554 1718 1870 1786 bonorum
1904 1718 2389 1786 deliberacione
2420 1717 2869 1806 disponuntur,
2903 1737 3038 1784 ma—

781 1830 955 1896 xime
986 1849 1115 1914 que
1142 1829 1362 1913 legum
1395 1828 1780 1914 imperatrix
1810 1826 2023 1911 Regia
2051 1831 2411 1914 pertractat
2436 1826 2811 1912 auctoritas,
2844 1825 3040 1892 salua

784 1958 1040 2025 semper
1088 1942 1156 2003 et
1200 1934 1589 2005 inconcussa
1636 1954 2022 2022 permanere
2070 1933 2355 2002 debcant
2373 1984 2391 2018 ,
2442 1933 2532 2000 ad
2589 1933 3048 2002 uniuersorum

782 2044 1191 2132 presencium
1242 2049 1439 2129 atque
1488 2047 1895 2129 posterorum
1949 2041 2258 2109 noticiam
2312 2041 2657 2129 peruenire
2720 2040 3046 2127 uolumus,

782 2152 956 2239 quod
990 2175 1136 2221 cum
1168 2158 1433 2240 propter
1484 2150 1832 2220 indecidue
1882 2150 2220 2218 fidelitatis
2268 2149 2715 2219 constanciam
2765 2157 2832 2217 et
2860 2149 3047 2215 innn-

782 2284 965 2330 mera
994 2260 1387 2350 probitatum
1420 2260 1673 2346 merita,
1715 2259 1950 2344 quibus
1981 2265 2137 2327 ante
2169 2258 2394 2327 oculos
2423 2264 2645 2327 nostre
2675 2257 3050 2326 Maiestatis

782 2376 1001 2439 noster
1030 2368 1246 2437 fidelis
1295 2375 1363 2437 et
1411 2367 1688 2436 dilectus
1720 2367 2145 2453 Bogomerius
2177 2366 2412 2436 Comes
2460 2376 2597 2436 tam
2646 2368 2714 2434 in
2756 2366 3044 2454 publicis

786 2498 979 2564 quam
1014 2476 1288 2564 priuatis
1320 2475 1532 2562 Regni
1563 2476 1774 2545 nostri
1814 2476 2107 2563 negocijs
2138 2475 2206 2542 in
2235 2475 2527 2561 Polonia‚
2567 2475 2901 2565 Bulgaria,
2940 2496 3044 2542 ce·

780 2588 1067 2673 terisque
1117 2590 1487 2673 Regnorum
1538 2585 1912 2653 climatibus
1964 2583 2512 2653 excellentissime
2562 2585 2929 2670 claruisset,
2980 2591 3048 2651 et

780 2697 1062 2764 maxime
1094 2696 1251 2781 quia
1299 2695 1491 2766 nobis
1521 2700 1587 2763 et
1618 2696 1871 2764 Corone
1900 2695 1968 2762 in
2001 2695 2250 2783 impetu
2289 2696 2708 2763 Tartarorum
2760 2694 3049 2763 seruicia

782 2809 974 2890 grata
1024 2804 1340 2890 exhibuit,
1393 2824 1465 2873 se
1504 2811 1571 2871 et
1615 2823 1739 2871 sua
1789 2803 1965 2872 omni
2016 2803 2307 2891 periculo
2357 2802 2764 2891 exponendo,
2814 2821 3046 2870 verum

787 2912 996 2979 eciam
1030 2912 1328 2996 quamuis
1375 2912 1673 2999 priuatus
1717 2911 2097 3000 parentibus
2127 2916 2194 2978 et
2223 2911 2542 2999 cognatis,
2594 2910 3046 2996 grauibusqne

776 3020 1154 3088 uulneribus
1187 3040 1544 3107 oppressus
1576 3041 1808 3088 manus
1840 3020 2056 3106 gentis
2087 3019 2290 3106 impie
2307 3019 2734 3088 Tartarorum
2756 3018 2866 3085 uix
2889 3038 3046 3084 ena-

781 3127 961 3217 serit‚
1012 3134 1231 3194 tamen
1267 3129 1351 3196 ob
1381 3129 1507 3197 hoc
1549 3147 1678 3195 non
1730 3127 2114 3214 perterritus
2163 3127 2448 3196 confinia
2494 3133 2721 3195 nostra
2766 3128 2893 3194 sibi
2924 3147 3048 3214 per

780 3258 902 3306 nos
936 3240 1285 3306 commissa
1333 3238 1793 3307 nichilominus
1825 3238 2104 3306 inimicis
2137 3237 2397 3322 nostris,
2437 3238 2547 3322 qni
2580 3237 2808 3304 eadem
2841 3255 3047 3323 oppu-

784 3366 991 3431 gnare
1040 3349 1446 3415 conabantur
1468 3400 1487 3435 ,
1539 3347 1818 3415 uiriliter
1868 3347 2229 3416 resistendo
2251 3398 2269 3432 ,
2331 3346 2739 3433 integraliter
2793 3346 3047 3431 absque

785 3455 1070 3541 dampno
1120 3460 1186 3521 et
1234 3455 1488 3523 lesione
1538 3456 1765 3541 aliqua
1816 3456 2247 3526 conseruauit.
2298 3457 2440 3524 Nec
2487 3455 3045 3542 pretermittimus,

782 3584 929 3631 cum
976 3563 1251 3631 eundem
1301 3564 1370 3630 in
1403 3584 1740 3632 sucursum
1790 3564 2128 3633 karissimi
2168 3565 2395 3651 generi
2443 3563 2648 3632 nostri
2682 3562 3046 3650 (Boleslai)

778 3670 1062 3740 Illustris
1094 3672 1300 3740 Ducis
1338 3673 1611 3742 Polonie
1642 3678 1874 3742 contra
1912 3673 2283 3743 Conradum
2302 3676 2553 3742 Ducem
2593 3671 3039 3758 misissemus;

775 3780 871 3849 ibi
898 3779 1123 3848 taliter
1141 3802 1258 3849 sue
1288 3780 1634 3869 probitatis
1656 3781 1947 3851 exercuit
1976 3802 2197 3871 opera,
2239 3781 2413 3868 qnod
2443 3781 2531 3848 ab
2550 3780 2705 3848 inde
2735 3801 2867 3849 non
2896 3779 3045 3848 sine

771 3908 1018 3973 magno
1049 3894 1267 3957 nostre
1287 3889 1710 3959 Celsitudinis
1742 3892 2007 3960 honoris
2038 3891 2239 3977 redijt
2266 3891 2686 3959 incremento.
2728 3888 2831 3957 Ob
2854 3888 3045 3956 cuius

773 3996 1110 4065 fidelitatis
1141 4004 1209 4065 et
1236 3999 1582 4086 probitatis
1631 4000 1885 4086 merita,
1936 4000 2063 4069 sibi
2096 4006 2164 4068 et
2192 4020 2312 4087 per
2357 3999 2569 4088 ipsum
2600 3999 2739 4066 suis
2785 3997 3043 4066 heredi·

772 4100 895 4174 bus
931 4106 1261 4191 quandam
1292 4115 1534 4177 terram
1551 4109 1882 4196 Leustacij
1916 4108 2031 4194 filij
2067 4109 2274 4177 Elend
2310 4107 2456 4176 sine
2486 4106 2726 4178 herede
2747 4105 3044 4175 defuncti

773 4214 1037 4284 nomine
1068 4216 1331 4284 Prnska
1357 4217 1429 4284 in
1464 4216 1790 4285 Comitatu
1819 4216 2294 4287 Trinchiniensi
2325 4216 2734 4303 existentem,
2768 4236 2964 4302 quam
2995 4236 3045 4283 a

770 4321 1014 4392 dilecto
1067 4330 1131 4392 et
1180 4324 1356 4392 fideli
1409 4332 1636 4394 nostro
1683 4326 1950 4395 Matheo
1999 4325 2313 4410 Magistro
2344 4326 2878 4395 Tawarnicorum
2927 4345 3042 4393 no·

769 4435 1048 4501 strorum
1083 4439 1147 4500 et
1179 4433 1433 4503 Comite
1462 4435 1851 4504 Posoniensi
1900 4436 1967 4503 in
2000 4435 2450 4505 concambium
2482 4441 2654 4503 terre
2686 4434 2903 4520 Tunig
2943 4454 3040 4501 re·

767 4540 1079 4625 cepimus,
1134 4542 1522 4612 contulimus
1572 4544 1695 4612 sub
1727 4545 1973 4614 eisdem
2025 4546 2235 4632 metis,
2288 4545 2412 4613 sub
2463 4545 2698 4632 quibus
2747 4545 2921 4612 idem
2959 4546 3040 4613 L.

767 4646 1173 4735 possidebat,
1195 4661 1531 4739 perpetue,
1572 4651 1844 4739 pacifice
1863 4657 1928 4718 et
1956 4655 2171 4739 quiete
2190 4653 2681 4741 possidendam.
2715 4657 2800 4723 Vt
2831 4655 3039 4741 igitur
