3359 5250
1330 431 1650 531 &Q

363 642 527 706 muS,
563 623 682 690 hec
717 629 901 690 sunt:
937 624 1225 691 decimas
1259 626 1569 692 uidelicet
1602 627 1682 692 de
1717 627 1886 706 uino,
1944 635 2005 692 et
2042 629 2249 712 agnis,
2286 640 2349 695 et
2381 632 2618 717 apibus

355 731 820 816 prouenientes
871 753 999 798 non
1031 732 1310 817 soluere,
1364 740 1427 799 et
1461 734 1791 800 residuum
1826 735 1960 802 uini
1994 757 2121 802 non
2158 744 2440 826 portare,
2493 761 2619 824 que

357 839 677 906 hactenus
729 849 1220 909 consueuerant.
1257 841 1421 908 Item
1471 848 1801 908 araturam
1854 861 2277 933 communem,
2330 868 2455 930 que
2486 851 2619 914 vul-

361 947 614 1031 gariter
647 971 798 1011 aneu
829 945 1084 1031 dicitur,
1138 949 1397 1014 omnino
1431 949 1648 1014 facere
1690 969 1818 1015 non
1850 947 2108 1033 debent,
2161 951 2327 1017 sicut
2376 953 2617 1021 dictum

356 1055 662 1142 superius
713 1062 779 1120 et
811 1055 1173 1142 indultum3
1227 1064 1292 1122 et
1326 1058 1744 1142 septuaginta
1796 1077 2022 1142 paneS,
2076 1079 2237 1142 quos
2290 1059 2616 1129 debebant

359 1162 448 1229 ad
499 1162 741 1229 festum
774 1163 996 1228 Sancti
1051 1161 1310 1229 Martini
1359 1183 1476 1249 per
1524 1163 1820 1246 singulos
1873 1185 2101 1249 annos,
2154 1185 2235 1230 ex
2282 1169 2615 1234 uoluntate

351 1277 493 1338 tam
533 1270 840 1355 Abbatis,
890 1291 1087 1355 quam
1119 1276 1184 1336 et
1207 1271 1687 1357 monachorum,
1742 1272 1839 1339 eis
1870 1272 2292 1358 indulsimus3
2346 1296 2490 1341 cum
2526 1277 2614 1341 ad

356 1381 760 1448 solucionem
795 1378 1190 1446 decimarum
1223 1398 1341 1446 nec
1374 1378 1712 1448 vduornici
1759 1384 1960 1449 nostri
1996 1382 2407 1467 aliquatenus
2443 1405 2611 1450 com-

355 1490 709 1577 pellantur.
744 1489 1074 1557 Satuimus
1109 1489 1336 1575 eciam,
1372 1489 1543 1574 quod
1562 1489 1788 1557 Abbas
1824 1511 1982 1577 sepe
2014 1501 2366 1560 memorate
2401 1493 2613 1560 Eccle-

353 1601 450 1664 sie
498 1597 888 1666 descensum
934 1620 1120 1666 suum
1154 1599 1379 1666 eodem
1431 1600 1641 1684 modo,
1676 1601 1842 1667 sicut
1874 1600 2102 1668 Abbas
2140 1602 2609 1687 Waradiensis,

357 1707 463 1773 uel
496 1708 948 1792 Symigiensis,
985 1714 1096 1773 aut
1126 1706 1587 1773 Saxardiensis
1621 1706 1895 1793 recipiat
1928 1715 1993 1774 et
2024 1710 2344 1778 obseruet.
2378 1712 2611 1777 Decer-

356 1815 570 1881 nimus
604 1815 811 1882 eciam
865 1815 1129 1883 firmiter
1177 1821 1555 1902 statuentes,
1607 1821 1678 1880 vt
1707 1814 1944 1900 prefati
1992 1817 2217 1901 populi
2251 1819 2471 1884 omnia
2505 1818 2610 1884 de-

357 1923 497 1990 bita
546 1929 613 1990 et
643 1923 915 1990 seruicia
947 1923 1245 2010 superius
1292 1922 1627 2008 adnotata,
1680 1923 1843 1989 etin
1884 1923 2273 2007 quibusdam
2325 1944 2442 2010 per
2489 1948 2608 1995 nos

357 2030 869 2099 misericorditer
901 2030 1235 2114 alleviata,
1274 2030 1418 2096 sine
1453 2049 1773 2096 murmure
1821 2028 2042 2112 aliquo
2082 2037 2144 2095 et
2193 2032 2609 2103 reclamacio-

356 2156 438 2206 ne
472 2138 757 2206 fideliter
788 2144 1052 2206 teneant
1087 2143 1152 2206 et
1183 2138 1568 2223 obseruent;
1604 2138 1886 2205 scientes
1917 2143 2094 2205 certo
2127 2138 2394 2221 cercius,
2435 2143 2610 2225 quod

359 2250 729 2333 quicunque
759 2253 1257 2336 presumptuose
1288 2251 1520 2313 contra
1550 2245 1846 2333 predicta
1876 2247 2394 2336 reclamauerint,
2426 2249 2606 2338 ipsos

355 2378 504 2425 cum
549 2357 739 2443 graui
775 2354 1230 2442 indignacione
1262 2362 1483 2422 nostra
1513 2354 1773 2422 abrasis
1805 2355 2064 2442 capillis
2115 2376 2337 2424 eorum
2367 2358 2438 2424 in
2468 2379 2607 2445 per·

353 2474 622 2553 petuam
688 2464 1062 2532 seruitutem
1125 2462 1336 2550 redigi
1400 2462 1737 2531 faciemus.
1795 2462 1882 2529 Vt
1934 2462 2131 2549 igitur
2195 2465 2315 2531 hec
2386 2466 2606 2532 omnia

354 2571 750 2643 auctoritate
781 2572 991 2657 Regia
1022 2575 1270 2640 statuta
1317 2569 1870 2657 inrefragabiliter
1903 2570 2322 2656 imposterum
2358 2592 2608 2659 perma-

361 2689 588 2766 neant,
637 2700 760 2749 nec
792 2678 1015 2767 populi
1046 2678 1407 2765 supradicti
1443 2699 1484 2745 a
1517 2677 1753 2745 debitis
1787 2684 1850 2744 et
1879 2675 2175 2744 seruiciis
2208 2696 2430 2745 eorum
2462 2697 2607 2745 con-

353 2789 562 2859 suetis
594 2809 666 2856 se
718 2787 998 2856 debeant
1034 2787 1136 2852 vel
1180 2787 1435 2872 possint
1483 2785 1899 2868 aliquatenus
1950 2784 2299 2869 retrahere,
2349 2805 2608 2870 presen-

355 2907 490 2967 tem
524 2896 827 2965 duximus
859 2895 1170 2983 paginam
1224 2891 1727 2979 concedendam,
1783 2891 2106 2979 dupplicis
2145 2890 2354 2977 sigilli
2403 2897 2607 2961 nostri

354 3007 713 3075 munimine
745 3007 1139 3072 roboratam.
1193 3004 1435 3070 Datum
1467 3022 1583 3089 per
1610 3021 1839 3068 manus
1891 3000 2114 3068 dilecti
2147 3020 2226 3068 ac
2256 2998 2469 3068 fidelis
2500 3021 2606 3067 no-

355 3117 478 3185 stri
527 3115 827 3201 Magistri
878 3112 1217 3181 Benedicti
1260 3111 1587 3196 Prepositi
1617 3109 1945 3193 Albensis,
1998 3107 2148 3174 aule
2195 3113 2415 3174 nostre
2447 3107 2606 3173 Can-

355 3223 629 3311 cellarij,
663 3244 835 3291 anno
869 3221 1207 3290 Dominicc
1254 3217 1742 3287 lucarnacionis
1782 3216 2122 3282 millesimo
2169 3214 2608 3281 ducentesimo

353 3334 519 3416 XL0,
553 3331 765 3419 pridie
795 3331 942 3398 idus
976 3329 1155 3414 Julij,
1189 3329 1400 3412 Regni
1431 3333 1652 3395 autem
1685 3324 1889 3392 nostri
1923 3342 2093 3390 anno
2125 3321 2373 3408 quinto.

540 3533 817 3597 (Eredetie
841 3526 1190 3593 b6rhartyan,
1219 3543 1250 3578 a
1277 3526 1664 3595 pannonhalmi
1691 3522 1979 3592 fssapatsag
2006 3521 2415 3587 leveltaraban.)

1553 3819 1560 3823 .
1581 3815 1716 3825 ..ω-ο--
