3359 5250
1375 317 1463 382 63

293 512 375 577 de
404 508 736 576 Carmend
765 529 883 596 per
916 516 1121 577 metas
1152 530 1384 577 uersus
1416 517 1657 578 terram
1682 514 1861 578 Buza
1890 510 2144 580 leuatae
2180 513 2271 579 ad
2300 519 2544 582 terram

297 617 520 704 Lapsa
570 616 965 703 pertinuisse
1014 618 1411 702 allegabant.
1475 619 1613 685 Nos
1665 624 1882 686 autem
1931 619 2159 687 ordine
2200 620 2551 704 jndiciario

297 724 724 810 procedentes
787 724 1045 809 utrique
1094 727 1267 813 parti
1315 726 1718 793 iniunximus
1742 778 1759 810 ,
1824 732 1897 792 ut
1946 734 2185 795 terram
2236 729 2340 796 sui
2395 731 2554 798 iuris

298 832 498 899 fuisse
527 833 903 903 testimonio
935 835 1456 922 comprobarent.
1513 835 1642 902 Die
1673 842 1893 901 autem
1924 836 2339 922 probacionis
2380 840 2554 906 testi-

308 942 527 1026 monij,
563 941 743 1009 Buza
771 964 931 1029 sepe
964 944 1336 1012 nominatus
1391 945 1735 1013 multorum
1768 945 2077 1011 bonorum
2110 945 2459 1032 hominum,
2493 956 2559 1015 et

309 1054 901 1117 commetaneorum
960 1071 1222 1118 suorum
1273 1051 1642 1117 testimonio
1705 1056 1946 1117 terram
1993 1051 2177 1118 illam
2238 1054 2339 1119 sui
2396 1054 2559 1121 iuris

312 1154 513 1221 fuisse
563 1157 1051 1244 comprobauit3
1104 1158 1366 1245 populis
1400 1157 1481 1223 de
1513 1157 1674 1223 uilla
1718 1157 2043 1225 Ourmend
2093 1160 2336 1227 nullius
2384 1163 2557 1229 testi-

315 1264 529 1331 monio
562 1265 842 1349 probare
874 1264 1266 1332 ualentibus.
1299 1265 1479 1331 Buza
1512 1270 1728 1332 autem
1770 1265 2078 1353 precipue
2098 1266 2355 1336 illorum
2385 1268 2561 1358 testi-

319 1371 534 1437 monio
555 1422 574 1456 ,
627 1374 934 1440 videlicet
983 1374 1483 1459 generacionum
1533 1374 1822 1441 Herman
1841 1425 1858 1458 ,
1907 1375 2019 1460 qui
2070 1394 2152 1442 ex
2202 1376 2564 1446 donacione

319 1479 515 1561 Regis
547 1485 787 1547 terram
820 1481 1144 1548 Ourmend
1195 1487 1260 1546 et
1289 1481 1514 1568 Lapsa
1545 1482 1612 1547 in
1644 1481 2081 1568 perpetuitate
2117 1484 2563 1569 possidebant,

320 1586 807 1673 comprobauit3
872 1589 982 1673 qui
1032 1609 1255 1656 coram
1304 1587 1491 1655 nobis
1539 1589 1976 1674 personaliter
2032 1589 2362 1658 constituti
2411 1591 2566 1659 uiua

322 1713 481 1761 uoce
532 1694 859 1781 dixerunt,
914 1698 1089 1781 quod
1138 1716 1281 1763 cum
1314 1695 1444 1783 ipsi
1495 1704 1734 1763 terram
1767 1696 2091 1763 Curmend
2140 1702 2204 1763 et
2234 1698 2459 1786 Lapsa
2495 1700 2563 1765 in

324 1801 683 1870 donacione
729 1806 1229 1890 perpetuitatum
1283 1803 1731 1889 detinuissent,
1768 1825 1886 1890 per
1916 1810 2144 1888 metas,
2196 1825 2360 1890 quas
2391 1809 2569 1873 Buza

326 1910 819 1996 demonstrauit,
869 1912 1163 1998 prefatas
1195 1923 1408 1980 terras
1440 1911 1784 1980 distinctas
1816 1933 1858 1978 a
1889 1919 2065 1978 terra
2095 1912 2274 1980 Buza
2312 1914 2573 1984 habuis-

327 2027 491 2086 sent.
525 2020 666 2089 Nos
698 2028 915 2089 autem
965 2021 1503 2104 adiudicauimus,
1547 2029 1617 2087 ut
1648 2019 2135 2104 quatuordeeim
2169 2020 2460 2092 homines
2489 2024 2575 2089 (16

327 2127 588 2194 tistibus
641 2127 812 2215 (igy)
845 2130 1023 2196 Buza
1053 2149 1172 2216 per
1220 2128 1499 2215 populos
1552 2127 1632 2194 de
1679 2126 1842 2194 uilla
1873 2127 2199 2195 Curmend
2250 2129 2461 2217 electi,
2511 2138 2577 2198 et

328 2235 510 2300 Buza
544 2255 689 2302 cum
723 2234 924 2302 fratre
973 2255 1091 2302 suo
1121 2234 1498 2301 Alexandro
1532 2254 1731 2321 super
1760 2232 2035 2301 eandem
2080 2242 2321 2303 terram
2368 2256 2577 2305 sacra·

333 2349 622 2409 mentum
655 2350 1040 2429 prestarent.
1095 2343 1174 2409 Et
1205 2344 1316 2410 isti
1365 2349 1516 2409 sunt
1563 2348 1766 2410 testes
1798 2361 1916 2428 per
1963 2343 2241 2430 populos
2289 2345 2371 2411 (16
2422 2346 2582 2411 uilla

332 2448 661 2516 Curmend
693 2450 778 2517 ad
809 2449 1233 2538 prestandum
1284 2456 1760 2518 sacramentum
1797 2450 2027 2516 electi:
2078 2451 2317 2538 Endre,
2350 2454 2580 2538 Tyma,

334 2556 457 2625 Bet
488 2557 573 2623 de
601 2578 836 2643 genere
867 2560 1102 2626 Herma
1113 2580 1178 2643 n,
1211 2560 1460 2645 Moysa,
1509 2557 1910 2625 Laurencius
1945 2557 2027 2625 de
2056 2576 2292 2644 genere
2322 2560 2584 2627 Martini

337 2664 635 2748 comitis,
668 2664 814 2732 Stes
819 2665 907 2731 ku
939 2664 1108 2730 filius
1130 2664 1470 2750 Stephani,
1503 2664 1644 2750 ipse
1675 2664 1847 2731 idem
1867 2665 2046 2730 Buza
2071 2683 2215 2731 cum
2235 2663 2433 2733 fratre
2466 2686 2584 2733 suo

337 2771 755 2858 Alexandr03
809 2793 1033 2841 omnes
1065 2773 1175 2839 isti
1226 2771 1477 2839 nobiles
1508 2758 1697 2856 sunt3
1752 2769 1997 2856 Genov,
2035 2772 2226 2838 Wota
2275 2793 2421 2839 cum
2454 2773 2584 2841 filio

342 2900 457 2947 suo
513 2880 824 2964 Georgio,
858 2879 1098 2965 Chebe‚
1148 2879 1410 2964 Tomas,
1464 2880 1637 2946 Pous
1668 2877 1842 2945 filius
1890 2877 2167 2963 Chazar,
2219 2880 2380 2964 Siga
2417 2882 2590 2948 filius

345 2987 606 3071 Varda;
660 3009 883 3057 omnes
917 2990 1029 3055 isti
1077 2990 1483 3072 yobagiones
1515 2987 1734 3055 Castri
1766 2986 2025 3071 Ferrei3
2064 2987 2340 3053 Mutmer
2370 3009 2593 3074 specu·

343 3096 513 3163 lator
567 3094 784 3163 Castri
833 3095 1072 3163 Ferrei.
1126 3095 1364 3164 Omnes
1404 3096 1514 3162 isti
1565 3094 1670 3161 die
1724 3093 2155 3180 prestacionis
2204 3098 2596 3163 sacramenti

353 3203 685 3271 mediante
718 3204 1036 3290 pristaldo
1068 3205 1364 3272 Fabiano
1395 3205 1680 3288 nomine,
1732 3202 1813 3268 de
1844 3200 2006 3268 uilla
2036 3201 2370 3286 Fanchka,
2404 3222 2598 3290 super

354 3314 628 3379 eandem
662 3320 900 3379 terram
933 3318 1383 3399 comparentes
1415 3318 1890 3379 sacramentum
1914 3308 2355 3394 prestiterunt.
2390 3310 2473 3377 Et
2504 3310 2599 3379 sic

355 3426 594 3486 terram
628 3421 811 3486 illam
845 3442 964 3489 nos
998 3421 1171 3488 Buze
1202 3429 1265 3487 et
1297 3420 1608 3487 fratribus
1640 3419 1778 3487 suis
1810 3417 2193 3485 statuimus:
2242 3418 2462 3486 Prima
2489 3418 2599 3485 hu·

354 3528 452 3595 ius
484 3537 658 3595 terre
691 3533 865 3594 meta
899 3529 1125 3614 incipit
1157 3529 1239 3594 de
1276 3527 1518 3612 angulo
1552 3524 1743 3592 Guda
1774 3525 1975 3608 rehte,
2017 3530 2080 3591 et
2111 3525 2384 3592 tendens
2416 3543 2602 3610 supe-

357 3637 486 3702 rius
519 3634 707 3702 uadit
756 3634 843 3701 ad
874 3655 1179 3721 magnam
1213 3637 1409 3718 uiam,
1461 3653 1580 3721 per
1610 3652 1807 3717 quam
1839 3631 1921 3698 de
1952 3633 2191 3699 Ferreo
2227 3630 2460 3699 Castro
2492 3652 2600 3698 ua-

363 3743 516 3810 dunt
550 3745 640 3810 ad
659 3744 1128 3835 Teothoniam;
1171 3742 1410 3810 deinde
1431 3743 1704 3809 tendens
1738 3739 1920 3808 uadit
1949 3740 2035 3805 ad
2056 3740 2248 3805 finem
2267 3739 2603 3824 Rakatya3

365 3851 598 3918 deinde
635 3850 720 3916 ad
770 3851 1067 3919 arborem
1100 3852 1227 3938 piri
1257 3871 1458 3939 prope
1507 3850 1722 3937 ipsam
1755 3849 2073 3930 arborem,
2125 3847 2355 3913 arbore
2391 3853 2609 3912 tamen

366 3959 624 4044 populis
677 3960 758 4026 dc
790 3958 1114 4027 Curmend
1144 3964 1557 4043 remanente3
1611 3954 1847 4024 deinde
1877 3973 1994 4044 per
2028 3954 2272 4022 Hurozt
2310 3953 2494 4021 uadit
2524 3952 2613 4021 ad

368 4088 670 4154 magnam
723 4070 935 4154 uiam,
1001 4088 1125 4152 que
1174 4069 1356 4134 uadit
1406 4069 1493 4136 ad
1541 4068 1799 4135 Nouum
1850 4066 2152 4131 Castrum
2202 4083 2321 4148 per
2388 4063 2614 4129 uillam

367 4178 683 4262 Stephani
716 4183 780 4241 et
811 4176 1055 4263 Gelca3
1108 4177 1344 4243 deinde
1376 4176 1463 4242 ad
1495 4178 1757 4261 planam
1790 4181 2051 4255 terram,
2088 4189 2211 4253 que
2249 4169 2491 4255 Purlog
2523 4170 2614 4236 di-

371 4282 554 4369 citur,
605 4290 670 4349 et
703 4284 770 4350 in
802 4285 1016 4352 medio
1050 4285 1293 4370 Purlog
1337 4290 1487 4351 sunt
1521 4292 1728 4368 mete3
1781 4279 2017 4347 deinde
2048 4277 2134 4343 ad
2182 4297 2486 4362 magnam
2517 4296 2615 4343 ar·

373 4390 591 4457 borem
623 4392 815 4475 ilicis,
865 4411 992 4474 que
1037 4392 1234 4477 uulgo
1276 4393 1414 4480 tuly
1445 4399 1732 4474 uocatur,
1767 4396 1832 4455 et
1862 4389 2044 4454 iuxta
2089 4386 2270 4453 illam
2318 4385 2616 4453 arborem
2746 4364 2753 4373 ’

377 4505 799 4566 commetatur
851 4506 1024 4565 terre
1076 4499 1390 4567 nobilium
1442 4500 1524 4565 de
1573 4497 1863 4581 Raduzt,
1918 4501 1981 4561 et
2031 4495 2125 4560 sic
2174 4494 2617 4559 terminantur.

377 4608 605 4673 Actum
655 4628 825 4675 anno
876 4608 1094 4693 gracie
1143 4608 1233 4673 Μο
1266 4605 1632 4672 CO⁰XXX⁰
1652 4604 1849 4688 V1110,
1904 4602 2183 4669 Hoholto
2233 4599 2482 4668 Gemite
2530 4598 2614 4669 dc
