3359 5250
1409 404 1493 470 87

311 618 452 665 una
499 609 690 687 parte
738 620 934 687 super
985 599 1436 671 destruccione
1483 602 1695 689 predij
1746 602 1856 669 siti
1904 602 2076 669 inter
2123 602 2288 670 duos
2316 602 2575 691 fluuios,

315 710 590 778 Droaha
620 708 929 777 uidelicet
961 718 1029 777 et
1057 710 1420 795 Zurathka,
1452 709 1717 778 nomine
1734 709 2122 796 Wyzmeth3
2159 715 2226 778 et
2242 710 2576 799 Eguthku,

313 818 662 905 Walchun,
701 818 924 887 Othok
972 839 1054 885 ac
1086 824 1510 904 cognatorum
1558 815 1910 886 eorundem
1956 837 2040 884 ex
2072 819 2303 904 altera,
2351 826 2579 888 nostre

311 926 683 993 transmisit
730 926 1064 994 sentencie
1112 922 1560 1011 iudicandam,
1612 923 2048 992 ordinandam
2097 926 2344 1012 et'paci
2375 926 2575 997 refor-

313 1032 647 1101 mandam.
699 1034 841 1101 Nos
872 1034 1069 1119 igitur
1123 1033 1414 1100 uolentes
1463 1051 1730 1100 eausam
1765 1039 1936 1100 terre
1984 1033 2307 1121 imprimis
2357 1035 2578 1119 exqui-

313 1160 477 1226 rere,
513 1142 602 1208 ad
635 1149 881 1209 terram
913 1141 1361 1227 supradictam
1394 1141 1814 1225 accessimus,
1853 1139 2243 1210 descensum
2260 1142 2576 1211 facientes

310 1252 380 1316 in
413 1250 610 1318 domo
642 1249 1009 1329 Petruzlov,
1062 1249 1445 1317 conuocatis
1479 1250 1782 1317 omnibus
1831 1250 2298 1318 commetaneis
2336 1257 2405 1317 et
2431 1270 2577 1338 par·

312 1356 671 1439 rochianis‚
726 1364 794 1423 et
826 1356 1127 1424 omnibus
1158 1356 1314 1441 alijs
1343 1354 1506 1422 uiris
1540 1354 1818 1440 ydoneis
1849 1365 1915 1423 et
1943 1356 2275 1426 nobilibus
2313 1359 2579 1425 circum·

310 1464 793 1549 adiacentibus,
825 1465 1153 1532 noluimus
1187 1483 1458 1530 causam
1492 1464 1939 1550 supradictam
1960 1465 2278 1549 iudicare,
2311 1466 2581 1533 interro·

312 1583 554 1659 gantes
603 1572 992 1655 Magistrum
1040 1571 1454 1655 Michaelem,
1506 1571 1789 1656 qualiter
1836 1578 2080 1638 terram
2135 1572 2579 1659 supradictam

310 1680 748 1769 possedisset.
782 1677 909 1756 Qui
942 1677 1126 1761 dixit,
1164 1696 1237 1744 se
1255 1679 1399 1744 iure
1433 1677 1795 1765 empcionis
1818 1679 2309 1764 possessionem
2345 1698 2578 1747 memo—

311 1798 531 1857 ratam
564 1787 983 1875 possedisse3
1023 1795 1086 1854 et
1119 1806 1318 1874 super
1348 1788 1472 1854 hoc
1502 1789 1758 1856 litteras
1788 1789 2243 1876 priuilegiales
2274 1788 2580 1856 Illustris·

310 1897 462 1963 simi
496 1896 576 1961 Β.
596 1896 722 1962 Dei
755 1895 985 1980 gracia
1004 1895 1207 1979 Regis
1237 1895 1598 1979 Hungarie,
1634 1904 1702 1963 et
1720 1893 2009 1983 Capituli
2026 1897 2581 1984 Wesprimiensis,

312 2025 436 2072 nec
469 2025 603 2073 non
638 2013 704 2071 et
735 2002 1047 2090 Episcopi
1080 2001 1371 2070 eiusdem
1404 2003 1531 2069 loci
1560 2005 1955 2071 venerabilis
2004 2006 2214 2090 patris
2247 2004 2579 2091 exhibuit3

313 2133 481 2197 quas
531 2132 655 2180 nos
704 2112 773 2179 in
822 2111 1171 2198 presencia
1218 2113 1504 2181 omnium
1553 2112 1650 2178 ibi
1699 2114 2146 2200 existencium,
2212 2120 2278 2180 et
2324 2115 2392 2181 in
2439 2132 2585 2199 pre-

315 2222 552 2289 sencia
583 2221 848 2306 Egutku
899 2240 977 2286 ac
1012 2227 1439 2305 cognatorum
1472 2219 1764 2287 eiusdem
1787 2273 1804 2305 ,
1853 2230 1920 2290 et
1962 2223 2029 2288 in
2076 2221 2420 2308 presencia
2449 2220 2581 2307 pri-

315 2329 516 2398 staldi
569 2327 1121 2395 Excellentissimi
1155 2326 1226 2394 O.
1279 2328 1501 2413 Regis,
1554 2329 1759 2396 Ducis
1807 2330 2020 2396 tocius
2049 2330 2418 2415 Sclauonie,
2468 2348 2580 2394 no-

315 2438 491 2505 mine
523 2436 780 2503 Alberti
830 2436 912 2502 de
944 2436 1106 2503 villa
1136 2436 1364 2503 Sancti
1396 2434 1666 2521 Georgij
1700 2456 1820 2521 pro
1854 2456 1953 2519 eo,
2000 2457 2131 2521 quo
2164 2436 2376 2504 dictus
2404 2438 2480 2504 E.
2515 2445 2583 2504 et

317 2546 586 2631 cognati
637 2543 740 2611 sui
785 2553 1027 2611 terram
1078 2544 1370 2631 ipsorum
1417 2544 1482 2608 in
1517 2543 1635 2611 illa
1684 2553 1860 2611 terra
1904 2564 2021 2631 per
2052 2545 2436 2631 Magistrum
2466 2545 2581 2611 Mi·

318 2654 617 2721 chaelem
673 2653 995 2720 uiolenter
1025 2657 1359 2739 receptam
1391 2670 1543 2718 esse
1573 2649 1898 2736 dicebant,
1950 2652 2152 2721 uerbo
2185 2652 2273 2718 ad
2308 2653 2581 2719 uerbum

316 2759 593 2826 fecimus
623 2760 875 2846 perlegi
905 2783 920 2845 ;
971 2779 1136 2845 quas
1168 2780 1310 2826 cum
1346 2758 1557 2824 omnis
1588 2759 1934 2826 multitudo
1966 2778 2098 2825 una
2129 2778 2274 2825 cnm
2305 2758 2469 2847 ipsis
2502 2760 2580 2826 Ε.
2690 2810 2699 2815 .

319 2867 641 2934 uidelicet
672 2875 738 2934 et
769 2868 1061 2954 cognatis
1096 2867 1237 2934 eius
1280 2864 1660 2949 audiuisset,
1715 2866 2262 2953 interrogauimus
2294 2867 2580 2952 eosdem,

316 2976 374 3042 si
404 2977 726 3059 Magister
756 2973 1099 3062 (Michael)
1133 2975 1302 3040 iuste
1334 2980 1400 3038 et
1433 2973 1725 3057 legitime
1763 2973 1947 3040 illam
1976 2980 2218 3042 terram
2256 2975 2583 3061 possedis-

319 3092 435 3169 set,
471 3091 542 3150 et
570 3082 929 3169 priuilegia
957 3082 1250 3168 perlecta
1280 3088 1499 3147 essent
1528 3080 1703 3148 iuste
1733 3090 1799 3147 et
1829 3081 2119 3167 legitime
2152 3083 2418 3149 collata.
2453 3080 2583 3159 Qui

319 3193 386 3258 in
416 3191 598 3257 nullo
628 3189 999 3277 priuilegijs
1033 3186 1425 3273 supradictis
1455 3188 2014 3269 contradixerunt,
2072 3187 2193 3254 sed
2220 3188 2582 3274 possessio·

318 3320 466 3366 nem
498 3307 674 3365 terre
707 3294 1081 3383 supradicte
1111 3296 1427 3380 Magistro
1459 3294 1772 3362 Michaeli
1809 3295 2081 3380 pacifice
2110 3296 2580 3382 possidendam

320 3406 725 3488 remiserunt,
779 3404 880 3470 ita
928 3410 1000 3470 ut
1030 3401 1113 3468 de
1164 3409 1378 3471 cetero
1409 3424 1541 3472 non
1590 3402 1738 3490 ipsi,
1789 3422 1914 3470 nec
1944 3403 2233 3490 ipsorum
2279 3403 2577 3490 heredes,

319 3513 762 3598 heredumque
793 3531 1056 3578 suorum
1088 3528 1520 3594 successores,
1564 3518 1840 3597 possent
1872 3511 1975 3578 uel
2004 3511 2319 3580 deberent
2346 3513 2579 3580 iterato

318 3640 464 3686 cum
496 3620 817 3703 Magistro
838 3617 1162 3685 Michaele
1189 3619 1298 3685 uel
1332 3619 1470 3685 suis
1504 3618 1991 3686 successoribus
2023 3620 2302 3687 causari.
2344 3620 2430 3687 Vt
2459 3621 2581 3706 igi·

314 3735 422 3793 tur
451 3728 580 3793 hoc
630 3732 844 3793 ratum
877 3731 944 3791 et
989 3727 1245 3793 firmum
1293 3735 1676 3813 perseueret
1722 3726 1790 3791 in
1839 3735 2194 3812 posterum,
2245 3727 2457 3794 eidem
2486 3729 2574 3796 M.

316 3834 639 3921 Magistro
672 3834 925 3901 litteras
955 3839 1214 3901 nostras
1265 3833 1708 3902 concessimus
1738 3832 1939 3920 sigilli
1968 3834 2175 3902 nostri
2222 3833 2580 3902 munimine

314 3943 684 4024 roboratas,
720 3960 893 4008 anno
927 3941 1152 4026 gracie
1182 3942 1273 4007 M⁰
1296 3939 1428 4007 GC·
1445 3942 1664 4009 XXX⁰
1695 3962 1887 4011 nono.

312 4142 588 4206 (Eredetie
616 4137 964 4204 bothan-wan,
990 4140 1198 4191 Arnold
1227 4137 1554 4206 foispannak
1581 4142 1752 4207 fflgg6
1776 4138 2020 4207 pecsetje
2047 4139 2200 4205 alatt,
2230 4155 2264 4192 a
2289 4141 2454 4192 budai
2473 4142 2578 4192 kir.

1127 4230 1373 4280 kamarai
1396 4227 1776 4295 leveltarban.)

1195 4534 1528 4543 n—————-
1542 4534 1724 4543 -.ο-..--
