3359 5250
1718 266 1848 333 358

1701 805 1858 873 250.

647 988 711 1055 A
743 992 983 1076 nyitrai
1011 987 1440 1074 leciptalannak
1470 987 2012 1073 bizonysa'ylevele,
2044 987 2205 1074 hoqy
2242 988 2451 1054 Jakab
2482 989 2915 1074 Henanakfia

1096 1095 1326 1162 luddni
1355 1094 1619 1160 biv-tokdt
1665 1093 1969 1160 Vitkdnak
1999 1096 2226 1160 eladta.
2267 1094 2462 1161 1253.

860 1292 1199 1362 Vniuersis
1249 1289 1492 1358 Christi
1525 1288 1854 1375 fidelibus,
1888 1290 2125 1377 quibus
2175 1299 2512 1379 presentes
2543 1294 2900 1380 patuerint,

648 1403 1054 1493 Nyttriensis
1085 1400 1380 1470 Ecclesie
1412 1400 1792 1488 Capitulum
1823 1401 2161 1469 oraciones
2192 1402 2260 1468 in
2296 1403 2595 1471 Domino.
2650 1401 2907 1487 Signifi-

652 1532 879 1582 camus
928 1510 1135 1597 vobis,
1189 1507 1365 1595 quod
1414 1508 1706 1576 Jacobus
1752 1506 1928 1574 filius
1960 1507 2150 1575 Hena
2189 1509 2255 1573 in
2306 1510 2514 1577 nostri
2565 1509 2913 1596 presencia

657 1621 1067 1704 constitutus,
1099 1618 1307 1685 locum
1346 1615 1522 1684 curie
1552 1635 1670 1683 sue
1700 1615 1767 1682 in
1800 1613 2032 1682 Ludan
2063 1614 2467 1699 existentem,
2508 1625 2575 1685 et
2605 1616 2912 1704 adjacen-

655 1737 790 1799 tem
824 1728 909 1796 ab
940 1747 1072 1794 una
1119 1730 1311 1813 parte
1364 1725 1507 1792 loco
1552 1724 1731 1790 curie
1762 1721 2112 1807 Witkonis,
2164 1722 2250 1789 ab
2301 1725 2514 1790 altera
2564 1743 2718 1793 vero
2765 1726 2912 1793 loco

657 1838 835 1908 curie
869 1833 1140 1904 Comitis
1171 1832 1418 1917 ludrih‚
1452 1831 1863 1920 presentibus
1882 1830 2190 1899 fratribus
2224 1831 2383 1919 suis,
2402 1832 2758 1900 Benedicto
2791 1835 2913 1901 sci·

653 1948 808 2015 licet
839 1951 904 2014 et
923 1943 1188 2030 Aghka,
1220 1942 1515 2030 ipsisque
1541 1939 2130 2026 consencientibus,
2170 1940 2471 2008 vendidit
2490 1941 2617 2029 ipsi
2642 1941 2911 2009 Vitkoni

653 2073 776 2142 pro
806 2052 1015 2120 tribus
1047 2051 1283 2119 marcis
1317 2049 1572 2136 argenti
1604 2050 1745 2116 iure
1777 2052 2092 2136 perpetuo
2118 2047 2609 2136 possidendam,
2642 2056 2709 2117 et
2741 2050 2914 2119 hanc

654 2161 997 2250 pecuniam
1029 2160 1115 2227 ab
1150 2157 1378 2227 eodem
1408 2157 1721 2226 Witkone
1753 2157 2053 2245 percepit
2100 2158 2398 2245 plenarie
2430 2177 2649 2225 coram
2700 2159 2912 2227 nobis.

655 2271 733 2337 In
764 2271 952 2353 cujus
984 2268 1081 2335 rei
1100 2265 1538 2334 testimonium
1570 2270 1909 2353 presentes
1955 2265 2391 2333 concessimus
2410 2266 2662 2334 litteras
2707 2267 2913 2353 sigilli

655 2375 862 2444 nostri
893 2373 1249 2443 munimine
1282 2375 1649 2443 roboratas.
1702 2376 1892 2442 Anno
1924 2374 2148 2459 gracie
2194 2375 2561 2459 millesimo,
2609 2375 2913 2443 ducente·

660 2484 827 2552 simo
875 2481 1411 2569 quinquagesimo
1463 2482 1688 2569 tercio,
1740 2481 1966 2551 datum
2019 2488 2249 2569 quarto
2283 2482 2606 2551 kalendas
2637 2483 2911 2571 Aprilis.

659 2591 979 2678 Magistro
1010 2591 1345 2661 Demetrio
1377 2591 1648 2660 Lectore
1677 2590 2044 2679 Nyttriensi
2075 2591 2414 2661 existente.

1120 2787 1441 2860 (Rajcsanyi
1466 2779 1639 2846 Adam
1663 2792 1894 2847 kezirati
1922 2790 2437 2862 gyiijtemenyebo‘l.)

1710 3545 1865 3614 251.

657 3720 722 3787 Δ
747 3726 1052 3811 pozsonyi
1077 3724 1504 3811 ka'ptalannak
1534 3727 2065 3813 ὂίτοπμεάρῖουοὶο,
2110 3731 2268 3816 hoyy
2302 3728 2601 3817 Berweyn
2632 3755 2673 3795 α
2692 3753 2911 3818 pozso·

654 3832 767 3916 nyi
795 3831 912 3895 υάν
939 3832 1331 3898 hirno‘keinelc
1358 3832 1593 3918 sb'no‘ke
1623 3836 1757 3902 to'bb
1790 3839 2195 3903 odrembsrrel
2244 3838 2530 3925 bizonyos
2568 3861 2746 3925 peres
2782 3861 2909 3904 mo-

1129 3942 1278 4003 nan'
1304 3941 1578 4007 birtokra
1609 3949 1789 4008 ne‘zve
1818 3944 2210 4031 eqyezkedett.
2243 3944 2439 4010 1253.

874 4133 1247 4221 Capitulum
1269 4137 1688 4206 Posoniensis
1706 4138 2005 4208 Ecclesie
2035 4140 2339 4209 omnibns
2369 4146 2706 4228 presentes
2738 4142 2909 4211 litte·

651 4259 767 4308 ras
798 4242 1195 4330 inspecturis
1227 4244 1506 4313 salutem
1538 4246 1604 4313 in
1638 4246 1919 4316 Domino
1950 4248 2110 4316 Jesu
2136 4249 2415 4335 Christo,
2449 4248 2561 4335 qui
2590 4255 2693 4318 est
2723 4251 2907 4318 salus

651 4347 959 4416 omnium.
992 4349 1097 4417 Ad
1128 4352 1580 4420 vniuersorum
1612 4355 1845 4421 harum
1877 4355 2049 4423 serie
2079 4357 2377 4424 nolumus
2407 4357 2714 4425 deuenire
2746 4359 2907 4426 noti·

652 4453 845 4541 ciam,
876 4456 1051 4542 quod
1082 4457 1443 4545 Berweyno
1496 4462 1824 4545 quondam
1855 4464 2130 4550 Mayore
2158 4484 2509 4553 preconum
2541 4462 2757 4532 Castri
2786 4465 2905 4534 Po·

655 4563 981 4633 soniensis
1013 4566 1099 4632 ab
1131 4587 1266 4636 vna
1295 4573 1503 4656 parte,
1537 4570 1699 4638 de
1730 4577 1796 4638 et
1824 4573 2058 4659 Bubul,
2109 4575 2219 4660 qui
2251 4594 2325 4645 se
2355 4574 2663 4641 dicebant
2699 4574 2905 4643 fuisse
