3359 5250
1351 360 1658 462 ,,437-,.

1405 936 1567 1003 309.

357 1118 951 1203 Κοροήιιεεραῑατσί
968 1117 1244 1181 όνερΙεηεΙι·
1272 1117 1457 1183 kettds
1484 1117 1763 1202 pe'nzbeli
1792 1116 2137 1182 Ιτόἰσεόηνόἰ
2167 1116 2357 1182 szo'lld
2376 1115 2618 1181 kotelez-

1261 1231 1464 1311 ve'nye.
1511 1222 1709 1289 1256.

566 1404 644 1468 In
679 1402 939 1470 nomine
972 1403 1238 1469 Domini
1269 1402 1499 1469 Amen.
1535 1402 1677 1486 Ego
1700 1403 2022 1486 Rogcrius
2042 1402 2167 1468 Dei
2200 1401 2420 1485 gratia
2450 1401 2606 1487 Spa·

349 1512 628 1579 latensis
647 1510 1195 1599 Archiepiscopus
1217 1511 1530 1579 confiteor
1561 1530 1679 1598 per
1697 1511 1821 1578 hoc
1841 1511 2177 1597 scriptum,
2209 1509 2366 1594 quia
2384 1510 2606 1597 recepi

345 1639 389 1686 a
423 1627 486 1685 tc
538 1618 795 1687 Thoma
825 1617 1306 1687 Archidiacono
1337 1621 1715 1706 spalatensi
1765 1619 2115 1704 sexaginta
2161 1619 2374 1688 libras
2405 1619 2603 1687 dena-

346 1728 586 1798 riorum
619 1727 700 1795 de
732 1728 1012 1815 pecunia
1044 1728 1289 1796 domini
1322 1730 1564 1815 Papae,
1598 1750 1716 1816 pro
1749 1728 1983 1813 quibus
2014 1727 2256 1795 tradidi
2295 1727 2416 1795 tibi
2448 1746 2603 1811 qua-

340 1844 491 1905 tuor
506 1856 672 1904 vasa
705 1843 1024 1919 argentea
1052 1858 1172 1904 sex
1204 1856 1460 1905 marcas
1480 1837 1947 1924 ponderantia3
1987 1836 2082 1902 ita
2114 1836 2288 1922 quod
2321 1836 2381 1903 si
2411 1854 2597 1922 prae-

340 1950 573 2010 taxata
604 1944 882 2029 pecunia
912 1949 1101 2011 extra
1132 1945 1466 2013 civitatem
1497 1942 1823 2012 tradenda
1854 1942 2067 2027 fuerit,
2102 1950 2170 2010 tu
2218 1942 2597 2028 assignabis

338 2052 576 2119 eadem
607 2072 772 2119 vasa
823 2050 909 2120 ad
940 2072 1172 2121 manus
1205 2051 1429 2119 Grucii
1478 2053 1585 2120 vel
1624 2052 1898 2119 alicuius
1947 2052 2299 2119 amicorum
2351 2070 2595 2140 eorum,

339 2166 407 2227 et
471 2159 747 2247 recipies
794 2161 1137 2247 pecuniam
1189 2166 1635 2228 memoratam.
1701 2160 1771 2227 Si
1823 2178 1976 2227 vero
2026 2179 2156 2227 non
2204 2158 2420 2242 fuerit,
2484 2159 2595 2243 qui
2658 2200 2663 2205 -

335 2269 603 2336 nomine
651 2287 797 2334 mco
848 2287 1012 2335 vasa
1042 2268 1322 2337 redimat
1371 2269 1792 2355 supradicta3
1844 2274 2001 2333 tunc
2048 2267 2298 2333 licitum
2347 2265 2468 2334 tibi
2509 2266 2595 2333 sit

331 2375 598 2442 tradere
646 2375 796 2462 ipsa
848 2375 1148 2461 praecise
1195 2399 1312 2464 pro
1364 2377 1643 2464 pecunia
1696 2373 2098 2463 saepedicta,
2150 2394 2271 2441 nec
2301 2375 2589 2442 tenearis

332 2482 577 2551 exinde
609 2483 766 2550 mihi
799 2485 906 2549 vel
939 2484 1137 2552 alicui
1169 2483 1443 2553 reddere
1472 2486 1815 2553 rationem.
1853 2486 2086 2550 Actum
2117 2482 2186 2549 in
2216 2482 2588 2569 praesentia

330 2592 580 2672 domini
610 2590 899 2661 Prodani
950 2600 1015 2661 et
1043 2592 1267 2662 fratris
1307 2592 1408 2661 sui
1441 2591 1690 2678 Graan,
1742 2597 1808 2659 et
1852 2592 1978 2658 mei
2010 2592 2084 2657 P.
2119 2589 2277 2659 dicti
2306 2588 2585 2659 Romani

328 2700 569 2768 Clerici
601 2698 684 2768 de
719 2701 1031 2788 Palianis,
1062 2702 1173 2787 qui
1205 2703 1519 2789 scriptum
1561 2720 1880 2789 praesens
1913 2700 2169 2786 scripsi.

548 2807 735 2876 Anno
786 2809 1167 2877 Dominieae
1216 2808 1692 2877 Incarnationis
1741 2808 2087 2876 millesimo
2137 2806 2583 2877 ducentesimo

326 2916 873 3005 quinquagesimo
906 2926 1089 2987 sexto
1122 2919 1485 2988 Indictione
1516 2918 2009 3004 quartadecima
2040 2918 2147 2986 die
2179 2918 2403 3003 quinto
2436 2937 2582 2984 exe·

325 3030 484 3091 unte
532 3024 892 3093 Februarii.
954 3026 1299 3111 Regnante
1351 3024 1612 3094 domino
1662 3032 1885 3093 nostro
1935 3026 2098 3092 Bela
2151 3027 2581 3095 Serenissimo

321 3132 507 3217 Rege
531 3132 882 3216 Ungariae,
917 3140 1213 3220 tempore
1246 3134 1490 3201 domini
1511 3134 1776 3218 Rogerii
1796 3132 2191 3201 venerabilis
2211 3133 2582 3219 Archiepis·

321 3239 473 3327 copi
507 3239 940 3327 spalatensis,
974 3241 1291 3328 Stephani
1323 3241 1608 3309 Illustris
1640 3241 1809 3309 Bani
1842 3241 2254 3328 Sclanoniae‚
2307 3239 2578 3309 Comitis

321 3346 569 3432 Duymi
615 3347 880 3431 Kasari,
929 3348 1145 3415 Miche
1196 3349 1417 3435 Madii,
1477 3349 1738 3418 Nicolai
1790 3352 1998 3418 Desse
2047 3349 2375 3417 Judicum.
2437 3350 2576 3417 Nos

322 3454 808 3542 suprascriptus
829 3455 1150 3543 Roget-ius
1172 3456 1291 3522 Dei
1327 3458 1548 3543 gratia
1567 3457 2122 3550 Archiepiscopus
2139 3457 2570 3544 spalatensis,

318 3584 440 3652 per
469 3563 592 3632 hoc
622 3584 937 3650 praesens
987 3566 1480 3633 instrumentum
1515 3570 1893 3635 confitemur
1927 3574 1994 3635 et
2042 3567 2317 3634 facimus
2367 3567 2571 3634 mani·

312 3674 502 3758 feste,
559 3693 676 3740 nos
727 3672 1053 3759 recepisse
1103 3693 1145 3738 a
1185 3675 1370 3742 vobis
1420 3676 1674 3743 Thoma
1723 3675 2202 3743 Archidiacono
2254 3682 2322 3742 et
2368 3674 2573 3742 fratre

315 3785 512 3851 Jesse
562 3781 646 3848 de
678 3780 922 3848 Ordine
960 3783 1257 3848 Fratrum
1308 3781 1840 3851 Praedicatornm
1890 3782 2263 3851 Conventus
2315 3782 2571 3869 Spalati

313 3890 575 3957 nomine
607 3890 945 3958 Ecclesiae
976 3892 1310 3958 Romanae
1361 3889 1445 3958 de
1475 3893 1783 3959 mandato
1823 3892 2065 3959 domini
2098 3894 2324 3979 Papae
2359 3890 2569 3958 trede-

310 3997 439 4066 cim
471 3998 674 4065 libras
707 4005 773 4064 et
803 3999 1090 4084 quinque
1120 3999 1343 4067 soldos
1375 4006 1440 4066 et
1471 3999 1757 4067 medium
1794 4001 2106 4068 bonorum
2154 3998 2566 4067 denariorum

313 4124 686 4191 grossorum
719 4106 1131 4192 Venetorum,
1188 4126 1353 4192 quos
1386 4106 1695 4176 denarios
1727 4114 1949 4175 mutuo
1980 4127 2102 4175 nos
2133 4108 2379 4176 habere
2408 4105 2568 4174 dici-

309 4232 491 4297 mus3
546 4212 931 4280 renuncians
981 4215 1155 4282 omni
1207 4216 1577 4303 exceptioni
1625 4238 1757 4285 non
1806 4215 2004 4283 datae
2066 4221 2131 4282 et
2182 4219 2567 4282 numeratae

308 4318 629 4407 pecuniae
662 4327 950 4406 tempore
985 4327 1373 4389 contractus.
1429 4323 1534 4389 Ad
1565 4325 1978 4391 securitatem
2011 4331 2229 4392 autem
2273 4327 2560 4390 vestram

305 4427 459 4495 huic
507 4428 932 4498 instrumento
985 4435 1277 4497 nostrum
1328 4430 1618 4516 sigillum
1652 4431 1948 4519 pendens
1978 4432 2251 4500 fecimus
2292 4431 2558 4518 apponi.

308 4537 544 4605 Actum
578 4537 645 4603 in
676 4556 939 4605 camera
984 4538 1192 4625 ipsius
1225 4537 1470 4605 domini
1501 4541 1999 4627 Archiepiscopi
2030 4540 2097 4606 in
2129 4539 2463 4626 presentia
2495 4545 2561 4605 et

306 4644 681 4713 testimonio
712 4645 973 4714 Nicolai
1005 4647 1359 4715 Phareusis
1380 4647 1712 4734 Episcopi,
1746 4648 2003 4718 Nicolai
2034 4647 2299 4735 Duymi‚
2320 4645 2557 4714 Marini
