3359 5250
1864 388 1985 486 -{³{3

1886 964 1995 1033 58.

807 1152 1060 1218 Amold
1078 1151 1464 1236 zalameyyei
1482 1146 1781 1235 fdispdn,
1817 1145 2018 1212 ewbbi
2041 1147 2319 1212 itdleterc
2342 1143 2803 1230 vonatkozdlaq
2823 1137 3078 1223 Mihdly

808 1269 1028 1324 ”tester
1057 1255 1365 1322 dlendben
1413 1254 1719 1342 Wyzmeth
1755 1252 2135 1319 birtokdnak
2181 1252 2509 1318 erb'ezakos
2542 1250 2961 1336 hdboryatdaa
2994 1254 3076 1308 tc·

815 1363 1143 1429 leimam&
1176 1363 1539 1450 quutkw-t
1571 1360 2121 1427 hatalmaskoddsi
2151 1359 2539 1427 baucetdsbcn
2579 1355 3075 1438 elmaraeztalja.

1849 1470 2046 1534 1239.

1024 1664 1358 1735 Arnoldus
1393 1666 1627 1733 Comes
1659 1664 1746 1730 de
1778 1664 1944 1730 Zala
1995 1664 2295 1731 omnibus
2326 1662 2569 1731 Christi
2598 1661 2898 1730 fidelibus
2930 1678 3071 1747 pre-

812 1793 968 1842 sens
998 1773 1309 1860 scriptum
1329 1770 1721 1859 inspecturis
1755 1774 2033 1839 salutem
2052 1771 2120 1838 in
2152 1771 2386 1839 salutis
2418 1771 2755 1857 largitore.
2803 1768 2911 1836 Ad
2940 1767 3076 1835 uni·

808 1900 1147 1949 uersor-um
1178 1880 1417 1948 Sancte
1445 1878 1679 1947 Matris
1713 1879 2009 1946 Ecclesie
2057 1877 2338 1947 filiorum
2388 1879 2690 1948 uolumus
2729 1874 3075 1964 peruenire

812 1987 1143 2073 noticiam,
1194 1989 1372 2073 quod
1419 1987 1614 2076 Opoy
1662 1988 1888 2055 Banus
1939 1987 2151 2056 tocius
2200 1988 2548 2056 Sclauonie
2597 2004 2890 2069 causam,
2948 2002 3077 2066 que

810 2097 1192 2186 uertebatur
1237 2098 1408 2164 inter
1455 2097 1845 2182 Magistrum
1895 2094 2281 2163 Michaelem
2332 2094 2599 2162 fratrem
2647 2089 2876 2160 Buzad
2906 2090 3076 2159 Bani

813 2222 900 2270 ex
927 2222 1061 2270 una
1090 2209 1282 2290 parte
1314 2223 1512 2290 super
1542 2202 1994 2272 destruccione
2047 2201 2258 2290 predij
2291 2204 2401 2272 siti
2431 2203 2603 2270 inter
2632 2202 2795 2270 duos
2836 2198 3076 2266 fluuios

813 2311 1085 2377 Droaha
1132 2308 1442 2379 uidelicet
1472 2318 1539 2378 et
1566 2310 1905 2379 Zurathka
1953 2310 2217 2379 nomine
2246 2309 2613 2397 Wyzmeth,
2645 2316 2715 2376 et
2741 2307 3080 2393 Egyvtkw

815 2416 1163 2505 Welchyk,
1196 2418 1420 2489 Othok
1450 2440 1530 2486 ac
1579 2428 2009 2506 cognatorum
2059 2421 2412 2489 eorundem
2462 2440 2547 2488 ex
2575 2421 2805 2505 altera,
2854 2423 3081 2487 nostre

813 2526 1179 2595 transmisit
1226 2530 1556 2597 sentencie
1608 2529 2049 2614 iudicandam,
2103 2528 2536 2599 ordinandam
2586 2535 2652 2597 et
2679 2527 2828 2615 paci
2877 2525 3078 2594 refor-

815 2637 1143 2704 mandam.
1175 2637 1314 2706 Nos
1347 2637 1547 2721 igitur
1567 2639 1863 2707 uolentes
1886 2658 2156 2707 causam
2175 2646 2349 2707 terre
2380 2637 2681 2726 inprimis
2707 2635 3077 2722 exquirere,

816 2743 904 2810 ad
931 2749 1177 2810 terram
1230 2743 1677 2830 supradictam
1729 2748 2147 2830 accessimus,
2199 2747 2588 2814 descensum
2634 2745 2958 2812 facientes
3005 2744 3076 2810 in

816 2849 1013 2917 domo
1062 2853 1432 2932 PetruzloV,
1483 2851 1861 2918 conuocatis
1907 2854 2205 2922 omnibus
2239 2855 2704 2924 commetaneis
2742 2860 2809 2919 et
2853 2872 3082 2938 parro-

815 2957 1092 3045 chianis,
1124 2964 1191 3024 et
1221 2957 1523 3026 omnibus
1557 2957 1714 3043 alijs
1743 2958 1906 3026 uiris
1936 2959 2215 3045 ydoneis
2247 2968 2313 3029 et
2340 2962 2674 3031 nobilibus
2718 2956 3078 3028 circumad-

814 3065 1205 3148 iacentibns‚
1257 3063 1582 3132 noluimus
1633 3084 1904 3133 causam
1953 3064 2403 3152 supradictam
2453 3067 2765 3150 iudicare,
2806 3068 3077 3135 interro-

817 3181 1053 3259 gantes
1099 3174 1489 3259 Magistrum
1534 3172 1944 3259 Michaelem,
1997 3174 2282 3258 qualiter
2330 3180 2575 3243 terram
2624 3173 3079 3262 supradictam

817 3279 1243 3367 possedisset.
1280 3279 1408 3358 Qui
1439 3279 1632 3367 dixit,
1664 3300 1740 3347 se
1772 3280 1911 3349 iure
1944 3281 2301 3369 empcionis
2323 3283 2810 3368 possessionem
2840 3301 3080 3349 memo-

816 3394 1030 3454 ratam
1061 3388 1476 3474 possedisse;
1511 3394 1577 3455 et
1609 3407 1806 3474 super
1837 3390 1960 3457 hoc
1994 3389 2252 3457 litteras
2285 3389 2732 3476 priuilegiales
2769 3388 3081 3457 Illustris·

825 3495 977 3563 simi
1007 3495 1080 3561 Β.
1102 3494 1231 3563 Dei
1261 3495 1487 3581 gracia
1505 3495 1708 3580 Regis
1745 3497 2100 3582 Hungarie,
2139 3504 2205 3563 et
2223 3497 2512 3584 Capituli
2529 3495 3081 3583 Wesprimiensis,

822 3621 946 3671 nec
974 3622 1105 3670 non
1137 3607 1203 3670 et
1232 3600 1545 3689 Episcopi
1577 3601 1872 3670 eiusdem
1904 3604 2030 3672 loci
2059 3602 2456 3673 venerabilis
2500 3604 2710 3689 patris
2742 3600 3078 3687 exhibuit3

821 3729 986 3795 quas
1006 3731 1126 3778 nos
1157 3711 1226 3777 in
1257 3708 1604 3795 presencia
1620 3711 1908 3778 omnium
1936 3711 2030 3778 ibi
2061 3712 2510 3796 existencium,
2552 3709 2717 3778 etin
2734 3710 3082 3798 presencia

818 3819 1132 3906 Egyvtkv
1179 3838 1260 3885 ac
1308 3827 1736 3902 cognatorum
1787 3819 2099 3903 eiusdem,
2153 3828 2221 3887 et
2264 3821 2336 3887 in
2384 3818 2729 3906 presencia
2774 3818 3079 3906 pristaldi

816 3926 1381 3995 Excellentessimi
1413 3924 1487 3992 G.
1520 3924 1744 4012 Regis,
1780 3926 1984 3996 Dncis
2017 3928 2228 3995 tocius
2260 3926 2630 4010 Solanonie,
2678 3925 2942 3994 nomine
2974 3925 3081 3992 Al-

816 4035 983 4104 berti
1034 4036 1117 4103 de
1147 4033 1307 4101 villa
1338 4033 1560 4100 Sancti
1592 4032 1862 4120 Georgij
1897 4055 2014 4121 pro
2048 4056 2149 4120 eo,
2185 4056 2313 4122 quo
2346 4035 2558 4102 dictus
2589 4035 2667 4101 E.
2703 4042 2769 4102 et
2811 4033 3080 4118 cognati

815 4143 918 4210 sui
967 4149 1209 4210 terram
1257 4141 1551 4226 ipsorum
1601 4140 1668 4206 in
1719 4142 1839 4207 illa
1889 4148 2067 4209 terra
2116 4163 2234 4230 per
2266 4142 2652 4228 Magistrum
2686 4140 3081 4208 Michaelem

815 4252 1134 4319 uiolenter
1184 4253 1514 4335 receptam
1545 4266 1698 4315 esse
1730 4245 2059 4335 dicebant,
2116 4251 2316 4317 uerbo
2351 4249 2439 4315 ad
2479 4249 2750 4316 uerbum
2801 4246 3079 4315 fecimus

815 4358 1108 4445 perlegi3
1143 4376 1308 4443 quas
1342 4376 1490 4423 cum
1522 4354 1734 4424 omnis
1758 4357 2103 4427 multitudo
2136 4378 2267 4424 una
2296 4377 2442 4423 cum
2471 4355 2636 4442 ipsis
2660 4356 2735 4421 Ε.
2769 4354 3080 4423 uidelicet

816 4472 882 4534 et
913 4467 1211 4551 cognatis
1263 4466 1405 4534 eius
1433 4464 1814 4549 audiuisset,
1848 4466 2394 4553 interrogauimus
2445 4464 2727 4549 eosdem,
2779 4464 2839 4531 si
2870 4464 3080 4547 Magi-

815 4580 948 4642 ster
970 4574 1141 4642 iuste
1192 4581 1254 4642 et
1284 4575 1574 4660 legitime
1623 4574 1811 4640 illam
1841 4580 2085 4641 terram
2135 4574 2559 4662 possedisset,
2610 4579 2675 4640 et
2720 4570 3079 4657 priuilegia

816 4685 1106 4769 perlecta
1139 4689 1357 4751 essent
1404 4684 1577 4750 iuste
1608 4688 1673 4749 et
1702 4682 1995 4767 legitime
2025 4684 2288 4749 collata.
2339 4682 2466 4761 Qui
2498 4681 2565 4746 in
2593 4681 2775 4748 nullo
2810 4677 3081 4766 priuile-
