3359 5250
1391 346 1524 415 353

316 536 766 608 ducentesimo
808 541 1349 627 quinquagesimo
1380 542 1582 610 tercio
1616 541 1828 629 pridie
1862 542 2180 613 kalendas
2215 546 2422 633 Junij,
2472 548 2585 615 Re-

325 647 440 734 gni
477 655 697 715 autem
729 649 937 716 nostri
970 668 1144 716 anno
1175 647 1429 717 decimo
1462 655 1715 717 octauo.

321 844 603 913 (Eredetie
630 842 976 913 borbartyfin,
1005 862 1038 898 a
1065 846 1234 914 fnggb'
1260 846 1442 915 penset
1467 848 1741 907 elveszett,
1771 865 1801 902 a
1828 849 1994 903 budai
2020 851 2124 903 kir.
2154 853 2399 905 kamarai
2426 852 2588 905 level-

1341 933 1581 1008 tin-ban.)

1376 1700 1529 1772 246.

327 1885 454 1954 IV.
477 1885 655 1952 Ine-ze
668 1890 846 1972 pdpa
865 1884 1144 1970 ajddrai
1160 1881 1438 1949 &seknek
1457 1882 1851 1970 meqhaqyja,
1870 1880 2029 1971 hoyy
2051 1882 2339 1973 bizonyos
2362 1886 2577 1953 Μωσ-

495 1994 635 2079 stiffi
663 1990 1012 2078 akaddlyra
1039 1997 1223 2055 ndzve
1259 1989 1447 2055 Pm‘de
1465 1989 1701 2075 jadrae·
1727 1992 1835 2054 adt
1847 1987 2190 2075 felmentse.
2226 1990 2420 2057 1253.

553 2187 965 2257 Innocentius
999 2186 1365 2275 Episcopus
1415 2205 1643 2255 servus
1691 2204 2026 2255 servorum
2072 2188 2197 2256 Dei
2228 2189 2593 2258 venerabili

331 2299 525 2367 fratri
582 2349 598 2366 .
637 2346 653 2365 .
691 2346 706 2363 .
759 2296 1277 2383 Archiepiscopo
1326 2294 1634 2363 Jadrensi
1699 2296 1974 2364 salutem
2026 2303 2088 2363 et
2138 2296 2587 2383 Apostolicam

333 2405 871 2476 benedictionem.
923 2403 1160 2472 Potitio
1193 2402 1390 2471 Pride
1441 2403 1734 2473 mulieris
1763 2401 2106 2472 Jadrensis
2156 2404 2343 2474 nobis
2392 2424 2587 2495 expo-

333 2516 465 2584 sita
496 2514 892 2599 continebat,
927 2511 1102 2597 quod
1135 2511 1411 2580 condam
1450 2512 1823 2597 Stephanus
1855 2517 2042 2599 pater
2072 2512 2221 2581 eius
2248 2513 2335 2581 de
2362 2517 2592 2585 volun-

336 2631 474 2691 tate
505 2623 739 2713 ipsius,
771 2619 944 2709 quod
978 2641 1124 2692 eam
1155 2621 1430 2691 condam
1452 2620 1736 2690 Pridano
1776 2619 1907 2687 civi
1938 2620 2243 2691 Jadrensi
2280 2618 2590 2712 traderet,

335 2739 404 2801 et
435 2732 612 2800 idem
642 2731 827 2817 civis,
879 2729 991 2817 qui
1024 2749 1170 2798 eam
1203 2728 1522 2817 reciperet
1551 2728 1618 2797 in
1649 2747 1938 2817 uxorem,
1986 2730 2350 2802 iuramento
2381 2734 2591 2801 firma-

337 2849 528 2928 runt;
579 2840 695 2908 scd
728 2839 1140 2928 postmodum
1191 2858 1338 2907 cum
1370 2839 1517 2924 ipsa
1547 2847 1615 2908 et
1644 2838 1857 2909 dictus
1905 2838 2070 2908 civis
2101 2861 2231 2911 non
2265 2845 2585 2912 eonsenti-

336 2959 476 3020 rent
508 2949 596 3019 ad
628 2949 903 3017 invicem
941 2946 1504 3017 matrimonialiter
1535 2947 1854 3035 copulari,
1906 2947 2088 3018 dicta
2116 2950 2350 3020 mulier
2389 2971 2468 3020 eo
2498 2952 2590 3021 vi-

336 3067 530 3127 vente
561 3058 889 3134 contraxit
920 3057 1402 3127 matrimonium
1434 3077 1553 3144 per
1585 3057 1791 3126 verba
1823 3057 1907 3127 de
1943 3059 2229 3145 presenti
2262 3077 2411 3127 eum
2442 3060 2590 3128 Pte-

336 3168 580 3237 stantio
610 3166 783 3236 laico
814 3166 1147 3252 Jadrensi,
1198 3167 1311 3252 qui
1341 3165 1515 3234 dicto
1547 3166 1676 3234 eivi
1729 3173 1964 3253 quarta
1997 3166 2590 3254 consanguinitatis

335 3276 513 3344 linea
544 3274 884 3360 attinebat,
919 3274 1170 3342 carnali
1203 3275 1441 3362 copula
1471 3275 1856 3361 subsecuta3
1913 3292 2120 3360 quare
2149 3274 2330 3346 dicta
2358 3275 2591 3344 mulier

338 3385 530 3453 nobis
581 3383 910 3451 humiliter
960 3384 1378 3473 supplicavit,
1437 3392 1508 3452 ut
1538 3405 1685 3453 eum
1716 3382 1892 3451 idem
1940 3383 2103 3453 civis
2134 3385 2310 3453 viam
2341 3385 2428 3453 sit
2457 3386 2592 3454 uni-

339 3513 527 3562 verse
579 3492 796 3561 earnis
845 3492 1180 3580 ingressus
1202 3545 1221 3579 ‚
1284 3493 1672 3583 dispensare
1724 3513 1871 3561 cum
1924 3512 2007 3562 ea
2054 3499 2121 3561 et
2167 3493 2340 3563 dicto
2398 3492 2590 3580 laico,

339 3602 517 3687 quod
565 3623 695 3670 non
747 3603 1052 3672 obstante
1085 3603 1348 3691 publice
1396 3604 1761 3674 honestatis
1809 3603 2063 3672 iustitia
2097 3603 2351 3691 possint
2399 3602 2467 3669 in
2498 3603 2595 3670 sic

341 3716 674 3778 contracto
725 3711 1134 3779 matrimonio
1183 3711 1358 3780 licite
1392 3731 1755 3804 remanere2
1801 3711 1885 3781 de
1935 3710 2342 3799 benignitate
2402 3710 2595 3779 Sedis

340 3819 723 3906 Apostolice
755 3820 1193 3908 dignaremur.
1245 3821 1570 3903 Quocirca
1603 3822 2009 3908 mandamus,
2041 3830 2368 3908 quatenus
2399 3842 2596 3910 super

338 3928 463 3997 hoc
496 3930 888 4000 auctoritate
920 3939 1146 3999 nostra
1190 3930 1535 4018 dispenses
1568 3952 1713 4000 cum
1754 3931 2026 4000 muliere
2059 3951 2138 3999 ac
2167 3931 2335 3998 laico
2367 3950 2594 4019 supra-

339 4035 553 4124 dictis,
588 4036 646 4104 si
679 4036 860 4106 aliud
891 4060 1018 4107 non
1054 4040 1353 4109 obsistat.
1401 4040 1643 4108 Datum
1678 4040 1881 4107 Asisii
1913 4039 2127 4108 idibus
2160 4040 2344 4125 sulii,
2380 4039 2595 4107 Ponti-

335 4143 570 4212 ficatus
603 4147 804 4214 nostri
840 4166 1011 4216 anno
1050 4147 1409 4217 undecimo.

337 4342 601 4410 (Theiner
626 4327 888 4410 Agostom
928 4346 1130 4400 Vetera
1155 4347 1511 4399 Monumenta
1534 4344 1821 4397 Slavorum
1858 4341 2292 4396 meridionalium
2318 4342 2595 4395 historiam

1092 4437 1428 4491 illustrantia
1455 4437 1495 4488 1.
1525 4435 1635 4489 kut.
1665 4437 1753 4488 80.
1781 4433 1841 4500 1.)

1196 4622 1564 4631 ..μᾷ-ψ
1591 4625 1662 4631 -...-
1677 4626 1725 4633 -ι-

429 4805 636 4846 nomm.
666 4807 826 4847 nune.
859 4807 999 4846 mer.
1040 4816 1112 4828 -—·
1151 4808 1294 4847 mvn.
1330 4800 1396 4841 18.
2193 4783 2275 4841 23
