3359 5250
1702 276 1923 375 ⁷456

1770 849 1923 917 323.

729 1054 773 1119 I
782 1054 848 1119 V.
897 1054 1062 1119 Be'la
1107 1052 1317 1137 hio-city
1357 1050 1612 1116 Chonuk
1659 1050 1925 1117 bio-tolcam
1976 1053 2296 1137 Wiqma'ni
2343 1052 2563 1118 Endre
2612 1075 2804 1118 comes
2836 1059 2895 1117 εἰς
2950 1077 2987 1117 a

1240 1161 1479 1246 kirdlyi
1510 1160 1788 1226 lovciszok
1817 1160 1953 1228 kozt
1982 1161 2245 1228 rendezi.
2281 1163 2473 1228 1257.

942 1360 1109 1428 Bela
1126 1359 1250 1428 Dei
1279 1361 1506 1445 gracia
1526 1359 1888 1445 Hungarie,
1907 1359 2266 1446 Dalmacie,
2298 1360 2587 1447 Croacie,
2606 1363 2828 1447 Rame,
2846 1360 2989 1429 Ser·

727 1472 859 1555 uie,
911 1467 1216 1553 Gallicis,
1267 1467 1671 1556 Lodomerie,
1724 1466 2168 1554 Cumanieque
2216 1470 2355 1537 Rex
2406 1467 2704 1537 omnibus
2754 1470 2991 1554 quibus

727 1582 1059 1662 presentes
1091 1575 1521 1645 ostenduntur
1552 1583 1687 1645 tam
1735 1577 2151 1663 presentibus
2197 1597 2390 1662 quam
2424 1576 2659 1645 futuris
2706 1576 2988 1645 salutem

728 1687 795 1752 in
841 1685 1130 1754 omnium
1179 1686 1534 1755 saluatore.
1577 1685 1769 1755 Licet
1816 1686 2272 1755 munificencie
2299 1685 2570 1771 Regalis
2601 1686 2990 1755 inmensitas

726 1795 813 1863 ad
865 1793 1189 1880 quoslibet
1234 1815 1433 1863 manu
1486 1795 1794 1881 largiflua
1841 1816 1914 1863 se
1965 1793 2209 1863 habere
2259 1793 2519 1880 debeat3
2568 1794 2721 1861 illos
2772 1800 2988 1863 tamen

734 1905 1054 1973 vberioris
1104 1911 1171 1972 et
1222 1905 1562 1991 amplioris
1635 1907 1857 1992 gracie
1922 1906 2239 1974 beneficio
2307 1906 2531 1974 fouere
2607 1908 2865 1972 tenetur
2929 1909 2993 1970 et

728 2013 1055 2099 amplecti,
1089 2033 1361 2099 quorum
1390 2014 1691 2083 inmense
1723 2014 2070 2083 fidelitatis
2102 2012 2545 2083 constanciam
2577 2032 2693 2097 per
2744 2012 2991 2097 experi-

726 2128 949 2189 menta
981 2119 1214 2189 didicit
1245 2127 1310 2189 et
1339 2142 1591 2189 morum
1623 2122 2031 2191 honestatem
2066 2122 2309 2208 iugiter
2340 2120 2771 2209 comprobari.
2833 2119 2990 2187 Pro-

723 2227 878 2296 inde
908 2228 994 2296 ad
1024 2228 1478 2299 vniuersorum
1529 2231 1843 2299 noticiam
1875 2231 2175 2299 volumus
2227 2229 2589 2316 peruenire,
2639 2227 2815 2313 quod
2845 2248 2990 2296 cum

725 2343 968 2405 terram
1018 2337 1279 2406 nomine
1309 2337 1584 2407 Chonuk
1633 2358 1836 2425 prope
1865 2340 2171 2424 Wigman
2205 2337 2610 2423 existentem,
2678 2356 2803 2423 que
2834 2354 2987 2421 aga-

725 2465 962 2512 zonum
993 2452 1361 2515 nostrorum
1392 2448 1626 2535 fuerat,
1677 2468 1822 2516 cum
1873 2468 2085 2517 vacua
2116 2455 2182 2515 et
2229 2447 2532 2516 desolata
2562 2452 2712 2533 post
2759 2446 2988 2514 Tarta-

724 2572 833 2619 ros
889 2554 1330 2642 remansisset,
1393 2557 1638 2626 dilecto
1690 2563 1755 2623 et
1805 2554 1984 2625 fideli
2038 2563 2257 2626 nostro
2308 2555 2546 2623 Comiti
2596 2552 2858 2622 Andree
2908 2555 2991 2622 de

725 2666 1033 2748 Wigman
1064 2688 1182 2754 pro
1204 2670 1507 2755 seruieijs
1541 2675 1607 2736 et
1637 2667 2092 2753 fidelitatibus,
2126 2688 2289 2754 quas
2321 2666 2513 2734 nobis
2544 2666 2988 2734 indesinenter

728 2774 1134 2862 exhibuerat,
1179 2798 1297 2864 pro
1330 2778 1565 2863 quibus
1600 2777 2135 2845 remuneracione
2169 2777 2480 2863 ampliori
2510 2776 2741 2845 merito
2774 2775 2987 2844 fuerat

725 2883 1149 2970 attollendus,
1195 2886 1278 2954 de
1311 2883 1724 2971 plenitudine
1756 2893 1978 2954 nostre
2008 2885 2227 2969 gracie
2259 2886 2797 2971 contulissemus3
2848 2891 2986 2951 tan-

723 2992 870 3061 dem
901 3013 1048 3062 eum
1081 2993 1349 3079 quidam
1380 2995 1797 3081 postmodum
1831 2995 1916 3062 de
1946 2994 2114 3080 ipsis
2159 2994 2583 3080 agazonibus,
2633 2994 2745 3080 qui
2778 2993 2986 3080 primo

723 3105 932 3190 ipsam
979 3110 1214 3173 terram
1268 3105 1746 3192 inhabitabant,
1793 3105 2077 3192 dispersi
2129 3125 2249 3191 per
2287 3107 2603 3174 Tartaros
2638 3105 2988 3190 redijssent

722 3219 1012 3280 nostram
1042 3212 1535 3281 Excellenciam
1566 3214 2003 3300 imploraturi,
2057 3221 2125 3281 vt
2154 3214 2515 3301 predictam
2546 3219 2793 3281 terram
2825 3211 2987 3298 ipsis

717 3320 1059 3388 restituere
1094 3319 1159 3386 di
1187 3340 1571 3408 gnaremur;
1601 3322 1809 3406 Regia
1838 3322 2250 3408 benignitate
2281 3319 2527 3389 inducti
2557 3320 2835 3388 terciam
2866 3341 2988 3406 par

717 3436 846 3497 tem
879 3428 1169 3497 eiusdem
1220 3436 1392 3499 terre
1442 3432 1605 3520 ipsis
1638 3432 2034 3515 agazonibus
2077 3449 2197 3516 per
2229 3432 2485 3499 fidelem
2537 3437 2601 3498 et
2650 3430 2969 3499 dilectum

718 3542 1009 3607 nostrum
1053 3537 1439 3623 Magistrum
1489 3538 1923 3624 smaragdum
1972 3540 2327 3608 Albensem
2356 3539 2772 3625 Prepesitum
2817 3537 2971 3606 aule

717 3652 938 3715 nostre
968 3646 1632 3717 Vice-Cancellarium
1666 3649 1994 3732 assignari
2028 3647 2337 3735 fecimus3
2382 3646 2547 3716 duas
2577 3653 2799 3733 partes
2851 3646 2969 3714 Co-

724 3754 865 3821 miti
897 3755 1174 3841 Andree,
1226 3763 1292 3825 et
1320 3777 1437 3842 per
1469 3778 1614 3827 eum
1664 3758 1804 3825 suis
1835 3756 2206 3844 heredibus,
2251 3757 2697 3840 heredumque
2728 3775 2977 3824 sucees-

715 3863 974 3932 soribus
992 3872 1306 3952 perpetuo
1327 3866 1772 3954 relinquendo,
1791 3873 2130 3953 Vtramque
2148 3873 2409 3951 terram,
2431 3863 2746 3934 videlicet
2779 3884 2973 3950 quam

716 3973 1112 4055 agazonibus
1162 3975 1608 4062 restituimus,
1654 3983 1717 4043 et
1749 3968 1960 4061 'quam
2009 3975 2245 4044 Comiti
2278 3973 2541 4042 Andree
2570 3973 2983 4059 reliquimus,

714 4080 919 4148 certis
952 4084 1144 4151 metis
1177 4082 1462 4168 vndique
1511 4087 1807 4169 separari
1861 4083 2152 4152 fecimus.
2204 4085 2498 4165 Quarum
2532 4081 2797 4167 quidem
2829 4079 2985 4151 dua-

716 4210 858 4257 rum
890 4191 1188 4277 parcium
1220 4197 1395 4261 terre
1425 4198 1618 4273 mete,
1667 4212 1833 4277 quas
1867 4191 1995 4279 ipsi
2028 4190 2267 4260 Comiti
2300 4191 2565 4259 Andree
2598 4190 2987 4277 reliquimus

713 4296 836 4365 hoc
883 4297 1115 4366 ordine
1168 4297 1648 4388 distinguntur;
1698 4307 1892 4387 prout
1941 4301 2114 4370 idem
2166 4299 2380 4369 fidelis
2411 4306 2638 4367 noster
2672 4297 2986 4369 Albensis

713 4408 1090 4493 Prepesitus
1109 4409 1300 4478 nobis
1335 4409 1403 4476 in
1424 4409 1691 4495 scriptis
1713 4411 2143 4496 presentauit.
2193 4408 2431 4495 Incipit
2462 4410 2636 4478 enim
2666 4408 2734 4476 in
2767 4410 2984 4496 capite

715 4515 1048 4584 cuiusdam
1073 4516 1268 4604 fosse,
1305 4518 1412 4588 vbi
1445 4520 1909 4605 continguatur
1940 4525 2114 4587 terre
2134 4518 2273 4587 Abe
2295 4518 2671 4605 jobagionis
2691 4520 2982 4604 Regium

714 4622 868 4691 inde
915 4625 1099 4694 vadit
1152 4627 1220 4696 in
1272 4634 1510 4696 terram
1563 4629 1915 4716 incultam,
1983 4650 2110 4715 que
2157 4654 2275 4717 ⁴‹Jep
2310 4634 2597 4713 vocatur,
2646 4628 2735 4696 ad
2786 4636 2983 4715 caput
