3359 5250
1814 352 1953 418 424

1804 924 1962 992 301.

759 1124 876 1189 IV.
912 1125 1069 1190 Be'la
1098 1126 1306 1210 kirdcy
1337 1149 1378 1189 a
1398 1124 1671 1212 Somoqy
1691 1146 1899 1211 mcqyc
1911 1124 2267 1210 fo'ispcinya
2299 1128 2357 1186 εἰς
2387 1124 2700 1209 vei-rne'pei,
2732 1145 2763 1184 s
2790 1117 3023 1206 Garyq

952 1239 1072 1299 mir
1088 1233 1431 1319 jobbdyyai
1457 1231 1619 1297 lcb'zti
1645 1230 2291 1317 katafrvillonydeokat
2320 1231 2575 1293 elinte'zi.
2617 1224 2812 1292 1256.

967 1428 1130 1496 Bela
1166 1428 1295 1495 Dei
1343 1427 1574 1513 gracia
1623 1425 1977 1512 Hungarie,
2025 1425 2389 1509 Dalmacie‚
2439 1423 2733 1508 Oroacie,
2783 1425 3017 1506 Rame,

758 1537 1005 1619 Seruio,
1029 1536 1330 1622 Gallicis,
1365 1536 1772 1622 Lodomerie,
1806 1536 2249 1622 Cumanieque
2268 1536 2408 1601 Rex
2440 1534 2741 1600 omnibus
2772 1530 3017 1599 Christi

760 1643 1063 1710 fidelibus
1096 1649 1439 1729 presentes
1484 1643 1745 1711 litteras
1775 1643 2168 1730 inspecturis
2218 1642 2499 1709 salutem
2530 1640 2599 1707 in
2631 1661 2731 1723 eo,
2771 1639 2880 1722 qui
2914 1648 3020 1707 est

763 1751 948 1817 salus
980 1749 1288 1818 omnium.
1342 1748 1559 1832 Officij
1592 1750 1796 1816 nostri
1835 1749 2124 1817 debitum
2156 1769 2276 1816 nos
2309 1755 2638 1817 ammonet
2667 1745 3021 1830 inuigilare

763 1852 1074 1942 remedijs
1123 1851 1567 1938 subditorum3
1630 1855 1786 1938 quia
1837 1854 1987 1921 dum
2037 1874 2265 1924 eorum
2321 1855 2686 1922 excutimus
2747 1853 3019 1936 honera,

765 1964 919 2032 dum
947 1960 1269 2031 scandala
1300 1979 1727 2046 remouemus,
1775 1980 1895 2029 nos
1925 1961 1994 2027 in
2025 1962 2311 2048 ipsorum
2350 1962 2570 2047 quiete
2601 1960 3018 2044 quiescimus,

766 2080 833 2142 et
851 2070 1037 2159 pacis
1068 2089 1289 2136 eorum
1311 2066 1647 2135 commodo
1679 2067 2104 2151 gratulamur.
2142 2069 2427 2139 Proinde
2457 2068 2544 2137 ad
2565 2068 3025 2135 uniuersorum

767 2178 1179 2271 presencium
1196 2183 1732 2264 posterorumque
1765 2177 2074 2245 noticiam
2113 2179 2342 2245 harum
2362 2177 2534 2245 serie
2563 2178 2863 2247 volumus
2883 2193 3025 2262 per·

768 2289 1031 2373 uenirc;
1085 2287 1261 2372 quod
1289 2306 1435 2354 cum
1464 2286 1634 2354 inter
1686 2287 1997 2355 dilectum
2046 2285 2308 2355 fidelem
2356 2295 2646 2355 nostrum
2683 2286 3022 2355 Herricum

771 2395 1088 2465 Comitem
1119 2391 1617 2478 Symigiensem,
1651 2398 1718 2458 et
1738 2392 2120 2461 castrenses
2154 2392 2237 2460 de
2267 2391 2498 2478 Garyg
2530 2412 2613 2459 ex
2642 2413 2776 2460 vna
2812 2400 3024 2480 parte,

772 2525 854 2573 ac
872 2501 1272 2589 jobagiones
1324 2498 1615 2566 eiusdem
1647 2499 1847 2575 castri
1877 2499 1947 2564 in
1977 2499 2127 2586 ipsa
2159 2501 2389 2585 Garyg
2420 2500 2777 2568 existentes
2814 2519 2901 2566 ex
2929 2500 3022 2566 al-

774 2621 934 2698 tera,
988 2608 1100 2696 qui
1130 2631 1173 2676 a
1202 2613 1496 2694 tempore
1525 2607 1728 2692 Regis
1772 2607 2111 2677 Colomani
2161 2607 2497 2677 karissimi
2546 2608 2770 2677 fratris
2819 2608 3030 2678 nostri

777 2719 884 2805 pie
915 2714 1425 2801 recordacionis,
1447 2721 1702 2801 stante,
1723 2713 1795 2781 in
1826 2714 2033 2800 Garig
2056 2715 2323 2804 (terras)
2343 2717 2796 2804 possederant,
2832 2738 3031 2804 super

779 2822 1073 2895 torminis
1122 2828 1439 2889 terrarum
1487 2841 1753 2890 suarum
1787 2823 1854 2889 in
1891 2829 2116 2891 nostra
2159 2828 2507 2911 presencia
2538 2824 2791 2909 questio
2820 2831 3029 2893 nerte-

777 2941 997 3017 retnr;
1048 2930 1343 2997 volentes
1391 2929 1775 3002 scandalum
1823 2947 1938 2998 seu
1971 2929 2363 3000 discordiam
2413 2933 2640 2999 tollere
2688 2930 2771 2999 de
2813 2932 3029 2999 medio

781 3040 1155 3123 eorundem,
1185 3060 1270 3107 ne
1300 3038 1369 3106 in
1402 3046 1600 3108 antea
1629 3047 1986 3124 grauentur
2033 3041 2370 3111 laboribus
2400 3049 2465 3108 et
2496 3042 2837 3128 expensi83
2891 3061 3033 3128 pre·

781 3149 1021 3222 dictum
1052 3145 1391 3214 Herricum
1440 3146 1778 3231 Comitem,
1831 3147 1941 3232 qui
1972 3147 2118 3214 vice
2146 3167 2269 3216 sua
2306 3148 2742 3234 Pangracium
2788 3149 3036 3218 officia·

780 3262 914 3327 lem
944 3274 1133 3324 suum
1183 3253 1267 3320 de
1300 3254 1533 3339 Garyg
1582 3254 1670 3320 ad
1700 3254 1823 3322 hoc
1864 3254 2228 3343 deputauit,
2278 3264 2344 3324 et
2391 3258 2776 3342 Magistrum
2828 3256 3031 3326 Bene·

782 3368 1030 3436 dictum
1061 3360 1880 3446 Quinque-Ecclesiensem
1910 3364 2166 3432 fidelem
2215 3365 2538 3434 hominem
2579 3371 2877 3433 nostrum
2912 3386 3036 3452 pro

783 3474 976 3543 metis
1026 3469 1380 3541 eorundem
1429 3468 1915 3555 distinguendis
1965 3471 2268 3540 duximus
2316 3474 2850 3542 transmittendos
2870 3525 2889 3558 ,
2951 3496 3039 3542 ne

782 3600 1096 3673 processu
1145 3587 1514 3665 temporum.
1560 3578 1803 3665 prefati
1822 3580 2220 3665 jobagiones
2269 3581 2353 3649 de
2381 3587 2559 3650 terra
2606 3583 3041 3651 castrensium

785 3691 1054 3758 valeant
1100 3704 1444 3770 occupare,
1495 3686 1600 3753 vel
1642 3695 2014 3756 castrenses
2063 3695 2292 3756 contra
2342 3690 2606 3759 eosdem
2646 3691 3040 3776 jobagiones

786 3796 1197 3870 occasionem
1230 3813 1345 3860 seu
1376 3785 1717 3861 materiam
1766 3795 2055 3862 habeant
2088 3797 2491 3880 querulandi.
2546 3798 2646 3864 Ex
2675 3797 2914 3879 quibus
2943 3798 3040 3864 ui·

787 3905 1028 3974 delicet
1049 3901 1519 3988 jobagionibus
1549 3903 1753 3970 castri
1785 3902 2064 3989 predicti
2095 3911 2264 3972 mete
2295 3911 2612 3972 terrarum
2632 3905 2896 3973 Martini
2927 3905 3044 3973 Go-

794 4014 968 4083 mitis
998 4011 1115 4098 filij
1145 4009 1351 4098 Tusk‚
1386 4029 1466 4078 ac
1495 4010 1717 4079 fratris
1750 4010 1956 4099 ipsius
1988 4013 2248 4081 nominc
2279 4014 2479 4094 Gord,
2513 4034 2639 4098 que
2685 4014 3045 4100 uulgaritcr

791 4119 1212 4192 Borsonouch
1252 4124 1709 4205 nuncupantur
1729 4170 1747 4204 ,
1811 4127 2005 4207 prout
2053 4120 2263 4190 dictus
2312 4120 2503 4190 homo
2564 4129 2786 4190 noster
2843 4124 3046 4191 Bene·

793 4231 1006 4299 dictus
1038 4227 1229 4295 nobis
1250 4227 1489 4313 retulit,
1524 4233 1716 4313 prout
1747 4229 1954 4297 eciam
1986 4229 2276 4317 prefatus
2299 4231 2706 4316 Pangracius
2737 4250 2858 4318 per
2888 4250 3048 4299 suas

795 4339 1049 4407 litteras
1081 4334 1427 4419 intimauit,
1461 4335 1585 4403 hoc
1605 4335 1837 4404 ordine
1869 4337 2328 4424 distinguntur.
2368 4338 2589 4406 Prima
2609 4346 2786 4406 meta
2814 4339 3049 4424 incipit

794 4467 838 4514 a
869 4451 1054 4533 parte
1086 4443 1475 4511 occidentali
1524 4444 1647 4511 sub
1682 4465 1810 4511 vna
1842 4445 2102 4533 arbore,
2153 4466 2279 4529 quc
2310 4447 2507 4533 uulgo
2554 4449 2758 4536 ecytfa
2786 4445 3049 4530 dicitur,

797 4555 975 4620 circa
1024 4571 1220 4637 quam
1251 4560 1354 4620 est
1402 4560 1579 4619 meta
1627 4558 1839 4621 terrea
1870 4553 2160 4640 antiqua,
2211 4574 2530 4641 separans
2577 4555 2818 4623 limites
2848 4553 3050 4623 Gras-

796 4661 1047 4729 sancha
1096 4681 1138 4727 a
1172 4661 1402 4747 Garyg
1453 4681 1649 4747 super
1701 4661 1962 4730 vincam
2012 4662 2413 4749 saccrdotis;
2467 4663 2702 4730 deinde
2752 4669 2888 4732 tam
2934 4682 3055 4751 per
