3359 5250
1389 392 1522 460 449

323 592 497 680 quod
517 591 886 679 in'publicis
908 590 1407 679 represaliarum
1431 609 1651 657 eorum
1678 588 2282 681 (litteris)ape1·tius
2307 590 2591 660 contine-

321 709 442 769 tur.
479 699 729 770 Idcirco
752 698 996 767 domini
1019 698 1302 766 Michael
1326 699 1623 783 Bongole
1646 705 1710 766 et
1732 697 1773 765 J
1776 698 2071 768 ohannes
2089 697 2394 784 Ragnaui
2416 699 2596 766 cives

322 817 386 877 et
417 808 874 878 ambaxatores
905 807 1195 894 Ragusii,
1232 830 1319 877 ex
1351 792 1759 894 plenitudine
1812 808 2144 893 generalis
2195 805 2592 875 commissio-

322 918 428 986 nis
459 918 585 986 sibi
617 917 787 985 facte
819 938 862 985 a
896 918 1154 986 comite
1188 921 1250 985 et
1282 915 1628 985 Judicibus
1679 924 1745 984 et
1775 915 2207 1002 consiliariis,
2261 936 2406 984 cum
2456 914 2594 983 lau-

320 1024 597 1093 dacione
646 1024 870 1112 populi
921 1022 1098 1093 dicte
1151 1023 1463 1093 Ciuitatis
1512 1022 1791 1113 Ragusij
1844 1026 1971 1093 stb.
1993 1076 2013 1111 ,
2063 1045 2210 1094 cum
2282 1023 2596 1110 predictis

320 1135 643 1204 Carbonio
676 1134 914 1219 Angeli
953 1140 1020 1200 et
1051 1132 1301 1202 Jacobo
1336 1133 1418 1201 de
1456 1132 1825 1203 Patinianis
1858 1135 2113 1205 ciuibus
2135 1132 2583 1220 Anconitauis,

322 1243 583 1312 nomine
614 1264 733 1311 suo
766 1248 833 1311 et
862 1243 1138 1312 aliorum
1169 1242 1412 1311 ciuium
1442 1243 1727 1333 Ancone‚
1764 1264 1925 1331 quos
1956 1244 2077 1313 hec
2111 1265 2217 1314 res
2248 1242 2593 1329 contingit,

321 1353 434 1438 qui
465 1352 742 1421 fuissent
772 1352 879 1420 vel
914 1350 1244 1421 misissent
1295 1352 1361 1420 in
1414 1350 1594 1421 dicta
1644 1371 1820 1422 naue
1868 1360 2024 1422 tunc
2075 1353 2412 1441 temporis,
2464 1372 2591 1437 quo

322 1459 699 1528 huiusmodi
732 1458 999 1528 amissio
1031 1466 1096 1526 et
1128 1460 1375 1528 ablatio
1408 1458 1586 1529 facta
1615 1460 1738 1528 fuit
1768 1461 1850 1529 de
1883 1460 2186 1529 omnibus
2218 1468 2282 1528 et
2312 1459 2593 1546 singulis

320 1570 754 1658 supradictis,
788 1576 852 1639 et
888 1569 970 1638 de
1002 1569 1324 1653 omnibuS‚
1360 1592 1487 1656 que
1517 1569 1648 1658 ipsi
1699 1571 1876 1639 ciues
1927 1569 2319 1639 Anconitani
2370 1569 2593 1638 huius-

321 1680 500 1747 modi
532 1679 873 1749 occasione
903 1686 1132 1747 coutra
1161 1680 1456 1749 homines
1508 1686 1572 1748 et
1620 1681 1977 1751 Commune
2029 1679 2329 1748 Ciuitatis
2376 1681 2592 1767 Ragn-

320 1789 404 1859 sii
436 1796 660 1876 petere
691 1787 792 1857 vel
818 1786 1236 1876 {demandare
1286 1796 1558 1876 possent
1605 1809 1812 1875 usque
1858 1790 1929 1857 iu
1977 1788 2358 1858 hodiernum
2406 1788 2597 1871 diem,

321 1899 410 1965 ad
461 1897 662 1966 talem
711 1915 963 1984 pacem,
1014 1896 1430 1966 concordiam
1453 1951 1471 1984 ,
1521 1899 2034 1966 transactionem
2085 1903 2153 1964 et
2201 1894 2595 1965 amicabile‘n

328 2010 866 2099 compositionem
901 2005 1320 2105 (temnerent,
1353 2005 1658 2075 videlicet
1688 2007 1862 2093 quod
1893 2006 2054 2075 dicti
2085 2005 2266 2075 ciues
2314 2004 2594 2074 Anconi-

327 2117 474 2185 tani
526 2115 825 2204 predicta
858 2134 1066 2184 causa
1099 2114 1387 2182 habeant
1420 2122 1484 2182 et
1514 2115 1844 2183 retineant
1871 2114 1997 2183 sibi
2047 2121 2250 2184 totam
2300 2132 2595 2202 represa-

322 2226 487 2293 liam
519 2225 662 2294 siue
700 2243 827 2312 res,
862 2242 1027 2308 quas
1059 2223 1189 2312 ipsi
1220 2221 1607 2291 habuissent
1639 2225 1746 2292 vel
1778 2223 2186 2311 accepissent
2224 2221 2596 2290 hominibus

320 2333 595 2419 Ragusii
629 2350 834 2419 usque
864 2332 1075 2418 modo,
1119 2332 1465 2400 occasione
1514 2329 1835 2399 dictarum
1887 2331 2414 2417 represaliarum‚
2468 2350 2596 2417 que

320 2466 431 2514 res
461 2444 686 2512 habite
734 2443 840 2510 uel
889 2446 1157 2527 accepte
1207 2440 1478 2527 capiunt
1523 2461 1844 2509 summam
1884 2441 2380 2528 ‚extimationem
2411 2439 2595 2507 mille

320 2559 704 2622 sexcentum
736 2558 803 2619 et
836 2558 1089 2638 septem
1138 2549 1458 2618 librarum
1507 2550 2102 2638 Anconitauarutu3
2155 2569 2321 2637 quas
2376 2568 2483 2618 res
2535 2555 2600 2616 et

322 2662 820 2733 extimationem
865 2661 1230 2747 predictam
1280 2660 1438 2728 dicti
1489 2660 1983 2730 ambaxiatores
2033 2658 2353 2745 Ragusini
2402 2657 2596 2728 dictis

322 2773 577 2840 civibus
613 2768 1039 2839 Anconitauis
1074 2768 1476 2854 reliquerunt
1506 2769 1592 2838 de
1626 2770 1771 2838 Deo
1792 2819 1810 2854 ‚
1845 2775 1912 2837 et
1942 2768 2307 2839 liberaliter
2324 2788 2584 2838 conces-

325 2885 576 2947 serunt.
610 2875 886 2963 Insuper
916 2875 1202 2962 predicti
1232 2875 1720 2946 ambaxiatores
1751 2875 2070 2963 Ragusini
2102 2878 2364 2945 nomine
2414 2877 2596 2946 Com·

329 2989 553 3056 munis
584 2986 793 3073 ipsius
826 2985 1132 3054 Civitatis
1163 2985 1436 3071 Ragusii
1469 2992 1537 3053 et
1567 2986 1900 3056 hominum
1931 2984 2222 3055 eiusdem
2256 2992 2423 3054 terre
2475 3004 2596 3074 per

321 3097 815 3183 stipulationem
849 3094 1286 3180 promiserunt
1318 3094 1477 3164 dare
1509 3101 1575 3164 et
1607 3096 1866 3164 soluere
1900 3093 2216 3182 predictis
2268 3093 2594 3161 Carbonio

323 3215 396 3274 et
426 3205 674 3272 Jacobo
723 3203 1193 3291 recipientibus
1244 3225 1362 3292 pro
1415 3223 1490 3273 se
1540 3211 1606 3273 et
1655 3204 1953 3273 omnibus
2008 3202 2404 3288 supradictis
2454 3200 2598 3270 sive
2699 3189 2703 3195 ’

327 3312 768 3401 infrascriptis
799 3312 885 3381 de
912 3314 1182 3381 Ancona
1213 3319 1539 3383 tercentas
1560 3312 1764 3383 libras
1783 3315 2230 3382 Anconitanas
2250 3319 2315 3381 et
2345 3313 2599 3382 Raven-

323 3430 639 3491 natenses
673 3423 739 3489 in
774 3421 1056 3489 civitate
1088 3423 1354 3490 Aueone
1387 3440 1596 3507 usque
1626 3422 1716 3489 ad
1734 3421 2021 3491 medium
2041 3421 2281 3491 mensis
2311 3420 2602 3506 Septem-

326 3531 465 3600 bris
497 3530 785 3621 proxime
815 3532 1094 3616 venturi,
1125 3530 1248 3598 sub
1278 3549 1453 3618 pena
1485 3529 1691 3619 dupli,
1725 3538 1790 3599 et
1810 3532 1931 3600 sub
1963 3529 2367 3616 obligatione
2395 3530 2597 3599 bono-

327 3661 478 3709 rum
508 3639 840 3709 hominum
870 3651 938 3709 et
968 3638 1342 3707 Communis
1377 3634 1586 3724 ipsius
1621 3638 1925 3707 Civitatis
1946 3639 2241 3723 Ragusii.
2262 3638 2404 3719 Que
2426 3640 2601 3708 bona

325 3748 803 3820 constituerunt
834 3768 907 3818 se
937 3770 1052 3834 pro
1087 3750 1185 3816 eis
1217 3749 1516 3834 precario
1574 3745 1833 3816 nomine
1881 3747 2239 3834 possidere,
2289 3755 2354 3816 et
2407 3767 2600 3815 omne

325 3858 682 3946 dampnum
716 3864 781 3924 et
812 3875 1141 3943 expensas
1173 3857 1437 3923 reficere
1470 3860 1536 3923 et
1567 3854 1975 3940 integraliter
2006 3856 2346 3944 resarcire,
2378 3855 2501 3925 boc
2532 3854 2598 3921 in

326 3966 524 4036 modo
558 3973 623 4032 ct
652 3972 849 4055 pacto
881 3965 1055 4034 inter
1092 3984 1204 4033 eos
1238 3963 1597 4049 servand03
1627 3969 1701 4032 ut
1731 3961 1789 4030 si
1822 3962 1996 4030 dicte
2025 3968 2317 4033 tercente
2337 3964 2501 4033 libre
2532 3962 2599 4029 in

323 4076 503 4144 dicto
535 4077 810 4145 termino
842 4075 1056 4144 solute
1108 4094 1236 4143 non
1287 4073 1533 4144 fuerint
1583 4072 1778 4144 dictis
1831 4073 2083 4141 civibus
2132 4073 2600 4163 Anconitauis,

320 4187 528 4254 liceat
560 4193 625 4254 et
658 4186 867 4253 libera
898 4191 1195 4273 potestas
1228 4185 1316 4253 sit
1351 4185 1515 4275 ipsis
1549 4185 1804 4253 civibus
1838 4183 2267 4252 Anconitauis
2300 4191 2364 4251 et
2417 4184 2599 4251 cuili-

323 4296 436 4364 bet
468 4315 690 4363 eorum
721 4314 845 4364 sua
877 4293 1266 4362 auctoritate
1299 4314 1537 4381 capere
1590 4300 1656 4363 et
1708 4293 1987 4363 retinere
2038 4277 2121 4361 de
2173 4292 2362 4363 bonis
2417 4296 2601 4363 Com-

325 4403 545 4473 munis
578 4411 639 4473 et
670 4402 1011 4472 hominum
1070 4404 1242 4471 dicte
1276 4403 1579 4474 Civitatis
1628 4404 1901 4490 Ragusii
1967 4423 2170 4489 usque
2224 4403 2306 4470 ad
2360 4402 2603 4472 dictam

327 4515 766 4602 quantitatem
796 4521 1233 4585 tercentarum
1266 4513 1583 4582 librarum
1612 4512 1831 4599 sortis,
1863 4519 1928 4580 ct
1962 4510 2229 4581 totidem
2278 4518 2601 4596 preterea.

327 4622 723 4709 obligantes
753 4642 825 4691 se
857 4623 1015 4692 dicti
1049 4620 1555 4693 Ambaxiatores
1588 4623 1851 4692 nomine
1882 4618 2056 4688 dicte
2103 4620 2603 4690 communitatis

322 4733 619 4819 Ragusii,
654 4753 725 4801 se
759 4731 1043 4803 facturos
1078 4739 1140 4800 et
1172 4740 1531 4818 curaturos,
1586 4731 1759 4817 quod
1791 4731 2142 4798 Commune
2176 4737 2240 4796 et
2288 4730 2605 4801 homines.

416 4872 547 4912 uox.
581 4871 746 4912 nune.
776 4871 1009 4911 msr.--
1048 4872 1190 4913 mre.
1223 4864 1274 4902 Η
2202 4850 2281 4904 ‘29
