3359 5250
1429 408 1564 479 547

362 609 506 670 tant
535 609 917 690 peccatum;
968 610 1033 671 et
1066 606 1123 671 si
1155 605 1559 675 dimitterent
1591 607 1842 675 frenum
1872 609 1942 674 in
1975 628 2086 675 ore
2117 608 2269 694 equi
2302 608 2424 696 sui,
2467 607 2621 678 dum

362 711 634 778 deberet
663 713 871 799 pasci,
906 712 1244 781 crederent
1266 715 1477 781 Deum
1512 714 1869 784 offendisse
1901 723 1966 784 et
1998 718 2363 784 mortaliter
2393 737 2625 805 pecca-

366 821 563 886 visse.
621 820 1154 890 Fornicacionem
1205 830 1269 888 et
1320 823 1647 901 luxuriam
1697 845 1829 893 non
1881 831 2186 913 reputant
2245 832 2621 913 peccatum;

366 946 605 995 uxores
654 925 898 996 ducunt
947 931 1203 1017 plures3
1267 936 1331 997 et
1380 941 1638 1017 oportet
1690 933 2045 1002 secuudum
2093 932 2624 1002 consuetudinem

369 1056 614 1120 eorum,
648 1036 820 1119 quod
843 1036 1172 1123 accipiant
1192 1058 1538 1107 novercam
1558 1049 1709 1126 post
1731 1041 1975 1108 obitum
2003 1041 2226 1128 patris,
2263 1050 2329 1108 et
2360 1060 2630 1108 uxorem

369 1146 580 1211 eciam
612 1145 858 1231 fratris,
910 1153 974 1213 et
1004 1147 1248 1214 coitum
1281 1147 1530 1214 faciunt
1560 1169 1706 1216 cum
1741 1148 2008 1221 eisdem.
2060 1149 2323 1217 Tartari
2354 1150 2422 1216 in
2453 1148 2628 1216 facto

371 1272 700 1320 armorum
751 1261 902 1321 sunt
953 1255 1203 1324 strenui
1253 1255 1642 1341 bellatores;
1696 1259 1843 1345 plus
1895 1278 2093 1343 quam
2142 1257 2270 1324 alie
2320 1257 2632 1325 naciones

371 1370 522 1429 sunt
552 1381 672 1430 suo
703 1363 966 1431 domino
1017 1362 1415 1431 obedientes.
1469 1364 1552 1430 Et
1584 1365 1883 1433 dominus
1917 1373 2136 1453 potest
2183 1366 2269 1432 ab
2308 1365 2404 1432 eis
2455 1365 2629 1431 acci·

372 1489 528 1556 pere
561 1475 624 1534 et
673 1470 930 1537 auferre
982 1470 1298 1555 quidquid
1351 1472 1489 1536 vult
1520 1474 1773 1557 absque
1824 1472 2343 1541 contradiccione
2393 1491 2630 1540 eorum.

377 1579 450 1643 In
502 1577 796 1645 exercitu
845 1578 1311 1645 commorando
1364 1577 1665 1646 dominus
1718 1580 1880 1667 ipsis
1913 1579 2075 1647 nihil
2129 1579 2288 1647 dare
2332 1584 2627 1663 tenetur;

374 1686 504 1755 imo
537 1687 766 1753 vivunt
816 1686 898 1752 de
927 1686 1396 1754 venacionibus
1448 1695 1513 1754 et
1545 1687 1787 1774 predis,
1841 1708 2006 1772 quas
2059 1694 2285 1757 contra
2331 1687 2631 1753 inimicos

376 1793 715 1878 acquirere
761 1803 1054 1880 possunt.
1110 1793 1386 1872 Quando
1434 1794 1702 1862 Tartari
1747 1795 2199 1879 ingrediuntur
2250 1803 2513 1880 terram,
2563 1796 2632 1861 in

378 1921 509 1987 qua
561 1901 831 1968 credunt
879 1901 1261 1967 victualium
1324 1902 1667 1988 penuriam
1717 1902 2049 1987 invenire,
2116 1901 2359 1969 ducunt
2414 1919 2632 1968 secum

378 2029 605 2095 equas,
657 2030 897 2078 vaccas
930 2019 995 2076 et
1028 2010 1162 2076 alia
1194 2010 1529 2094 animalia,
1584 2018 1648 2076 et
1682 2008 1764 2074 de
1796 2030 2016 2078 eorum
2066 2009 2237 2075 lacte
2275 2010 2519 2095 vivunt,
2569 2013 2637 2074 et

379 2137 607 2185 earnes
670 2138 981 2203 equorum
1033 2115 1381 2185 comedunt
1431 2117 1694 2201 quando
1745 2116 2004 2184 habent.
2066 2117 2326 2184 Tartari
2381 2116 2635 2202 equites

379 2233 529 2294 sunt
578 2227 809 2313 agiles,
859 2228 1025 2293 etin
1059 2226 1282 2310 armis,
1337 2227 1645 2312 precipue
1696 2226 1997 2309 arcubus,
2048 2225 2212 2292 bene
2251 2225 2463 2311 docti;
2516 2224 2636 2292 sed

378 2333 634 2421 pedites
668 2355 795 2402 non
828 2342 1105 2422 possunt
1157 2334 1457 2400 incedere
1492 2336 1618 2402 nisi
1652 2334 1881 2421 pigre..
1918 2333 2194 2413 Quando
2234 2334 2637 2420 Capitaneus

381 2446 806 2512 Tartarorum
837 2444 904 2509 in
936 2443 1144 2530 prelio
1166 2443 1271 2510 vel
1304 2443 1465 2509 alibi
1501 2443 1779 2530 precipit
1809 2442 2080 2528 aliquid,
2122 2440 2425 2509 continuo
2449 2459 2639 2508 unus·

381 2553 656 2639 quisque
704 2553 906 2637 novit,
960 2550 1117 2638 quid
1168 2551 1391 2617 facere
1443 2550 1682 2618 debeat
1731 2558 1797 2615 et
1846 2549 2004 2634 quid
2057 2546 2398 2635 expediat3
2464 2547 2638 2614 unde

384 2663 632 2748 absque
664 2663 890 2729 labore
918 2662 1005 2727 ab
1038 2679 1258 2727 eorum
1294 2659 1651 2745 capitaneo
1684 2658 2150 2740 gubernantur.
2187 2657 2447 2722 Tartari
2488 2666 2640 2724 sunt

383 2769 580 2839 valde
632 2769 910 2838 subtiles
962 2776 1028 2836 et
1079 2766 1405 2853 ingeniosi
1451 2773 1516 2831 et
1548 2783 1826 2850 sagaces
1877 2763 1965 2830 ad
2016 2764 2525 2849 expugnandum
2574 2772 2640 2831 et

387 2881 778 2969 capiendum
812 2879 1112 2946 civitates
1144 2881 1210 2942 et
1242 2881 1477 2942 castra.
1530 2872 1794 2938 Tartari
1826 2890 2084 2957 semper
2117 2877 2394 2954 querunt
2424 2893 2641 2958 prero-

388 2993 679 3076 gativam
712 2994 941 3056 contra
971 2985 1269 3056 inimicos
1299 3003 1473 3068 suos,
1529 2992 1593 3048 et
1626 2981 2091 3064 avautagium3
2146 2985 2211 3046 et
2242 3000 2370 3047 non
2403 2989 2504 3047 est
2533 3001 2638 3050 ve-

384 3103 698 3170 recundia
745 3102 970 3186 fugere
1022 3097 1189 3163 inter
1237 3114 1370 3180 eos,
1430 3093 1489 3159 si
1539 3092 1700 3176 fuga
1731 3092 1795 3157 in
1840 3086 2248 3157 commodum
2300 3087 2474 3157 cedit
2522 3091 2638 3158 eis.

387 3211 647 3278 Tartari
681 3210 848 3276 hanc
877 3207 1123 3273 habent
1173 3200 1661 3291 prerogativam
1694 3199 1864 3267 inter
1894 3198 2063 3265 alias
2105 3197 2432 3284 naciones,
2467 3197 2644 3283 quod

389 3320 444 3388 si
478 3319 720 3386 fuerint
751 3317 820 3382 in
853 3335 1084 3401 campo
1118 3312 1273 3378 belli
1326 3317 1556 3377 contra
1586 3307 1882 3375 inimicos
1918 3327 2071 3374 suos
2104 3326 2221 3392 per
2260 3306 2438 3373 acies
2470 3305 2642 3374 ordi-

391 3429 549 3513 nati,
601 3426 658 3494 si
708 3422 1028 3513 placuerit
1078 3421 1195 3506 eis,
1259 3418 1535 3506 prelium
1584 3415 2004 3502 inchoabunt,
2055 3416 2110 3482 si
2160 3434 2315 3480 vero
2367 3415 2641 3502 prelium

389 3535 712 3605 voluerint
762 3533 1047 3614 evitare,
1102 3527 1348 3594 inimici
1398 3546 1541 3592 cum
1595 3524 1692 3590 eis
1743 3543 1873 3589 non
1924 3527 2226 3610 poterunt
2271 3521 2439 3588 inire
2490 3541 2642 3589 con-

392 3646 659 3712 flictum.
710 3640 986 3708 Preliari
1018 3660 1161 3706 cum
1194 3636 1496 3704 Tartaris
1531 3640 1630 3703 est
1663 3633 1857 3701 valde
1896 3631 2356 3719 periculosum,
2392 3630 2549 3716 quia
2576 3632 2645 3698 in

395 3777 522 3824 uno
575 3772 781 3842 paruo
829 3750 999 3818 bello
1048 3749 1472 3815 Tartarorum
1523 3744 1747 3832 plures
1798 3741 2154 3810 moriuntur
2205 3744 2318 3805 aut
2364 3738 2647 3806 letaliter

397 3867 839 3946 vulnerantur,
874 3879 1069 3945 quam
1103 3858 1167 3922 iu
1202 3877 1331 3924 uno
1363 3855 1498 3921 alto
1530 3872 1772 3937 magno
1807 3852 2009 3936 prelio
2042 3847 2311 3914 alterius
2329 3848 2645 3915 nacionis.

394 3977 479 4041 Et
507 3975 632 4041 hoc
662 3974 764 4037 est
813 3974 1075 4056 propter
1106 3965 1389 4049 sagittas
1420 3971 1486 4030 et
1517 3980 1731 4044 arcus,
1785 3978 1947 4045 quos
2001 3955 2349 4041 proiiciunt
2395 3954 2649 4022 fortiter

396 4089 460 4149 et
497 4080 777 4164 directe;
832 4085 897 4144 et
927 4083 1080 4144 sunt
1109 4074 1205 4141 ita
1256 4072 1432 4141 docti
1465 4072 1534 4136 in
1585 4075 1727 4134 arte
1775 4065 2148 4150 sagittandi,
2200 4059 2376 4148 quod
2424 4080 2648 4131 eorum

394 4190 633 4275 sagitte
664 4189 803 4254 fere
833 4189 1178 4273 penetrant
1210 4201 1398 4247 omne
1430 4196 1636 4262 genus
1670 4193 2022 4242 armorum.
2076 4169 2355 4248 Quando
2384 4170 2648 4238 Tartari

394 4298 825 4379 debellantur,
863 4311 1087 4358 omnes
1120 4288 1313 4356 simul
1354 4285 1613 4370 fugiunt
1645 4302 1764 4369 per
1792 4288 2045 4348 turmas
2078 4284 2145 4345 et
2178 4275 2357 4344 acies
2389 4277 2649 4345 ordina-

396 4418 538 4494 tas;
591 4402 894 4492 persequi
925 4419 1083 4490 vero
1136 4397 1285 4464 illos
1336 4401 1436 4461 est
1466 4392 1660 4460 valde
1711 4389 2169 4476 periculosum,
2221 4403 2419 4468 quum
2448 4392 2644 4453 retro-

399 4516 606 4604 grade
638 4512 920 4597 sagittas
940 4506 1190 4575 iaciunt
1221 4502 1549 4586 fugiendo,
1593 4506 1660 4565 et
1678 4517 1878 4583 equos
1900 4503 1965 4560 et
1993 4492 2287 4562 homines
2305 4491 2651 4560 vulnerant

397 4632 463 4691 et
492 4621 814 4691 occidunt.
850 4619 1172 4702 Preterea‚
1196 4610 1455 4698 quando
1476 4609 1700 4676 vident
1716 4605 2013 4671 homiues
2033 4600 2351 4667 dissolute
2384 4617 2653 4686 sequen·

395 4739 514 4819 tes,
569 4751 642 4797 se
673 4731 934 4796 vertunt
980 4721 1285 4791 continuo
1318 4738 1517 4805 super
1568 4715 1742 4799 illos,
1795 4719 1860 4778 et
1892 4729 2050 4797 sepe
2083 4705 2346 4792 accidit,
2395 4707 2511 4792 qui
2543 4709 2653 4776 tri-

2213 4823 2333 4882 86*
