3359 5250
1738 325 1922 423 ἓξὲξ
1970 418 2014 423 -

738 517 865 586 duo
897 518 1129 602 iugera
1185 526 1503 585 terrarum
1541 521 1619 585 de
1655 528 1831 587 terra
1866 524 2192 607 Reginali‚
2247 525 2356 589 ubi
2391 525 2621 591 melius
2654 526 3004 611 inuenitur,

742 631 808 693 et
858 626 1232 692 eorumdem
1288 629 1440 714 filijs
1475 636 1539 695 et
1582 628 1858 697 filiorum
1908 632 2396 700 successoribus
2436 634 2911 720 perpetualiter
2944 644 3009 701 et

738 734 963 801 inreuo
974 733 1275 801 cabiliter
1306 736 1791 822 possidendam.
1827 740 2070 806 Datum
2102 738 2169 806 in
2201 739 2589 824 Wissegrad
2627 760 2745 826 per
2777 762 3010 809 manus

739 843 926 910 Akus
964 843 1306 930 Prepositi,
1348 863 1520 913 anno
1553 845 1823 914 Domini
1854 849 1944 914 Μο
1965 845 2096 915 00⁰
2117 849 2196 915 L⁰
2226 849 2459 936 primo.

947 1021 1047 1089 (Ax
1074 1026 1278 1079 eredeti
1303 1023 1441 1080 utin
1468 1027 1671 1079 Knauz
1698 1026 1934 1091 Nandor‚
1959 1031 2197 1098 Magyar
2220 1031 2352 1084 Sion
2377 1031 2447 1083 11.
2474 1032 2588 1083 kat.
2618 1032 2740 1083 598.
2766 1031 2827 1093 l.)

1794 1763 1947 1832 226.

760 1927 801 1992 Ι
811 1926 876 1994 V.
912 1927 1090 1993 [ποτε
1134 1933 1315 2015 pdpa
1347 1951 1388 1992 a
1420 1929 1887 2013 naqyszombati
1933 1949 2017 1992 εκ.
2052 1929 2516 1993 ‹lumidus-endi&
2564 1929 2917 2016 apciczdkat
2946 1952 3023 1993 az

1185 2037 1450 2121 apostoli
1478 2036 1614 2099 sze'lc
1637 2035 2019 2121 pdrffoqua
2045 2037 2152 2101 ald
2176 2039 2357 2100 mezi.
2392 2036 2586 2102 1251.

969 2214 1382 2281 Innocentius
1420 2195 1786 2301 Episcopus
1838 2232 2066 2281 seruus
2108 2232 2448 2281 seruorum
2478 2215 2605 2282 Dei
2659 2212 2921 2281 dilectis
2951 2214 3023 2279 in

761 2319 1020 2386 Christo
1052 2320 1313 2388 filiabus
1350 2375 1365 2390 .
1401 2373 1416 2389 .
1452 2370 1466 2385 .
1502 2320 1860 2389 Abbatisse
1893 2326 1957 2386 et
1988 2319 2351 2388 Conuentui
2386 2320 2468 2388 dc
2495 2321 2721 2406 Tyrna
2753 2319 3023 2389 Ordinis

759 2429 989 2496 Sancti
1007 2429 1318 2497 Damiani
1352 2429 1819 2514 Strigoniensis
1839 2430 2138 2498 Diocesis
2172 2433 2453 2497 salutem
2485 2437 2551 2497 et
2568 2430 3022 2516 Apostolicam

762 2535 1300 2607 benedictionem.
1353 2538 1564 2606 Justis
1614 2539 1969 2627 petentium
2021 2539 2368 2626 desideriis
2420 2540 2687 2626 dignum
2726 2548 2848 2628 est,
2901 2559 3024 2608 nos

761 2646 1019 2717 facilem
1072 2649 1348 2737 prebere
1398 2667 1807 2732 consensum,
1865 2655 1931 2715 et
1982 2655 2153 2735 uota,
2204 2670 2332 2735 que
2364 2671 2407 2716 a
2436 2649 2709 2718 rationis
2760 2650 3025 2716 tramite

758 2777 889 2824 non
922 2755 1317 2840 discordant,
1353 2756 1588 2823 effectu
1625 2763 2058 2843 prosequente
2092 2757 2435 2843 complere.
2488 2758 2875 2844 Eapropter,
2932 2755 3023 2823 di-

765 2864 934 2931 lecte
967 2863 1034 2930 in
1068 2863 1324 2931 Christo
1359 2864 1510 2949 filie,
1563 2864 1799 2931 uestris
1831 2863 2018 2932 iustis
2066 2863 2619 2952 postulationibus
2651 2872 2842 2950 grato
2875 2885 3023 2932 con·

766 2978 1101 3039 currentes
1135 2991 1428 3054 assensu,
1475 2992 1797 3059 personas
1829 2979 2084 3041 uestras
2117 2980 2183 3040 et
2210 2973 2447 3058 locum,
2494 2971 2561 3039 in
2599 2991 2726 3056 quo
2764 2973 2888 3039 sub
2920 2993 3027 3060 pe·

767 3080 1020 3167 rempni
1072 3081 1379 3149 clausura
1408 3080 1650 3147 Diuino
1684 3080 1843 3148 estis
1875 3082 2188 3167 obsequio
2222 3081 2612 3169 mancipate,
2642 3101 2788 3149 cum
2821 3081 3026 3150 omni-

767 3188 891 3256 bus
922 3188 1133 3273 bonis,
1170 3209 1296 3274 que
1332 3189 1901 3276 impresentiarum
1932 3190 2412 3258 rationabiliter
2442 3188 2756 3277 possidet,
2809 3198 2927 3257 aut
2957 3189 3029 3256 in

770 3297 1051 3365 futurum
1102 3297 1290 3365 iustis
1322 3296 1533 3366 modis
1583 3305 1921 3386 prestante
1952 3300 2232 3368 Domino
2264 3299 2502 3386 poterit
2546 3297 2850 3385 adipisci,
2904 3299 3027 3365 sub

768 3406 959 3474 Beati
978 3405 1156 3473 Petri
1187 3413 1252 3473 et
1282 3413 1505 3474 nostra
1525 3406 1925 3493 protectione
1953 3408 2363 3496 suscipimus.
2399 3407 2788 3493 specialiter
2808 3412 3027 3473 autem

770 3514 1016 3600 domos,
1051 3520 1279 3601 terras,
1318 3516 1772 3601 possessiones
1822 3522 1887 3583 et
1919 3516 2057 3584 alia
2087 3517 2263 3585 bona
2293 3524 2537 3604 uestra,
2578 3518 2745 3585 sicut
2778 3535 2862 3583 ea
2900 3537 3031 3584 om-

769 3622 882 3689 nia
915 3623 1083 3691 iuste
1133 3644 1213 3690 ac
1243 3625 1516 3710 pacifice
1567 3625 1942 3713 possidetis,
1996 3624 2183 3694 uobis
2216 3633 2283 3693 et
2317 3646 2431 3714 per
2465 3646 2584 3693 uos
2628 3624 3031 3694 Monasterio

771 3735 990 3798 uestro
1022 3731 1412 3800 auctoritate
1431 3731 1816 3820 Apostolica
1847 3735 2321 3819 confirmamus,
2356 3740 2421 3801 et
2448 3730 2768 3819 presentis
2801 3732 3033 3820 scripti

779 3839 1144 3925 patrocinio
1194 3841 1688 3908 communimus.
1738 3841 1919 3910 Nulli
1952 3861 2109 3927 ergo
2157 3842 2422 3909 omnino
2452 3842 2782 3909 hominum
2835 3841 3035 3910 liceat

773 3950 943 4015 hanc
973 3947 1288 4036 paginam
1320 3959 1541 4018 nostre
1572 3950 1995 4036 protectionis
2029 3955 2095 4016 et
2127 3950 2638 4018 confirmationis
2677 3949 3033 4036 infringere

772 4058 879 4124 uel
911 4058 973 4124 ei
1006 4077 1174 4124 ausu
1205 4061 1550 4128 temerario
1584 4059 1922 4127 contraire.
1964 4060 2037 4127 Si
2069 4060 2216 4145 quis
2247 4065 2464 4127 autem
2485 4059 2609 4128 hoc
2638 4063 3035 4147 attemptare

770 4167 1258 4253 presumpserit,
1307 4165 1826 4252 indignationem
1861 4165 2340 4254 Omnipotentis
2389 4166 2516 4234 Dei
2571 4172 2637 4233 et
2680 4168 3035 4235 Beatorum

776 4273 952 4340 Petri
983 4281 1049 4339 et
1069 4273 1258 4358 Pauli
1280 4274 1742 4362 Apostolorum
1774 4275 1913 4342 eius
1945 4296 2018 4342 se
2035 4273 2295 4343 nouerit
2324 4273 2747 4342 incursurum.
2788 4276 3033 4343 Datum

772 4380 1132 4450 Mediolani
1164 4381 1354 4451 nonis
1383 4383 1665 4471 Augusti
1697 4382 2119 4453 Pontificatns
2149 4383 2353 4452 nostri
2391 4403 2562 4452 anno
2590 4403 2785 4452 nono.

774 4561 1051 4626 (Eredetie
1067 4561 1418 4629 bBertyam
1437 4565 1660 4628 metyrffl
1675 4580 1711 4617 a
1728 4561 1871 4633 papa
1889 4563 2272 4633 6lompecsetje
2292 4562 2639 4632 veros-sargan
2654 4564 3029 4633 selyemzsind·

1239 4668 1336 4705 ron
1364 4652 1518 4719 sugg,
1541 4668 1577 4705 a
1602 4652 1768 4704 budai
1792 4652 1895 4705 kir.
1922 4652 2169 4707 kamarai
2187 4648 2563 4720 levetttrbau.)
