3359 5250
1788 382 1922 448 228

716 592 835 658 pro
866 594 984 642 suo
1015 593 1135 642 vsu
1183 581 1357 642 terra
1403 572 1642 641 arabili
1692 573 2053 663 indigebat,
2106 576 2298 645 iustis
2329 577 2619 648 eiusdem
2669 582 2974 668 precibus

716 699 1104 749 consensum
1133 681 1482 767 prebentes
1514 686 1582 748 et
1620 679 1935 766 fauorem,
1957 689 2023 750 et
2052 702 2197 752 cum
2228 683 2421 753 nobis
2452 706 2497 772 p
2538 723 2612 734 —
2657 723 2731 735 —
2777 725 2851 737 —
2899 729 2973 740 —

724 825 2014 841 ———————————
2071 792 2474 863 constitisset
2490 845 2510 880 ‚
2561 794 2704 864 sine
2749 817 2984 882 graua-

718 898 890 965 mine
921 896 1139 966 Oastri
1172 895 1463 966 eiusdem
1494 904 1561 966 et
1590 896 2033 968 habitatorum
2073 899 2282 988 ipsius
2313 910 2487 971 terre
2530 908 2782 973 tantam
2830 926 2978 993 por·

717 1004 968 1074 cionem
998 1003 1083 1072 de
1112 1024 1196 1073 ea
1217 1003 1556 1073 commode
1585 1024 1706 1092 per
1731 1026 1805 1074 se
1835 1027 1932 1075 co.
1950 1045 2974 1062 —————————

724 1150 797 1162 -
841 1151 916 1163 —
960 1149 1035 1161 —-
1074 1117 1387 1200 perpetuo
1418 1113 1559 1181 iure
1609 1113 1914 1185 duximus
1943 1118 2425 1188 conferendam.
2476 1121 2553 1188 In
2587 1120 2770 1190 cuius
2808 1128 2978 1190 terre

715 1220 1199 1309 possessionem
1220 1221 1655 1309 temporalem
1686 1243 1805 1311 per
1835 1225 2114 1295 eundem
2146 1229 2551 1316 Stephanum
2579 1231 2975 1320 Palatinum,

715 1328 1007 1398 Iudicem
1039 1328 1235 1397 Ourie
1252 1337 1473 1399 nostre
1509 1367 2422 1385 ————————
2458 1337 2656 1406 nullis
2685 1359 2975 1424 vnquam

714 1437 1116 1524 temporibus
1147 1456 1266 1524 per
1295 1437 1671 1525 quempiam
1703 1440 1770 1508 in
1800 1440 2057 1510 irritum
2094 1443 2318 1513 valeat
2347 1446 2687 1513 retractari
2728 1447 2797 1514 in
2829 1468 2976 1536 per-

714 1551 979 1632 petuam
1026 1544 1122 1612 rei
1170 1545 1732 1616 confirmacionem
1782 1555 2122 1636 presentes
2178 1589 2848 1604 ——————
2885 1592 2973 1606 —

722 1689 1272 1703 —————
1327 1674 1499 1722 anno
1548 1655 1816 1726 Domini
1845 1659 1937 1724 ΜΟ
1959 1659 2091 1727 00⁰
2110 1659 2257 1728 XL⁰
2279 1661 2441 1747 VH0,
2491 1662 2703 1749 Regni
2754 1670 2975 1732 autem

713 1761 917 1831 nostri
946 1782 1119 1831 anno
1167 1760 1573 1852 duodecimo.

849 1959 962 2027 (tv.
991 1958 1127 2012 Bela
1150 1957 1442 2027 kiralynak
1471 1963 1694 2016 125⁷·ki
1720 1961 2044 2031 megeriisitss
2068 1962 2448 2034 okmbnyfiboh
2476 1969 2614 2021 mint
2639 1966 2844 2036 alabb.)

1782 2782 1931 2852 154.

719 2983 838 3051 IV.
872 2983 1031 3050 Be'la
1077 2984 1283 3070 k-irdly
1325 2981 1404 3069 Uj
1438 2981 1615 3070 Chap
1643 2987 1803 3050 nemi
1833 2983 2042 3068 so‘ldet
2090 2984 2339 3052 Bacend
2371 2985 2601 3052 Miklds
2633 3006 2827 3052 comes
2841 2985 2972 3069 fici·

1401 3090 1528 3158 nale
1561 3091 2048 3180 adomdnyozza.
2084 3089 2282 3159 1247.

960 3290 1123 3358 Bela
1159 3288 1287 3356 Dei
1324 3286 1553 3373 gracia
1585 3287 1943 3374 Hungarie,
1983 3286 2349 3375 Dalmacie,
2400 3286 2693 3377 (Bromie,
2745 3288 2973 3371 Rama,

711 3397 958 3483 Seruie,
993 3396 1295 3482 Gallicie‚
1327 3394 1736 3482 Lodomerie‚
1768 3394 2205 3483 Cumanieque
2221 3397 2362 3467 Rex
2379 3393 2707 3465 vniuersis
2727 3393 2975 3463 Christi

713 3503 1014 3573 fidelibus
1032 3523 1304 3589 presens
1334 3502 1645 3592 scriptum
1670 3504 2061 3592 inspecturis
2091 3505 2371 3572 salutem
2391 3510 2458 3572 et
2485 3522 2678 3572 omne
2705 3502 2970 3573 bonnm.

715 3611 973 3691 Quanto
1006 3614 1275 3700 Regalis
1312 3612 1734 3701 prouidencia
1764 3619 2016 3682 ceteros
2045 3612 2344 3701 precellit
2389 3612 2658 3685 racione
2691 3611 2968 3698 dignita-

712 3719 819 3807 tis,
866 3726 1050 3789 tanto
1081 3739 1165 3788 ea
1209 3740 1338 3805 que
1383 3739 1500 3807 per
1548 3738 1828 3788 examen
1872 3717 2097 3803 indicij
2130 3717 2341 3806 ipsius
2389 3717 2514 3785 rite
2562 3737 2644 3785 ac
2693 3715 2972 3803 prouide

713 3827 1164 3915 disponuntur,
1201 3827 1467 3895 firmiori
1498 3825 1741 3896 debent
1770 3827 2001 3896 robore
2042 3824 2350 3911 stabilirj.
2394 3823 2676 3895 Proinde
2706 3821 2796 3892 ad
2827 3824 2964 3891 uni-

713 3954 1047 4007 uersorum
1098 3935 1410 4006 noticiam
1441 3936 1784 4025 peruenire
1834 3934 2134 4006 uolumus
2182 3933 2594 4021 presencium
2623 3952 2743 4021 per
2791 3940 2967 4003 teno-

711 4063 871 4130 rem,
904 4043 1079 4132 quod
1110 4064 1257 4113 cum
1289 4065 1411 4114 nos
1441 4044 1512 4112 in
1542 4043 2224 4132 recompensacionem
2239 4041 2581 4120 fidelitatis
2614 4045 2681 4108 et
2707 4040 2970 4126 seruieij

710 4153 974 4222 Becend
1023 4151 1295 4223 Comitis
1333 4152 1450 4240 filij
1481 4152 1762 4240 Nicolai,
1809 4153 1923 4237 qui
1973 4157 2242 4241 propter
2268 4151 2613 4219 innumera
2664 4147 2973 4221 uirtutum

710 4260 949 4330 merita
996 4280 1218 4330 coram
1287 4259 1495 4330 oculis
1543 4266 1767 4330 nostre
1816 4258 2185 4328 Maiestatis
2235 4256 2473 4329 meruit
2529 4254 2978 4327 commendari

710 4389 794 4438 ex
843 4367 1189 4456 condigno,
1238 4367 1570 4453 quandam
1619 4376 1860 4443 terram
1908 4368 2172 4437 nomine
2220 4366 2478 4453 Wycap
2528 4365 2598 4437 in
2643 4363 2970 4434 Comitatn

709 4476 1185 4546 'Princhiniensi
1217 4477 1624 4562 existentem,
1662 4476 1789 4544 sibi
1819 4494 1900 4543 ac
1917 4496 2034 4563 per
2064 4496 2210 4545 enm
2233 4474 2374 4544 suis
2408 4471 2765 4549 heredibus
2796 4474 2975 4542 here-

708 4584 995 4669 dumque
1012 4587 1501 4657 successoribus
1522 4586 1941 4656 duxissemus
1960 4590 2275 4673 perpetuo
2293 4578 2780 4666 conferendam5
2795 4599 2977 4649 acce-

709 4691 1019 4768 dentibus
1047 4692 1464 4779 postmodum
1495 4694 1583 4764 ad
1614 4691 2027 4781 presenciam
2057 4698 2352 4762 nostram
2391 4687 2735 4761 sacerdote
2767 4687 2973 4756 Rach-
