3359 5250
1826 322 1957 387 476
1986 414 2043 425 ..

761 518 1120 604 stringitur,
1154 520 1264 587 vbi
1296 524 1465 588 mete
1498 525 1819 588 terrarum
1849 518 2295 607 predictarum
2314 520 2608 605 Thelegd
2646 526 2713 586 et
2729 519 3017 588 Zabolch

762 637 897 695 tam
948 627 1167 713 lignee
1217 647 1413 714 quam
1449 632 1661 696 terreo
1710 629 2157 696 terminantur.
2216 627 2301 695 Et
2348 627 2516 695 dixit
2564 627 2740 696 idem
2785 626 3018 696 Comes

764 738 1028 824 Paulus,
1065 739 1239 824 quod
1271 758 1494 806 omnes
1522 744 1694 806 mete
1726 737 1867 807 siue
1887 745 2095 805 terree
2126 736 2272 806 siue
2302 737 2542 824 lignee,
2573 758 2701 824 que
2732 745 3019 824 exparte

764 852 1085 913 terrarum
1120 846 1416 932 Thelegd
1445 855 1511 915 et
1539 846 1832 915 Zabolch
1866 852 2017 916 sunt
2048 847 2221 915 inter
2255 852 2467 914 metas
2498 854 2568 914 et
2594 846 2837 915 limites
2865 867 3018 935 pre·

766 956 1066 1045 scriptae,
1098 956 1272 1024 false
1301 964 1538 1043 essent,
1590 964 1656 1025 et
1688 957 1867 1043 quod
1898 956 2226 1042 quondam
2261 956 2410 1043 ipse
2432 977 2571 1024 eas
2601 956 2904 1043 fecisset3
2956 961 3023 1023 et

766 1070 1168 1134 contestatus
1198 1071 1317 1155 est,
1354 1087 1469 1134 eas
1487 1086 1637 1135 esse
1652 1065 2197 1150 annichilandas3
2240 1065 2517 1153 posthec
2547 1071 2763 1133 autem
2782 1064 3023 1133 flumen

766 1173 978 1261 Crysij
1011 1180 1113 1241 est
1141 1179 1338 1262 meta,
1372 1183 1437 1243 et
1465 1175 1649 1243 vadit
1679 1194 1938 1243 sursum
1971 1174 2059 1242 ad
2091 1175 2428 1261 orientem,
2475 1182 2542 1243 et
2568 1173 2873 1262 peruenit
2901 1193 3025 1261 per

765 1288 1047 1351 meatum
1085 1281 1376 1351 eiusdem
1407 1282 1623 1370 Crysij
1654 1284 1747 1351 ad
1776 1289 2018 1352 terram
2041 1281 2319 1371 Chetka,
2352 1288 2417 1350 et
2448 1282 2538 1350 ad
2566 1282 2847 1351 eandem
2878 1301 3024 1370 per·

766 1394 1066 1478 tinentes,
1125 1411 1251 1477 que
1300 1398 1405 1460 est
1455 1390 1729 1461 Comitis
1779 1390 2118 1478 Lamperti
2166 1392 2287 1478 filij
2338 1392 2599 1462 Nicolai
2650 1393 2735 1460 de
2781 1411 3027 1479 genere

763 1503 944 1569 Hunt
976 1503 1282 1586 Paznan3
1334 1506 1401 1567 et
1449 1502 1687 1569 exinde
1736 1520 1856 1589 per
1904 1509 2192 1570 meatum
2242 1500 2537 1570 eiusdem
2588 1501 2786 1588 Grisij
2834 1500 3028 1568 vadit

768 1629 969 1696 supra
997 1608 1086 1677 ad
1117 1610 1476 1697 predictam
1507 1618 1752 1678 terram
1782 1610 2092 1679 Berthem
2114 1619 2182 1679 et
2210 1610 2450 1678 transit
2478 1611 2695 1680 adhuc
2720 1608 3028 1700 superius

764 1739 882 1805 per
912 1717 1190 1785 eundem
1236 1724 1516 1787 meatum
1549 1719 1771 1806 Crysij
1807 1720 1979 1788 inter
2031 1720 2283 1789 medios
2328 1727 2581 1791 montes
2611 1726 2679 1787 et
2714 1720 2926 1808 alpes,
2957 1723 3030 1784 et

769 1830 1065 1916 peruenit
1113 1831 1201 1898 ad
1230 1831 1415 1898 illum
1445 1831 1679 1916 locum,
1731 1831 1844 1899 vbi
1875 1831 2143 1918 quidam
2174 1831 2444 1919 riuulus,
2493 1832 2606 1918 qui
2635 1827 3023 1915 Mehsedpo-

768 1935 973 2005 thoka
1015 1945 1308 2025 vocatur,
1361 1936 1587 2006 defluit
1614 1939 1684 2005 in
1718 1936 2041 2025 Grysium,
2095 1945 2162 2006 et
2189 1937 2281 2006 ibi
2316 1938 2701 2007 terminatur
2744 1943 2925 2005 meta
2953 1935 3029 2002 iu

769 2046 1040 2136 Grysi03
1073 2057 1140 2115 et
1171 2057 1407 2135 postea
1434 2068 1555 2136 per
1582 2046 1871 2115 riuulum
1900 2048 2284 2136 predictum,
2323 2049 2436 2135 qui
2465 2044 3035 2135 Mehsedpothoka

769 2159 1056 2238 vocatur,
1108 2154 1243 2222 exit
1273 2155 1340 2222 in
1373 2161 1632 2241 terram,
1687 2159 1757 2222 et
1787 2155 1971 2222 vadit
2000 2174 2119 2242 per
2168 2154 2445 2223 eundem
2491 2154 2777 2223 riuulum
2813 2153 2903 2220 ad
2932 2154 3031 2222 lo·

772 2281 938 2348 cum,
990 2263 1101 2331 vbi
1147 2262 1323 2330 idem
1355 2264 1605 2333 riuulus
1657 2262 1973 2331 diuiditur
2019 2263 2090 2330 in
2121 2263 2286 2331 duos
2333 2283 2588 2351 ramos3
2641 2269 2708 2330 et
2754 2263 3037 2351 posthoc

774 2390 968 2458 super
1017 2371 1201 2438 illum
1250 2392 1500 2440 ramum
1548 2370 1842 2439 eiusdem
1875 2371 2088 2459 riuuli,
2141 2372 2255 2459 qui
2287 2380 2390 2440 est
2429 2393 2473 2439 a
2500 2379 2690 2460 parte
2737 2371 3037 2459 orientis,

772 2480 954 2547 vadit
982 2501 1186 2568 supra
1214 2500 1419 2568 vsque
1450 2481 1542 2549 ad
1575 2480 1900 2565 quendam
1934 2488 2237 2568 montem,
2276 2485 2387 2567 qui
2419 2483 2814 2549 Vamusreze
2843 2499 3036 2549 voca·

776 2597 902 2673 tur,
933 2588 1045 2658 vbi
1074 2591 1408 2679 predictus
1438 2590 1695 2659 riuulus
1727 2591 2113 2660 terminatur
2132 2615 2149 2678 ;
2168 2598 2247 2660 ‘et
2275 2590 2549 2679 posthec
2576 2589 2817 2660 transit
2845 2588 3037 2657 illum

774 2706 1080 2786 montem,
1130 2707 1193 2768 ct
1224 2699 1408 2769 vadit
1437 2703 1527 2769 ad
1555 2703 1753 2770 finem
1804 2700 2142 2771 cuiusdam
2175 2702 2408 2789 campi,
2457 2701 2571 2787 qui
2598 2702 2845 2769 Vamus
2874 2719 3037 2766 nun·

780 2814 1070 2896 cupatur,
1104 2816 1169 2879 et
1198 2811 1315 2880 ille
1346 2831 1617 2898 campus
1648 2817 1827 2879 totus
1848 2816 2143 2878 remanet
2174 2811 2261 2877 ab
2291 2812 2561 2899 oriente,
2596 2816 2662 2880 et
2679 2809 2775 2877 ibi
2804 2810 2875 2877 in
2902 2809 3039 2876 fine

780 2918 1068 2988 eiusdem
1117 2921 1333 3008 campi
1366 2921 1615 2990 Vamus
1666 2920 1887 2989 vocati
1914 2920 2320 3007 terminatur,
2369 2927 2435 2988 et
2463 2920 2591 2989 hoc
2633 2920 2830 2989 modo
2857 2926 3041 2986 terra

779 3029 1085 3098 Berthem
1114 3028 1559 3117 distinguitur,
1592 3029 1762 3098 sicut
1792 3029 2084 3119 prefatus
2117 3027 2351 3098 Comes
2380 3028 2629 3097 Paulus
2660 3035 2726 3096 et
2756 3027 2886 3097 duo
2914 3025 3035 3112 filij

783 3139 883 3207 sui
901 3139 1232 3226 antedicti,
1265 3139 1572 3207 videlicet
1590 3138 1910 3208 Nicolaus
1943 3143 2007 3206 et
2024 3136 2399 3224 Stephanus
2415 3136 2682 3224 proprio
2713 3155 2828 3204 ore
2842 3133 3043 3202 nobis

783 3245 1124 3317 contestati
1156 3247 1587 3315 affirmarunt.
1641 3245 1999 3315 Confessus
2031 3251 2130 3315 est
2161 3245 2372 3313 eciam
2403 3243 2627 3332 sepius
2664 3243 3041 3313 nominatus

785 3355 1015 3425 Comes
1042 3356 1287 3426 Paulus
1320 3364 1385 3424 et
1417 3355 1534 3440 filij
1566 3356 1670 3425 sui
1702 3355 2048 3443 prenotati,
2101 3352 2276 3440 quod
2306 3351 2584 3421 dimidia
2610 3372 2769 3440 pars
2811 3351 3041 3420 tributi

783 3463 864 3532 de
911 3463 1231 3548 Berthem,
1280 3462 1455 3550 quod
1504 3463 1575 3529 in
1622 3469 1819 3549 portu
1868 3460 2088 3549 Crysij
2138 3460 2545 3548 exigebatur,
2595 3459 2753 3545 quia
2798 3458 3039 3529 flumen

786 3572 999 3659 Orysij
1041 3591 1383 3641 commune
1412 3583 1533 3654 est,
1585 3570 1733 3640 siue
1764 3570 1875 3639 via
1926 3571 2010 3638 de
2039 3570 2329 3640 Kalatha
2376 3568 2685 3656 patuerit,
2731 3568 2874 3637 siue
2902 3589 3039 3638 non

784 3686 1026 3769 pateat,
1059 3680 1244 3749 cedet
1272 3680 1467 3768 pleno
1518 3680 1660 3748 iure
1689 3679 2010 3748 Ladizlao
2041 3686 2107 3747 et
2135 3679 2385 3747 Thome
2424 3675 2794 3762 antedictis,
2842 3684 2909 3745 et
2938 3699 3041 3746 eo-

784 3810 930 3858 rum
960 3789 1330 3875 heredibus,
1366 3790 1538 3858 sicut
1567 3794 1757 3877 pater
1788 3809 2013 3857 eorum
2040 3795 2106 3857 et
2134 3787 2251 3873 alij
2284 3793 2733 3856 anoecessores
2751 3786 2855 3856 sui
2886 3794 3045 3856 autc

781 3909 1039 3989 tempus
1069 3904 1491 3970 Tartarorum
1539 3898 1975 3988 possederant
2006 3898 2091 3965 ab
2124 3897 2412 3984 antiquo.
2459 3896 2626 3964 Item
2663 3896 3045 3965 morunt

785 4009 1039 4098 prefate
1084 4014 1327 4098 partes,
1382 4009 1559 4093 quod
1609 4025 1997 4093 quecunque
2040 4006 2262 4074 littere
2311 4013 2379 4073 et
2422 4004 2773 4093 priuilegia
2813 4010 3045 4075 contra

785 4118 955 4190 hanc
1002 4118 1488 4189 ordinacionem
1519 4122 1583 4186 et
1630 4136 1859 4185 cursus
1890 4135 1972 4184 ac
2001 4114 2463 4185 distincciones
2511 4120 2851 4201 metarum,
2900 4116 3043 4184 vbi·

788 4247 1043 4313 cunque
1071 4233 1138 4296 et
1164 4227 1683 4313 quandocunque
1711 4230 2082 4312 presentato
2109 4223 2368 4309 fuerint,
2416 4222 2676 4310 penitus
2707 4241 2899 4291 casse
2926 4224 3043 4292 ha·

785 4339 1066 4406 beantur
1093 4344 1162 4404 et
1209 4335 1707 4404 annichilentur.
1752 4333 1992 4403 Actum
2037 4346 2208 4401 anno
2239 4333 2507 4402 Domini
2551 4330 2896 4402 millesimo
2925 4332 3045 4400 du-

786 4444 1140 4516 centesimo
1168 4443 1711 4531 quiuquagesimo
1742 4441 2038 4531 septimo.

1006 4590 1122 4657 (tv.
1146 4589 1344 4644 Laszlo
1371 4588 1662 4656 kiralynak
1694 4590 1916 4642 1284·Βί
1942 4583 2271 4656 megeriisitd
2295 4582 2810 4655 pfivnegiumabbl.)

1696 4734 2159 4748 0-—0›——-———a—
