3359 5250
1781 340 1917 416 354

1759 920 1916 990 247.

720 1109 762 1174 Ι
773 1108 839 1176 V.
894 1107 1074 1177 Incze
1116 1107 1294 1195 pdpa
1346 1131 1386 1171 a
1424 1105 1653 1191 jcidrai
1699 1103 1976 1168 &seknek
2023 1103 2420 1191 meqhaqyja,
2467 1103 2633 1190 hoyy
2679 1103 2973 1171 Prodane

1018 1215 1251 1301 jadrae·
1279 1214 1470 1280 ndnek
1499 1213 1762 1279 Ῑιαεοηὶό
1775 1211 2129 1296 felmente'st
2159 1211 2367 1298 adjon.
2420 1209 2614 1276 1253.

927 1411 1346 1480 Innocentius
1379 1409 1746 1498 Episcopus
1796 1427 2025 1477 servus
2058 1426 2391 1477 servorum
2426 1408 2551 1476 Dei
2598 1410 2967 1479 venerabili

716 1521 905 1588 fratri
928 1571 942 1587 .
971 1572 985 1588 .
1011 1572 1025 1587 .
1049 1520 1560 1608 Archiepiseopo
1579 1519 1620 1585 J
1626 1518 1889 1587 adrensi
1910 1520 2191 1586 salutem
2213 1524 2279 1585 et
2295 1519 2743 1605 Apostolicam
2773 1520 2968 1588 bene·

710 1629 1039 1696 dictinem.
1091 1630 1219 1698 Pro
1251 1636 1442 1716 parte
1493 1627 1730 1696 dilecte
1780 1627 1848 1694 in
1880 1624 2141 1695 Christo
2174 1624 2305 1693 filie
2338 1627 2636 1695 Prodane
2670 1627 2962 1695 mulieris

706 1738 1047 1807 Jadrensis
1075 1739 1199 1806 fuit
1227 1737 1632 1825 propositum
1664 1757 1884 1803 coram
1917 1735 2130 1822 nobis,
2174 1734 2347 1820 quod
2397 1755 2543 1802 cum
2595 1737 2960 1805 Damianus

706 1844 910 1912 frater
955 1853 1021 1915 et
1069 1846 1336 1932 quidam
1387 1844 1503 1911 alii
1555 1842 2028 1930 consanguinei
2079 1842 2240 1930 eius,
2293 1842 2442 1931 ipsa
2498 1844 2964 1934 consentiente,

704 1953 879 2040 quod
929 1953 1205 2021 eandem
1256 1952 1588 2021 traderent
1638 1953 1708 2019 in
1759 1971 2027 2021 uxorem
2072 1951 2213 2018 viro
2265 1950 2436 2019 laico
2486 1951 2795 2023 Jadrensi
2814 2006 2834 2042 ,
2897 1962 2966 2024 et

707 2064 887 2151 ipse,
940 2062 1114 2149 quod
1167 2083 1314 2129 eam
1366 2062 1433 2128 in
1483 2080 1750 2128 uxorem
1800 2060 2152 2146 reciperet,
2206 2059 2635 2148 iuravissent;
2693 2061 2964 2133 tandem

704 2170 974 2238 muliere
1007 2178 1073 2239 et
1102 2169 1272 2237 laico
1304 2168 1618 2256 predictis
1669 2167 2044 2237 nolentibus
2078 2166 2165 2236 ad
2196 2167 2476 2235 invicem
2520 2171 2965 2240 matrimonia-

705 2278 857 2346 liter
909 2279 1224 2365 copulari,
1286 2275 1464 2346 dicta
1514 2277 1746 2346 mulier
1795 2296 1941 2345 cum
1990 2278 2223 2345 Preste
2273 2275 2417 2345 cive
2463 2278 2793 2366 Jadrensi,
2848 2283 2964 2366 qui

705 2385 982 2455 eundem
1015 2386 1225 2454 virum
1257 2392 1492 2471 quarto
1526 2385 1741 2471 gradu
1771 2383 2359 2470 consanguinitatis
2392 2386 2732 2473 contingit,
2772 2387 2964 2458 duxit

702 2497 1183 2566 matrimonium
1232 2496 1782 2581 contrahendum;
1838 2492 2012 2562 unde
2042 2493 2223 2562 dicta
2272 2494 2509 2563 mulier
2558 2498 2964 2585 supplicavit

627 2661 638 2668 .
703 2605 896 2673 nobis
927 2604 1275 2693 humiliter,
1328 2612 1399 2674 ut
1427 2604 1772 2693 providere
1804 2604 1870 2671 in
1903 2602 2029 2692 bac
2060 2610 2253 2692 parte
2286 2603 2673 2693 Apostolica
2720 2606 2963 2676 sollici·

699 2716 927 2785 tudine
958 2735 1355 2784 curaremus.
1389 2717 1530 2784 Nos
1560 2715 1761 2800 igitur
1789 2715 2017 2804 ipsius,
2058 2719 2124 2781 et
2163 2716 2564 2784 venerabilis
2595 2715 2817 2784 fratris
2847 2737 2960 2786 no-

701 2825 822 2892 stri
839 2823 1293 2892 Antibarensis
1315 2823 1811 2910 Archiepiscopi
1831 2820 2423 2911 supplicationibus
2461 2822 2761 2892 inclinati
2780 2846 2960 2894 man·

703 2931 956 3017 damus,
1006 2937 1345 3017 quatenus,
1398 2931 1456 2998 si
1507 2928 1790 3017 predicti
1839 2929 2004 3015 viri,
2058 2927 2232 3012 quod
2279 2927 2511 2996 eadem
2564 2931 2793 2999 mulier
2840 2934 2960 3001 alii

698 3040 992 3125 nuberet,
1026 3057 1383 3106 consensus
1415 3038 1721 3124 accessit,
1773 3057 1916 3104 cum
1949 3034 2261 3124 predictis
2295 3038 2566 3105 muliere
2604 3049 2671 3108 et
2707 3041 2956 3131 Preste,

697 3154 770 3215 ut
800 3146 1262 3233 impedimento
1298 3146 1670 3216 huiusmodi
1703 3165 1833 3213 non
1885 3145 2188 3214 obstante
2218 3146 2286 3213 in
2318 3146 2415 3213 sic
2452 3156 2785 3219 contracto
2820 3171 2958 3220 ma-

695 3254 997 3322 trimonio
1028 3254 1208 3322 licite
1240 3273 1581 3322 remanere
1601 3255 1884 3339 velcant,
1920 3254 2309 3323 auctoritate
2339 3263 2566 3325 nostra
2583 3257 2957 3345 dispenses.

697 3362 940 3429 Datum
960 3360 1232 3432 Assissii
1265 3356 1414 3434 1111.
1447 3362 1596 3430 idus
1618 3359 2045 3449 Septembris,
2078 3361 2508 3432 Pontificatus
2538 3366 2746 3434 nostri
2778 3388 2956 3438 auno

695 3467 1057 3539 undecimo.

1393 3613 1652 3687 (Theiner
1679 3616 1749 3669 id.
1775 3631 1848 3668 m.
1872 3617 1915 3669 1.
1942 3613 2058 3669 ket.
2084 3616 2172 3668 81.
2199 3616 2262 3683 l.)

1547 3920 2090 3934 m
