3359 5250
1806 315 1939 383 460

743 531 1014 595 magnas
1045 512 1268 580 silices
1300 513 1484 580 iuxta
1516 531 1754 596 aquam
1787 511 2097 600 Loponch
2130 514 2590 601 supradictam,
2638 523 2703 583 et
2750 515 2840 584 ibi
2873 524 2997 583 ter-

742 620 1047 688 minatur.
1140 622 1229 688 Ut
1258 622 1459 706 igitur
1489 620 1683 690 huius
1713 621 1872 690 facti
1906 622 2110 690 series
2142 625 2336 690 robur
2367 622 2659 710 optineat
2687 630 3001 712 perpetue

740 728 1085 816 firmitatis,
1120 731 1205 798 ad
1236 732 1626 818 peticionem
1659 731 1819 800 dicti
1857 732 2121 818 Georgii
2176 739 2510 819 presentes
2561 733 2999 802 concessimus

740 835 993 903 litteras
1026 835 1353 924 dupplicis
1385 838 1593 923 sigilli
1624 838 1981 905 munimine
2011 839 2375 906 roboratas.
2440 841 2683 909 Datum
2716 860 2834 927 per
2862 862 3001 907 ma·

739 962 863 1010 nus
912 944 1211 1028 Magistri
1267 945 1612 1030 Smaragdi
1662 946 1986 1029 Prepositi
2035 946 2347 1014 Albensis
2401 947 2698 1015 Ecclesie
2715 997 2735 1032 ,
2785 948 3001 1016 Electi

742 1050 1200 1139 Colochensis,
1249 1054 1405 1120 aule
1475 1059 1697 1122 nostre
1749 1052 2340 1138 vice-Cancellarij
2393 1053 2620 1121 dilecti
2671 1060 2736 1121 et
2783 1055 3000 1123 fidelis

740 1162 964 1248 nostri,
1031 1183 1204 1230 anno
1234 1162 1501 1231 Domini
1531 1164 1625 1231 Μο
1656 1162 1788 1232 000
1837 1162 2378 1249 quinquagesimo
2426 1164 2737 1251 septimo,
2787 1162 2999 1248 Regni

739 1277 955 1339 autem
990 1275 1196 1341 nostri
1228 1294 1404 1341 anno
1435 1273 1743 1341 vicesimo
1775 1272 1992 1341 tercio.

740 1472 826 1537 (V.
867 1469 1053 1523 Istvan
1081 1470 1370 1538 kiralynak
1401 1475 1624 1527 lavo-ki
1670 1478 1993 1541 megcrb'sito'
2039 1472 2532 1541 privilegiumaboh
2571 1473 2828 1540 mclynek
2870 1475 3001 1541 igen

739 1560 1081 1630 magrongxtlt
1122 1560 1421 1630 peldanyat
1465 1564 1635 1615 volem
1682 1570 1720 1615 t.
1749 1564 1921 1632 Ajkas
1965 1563 2171 1630 Karoly
2212 1563 2431 1631 ssgyved
2474 1564 2537 1615 tir
2580 1563 2997 1630 Szombthelyeu

1641 1654 1796 1707 1864.
1842 1654 2100 1724 kuzolte.)

1799 2410 1954 2479 326.

737 2593 780 2658 1
794 2593 857 2658 V.
894 2594 1150 2660 scindor
1175 2595 1479 2682 pcipa‘nak
1509 2596 1723 2661 incessi
1751 2594 1990 2661 Daniel
2038 2594 2310 2678 qaliezai
2358 2593 2704 2680 kirdlyhoz,
2752 2595 2911 2681 hoyy
2958 2617 2999 2660 a

995 2703 1306 2768 katholika
1353 2705 1581 2789 eyyha'z
1613 2703 2037 2788 lcc'izo'ssejqc'hez
2090 2701 2493 2775 vimatffim
2540 2700 2736 2767 1257.

950 2900 1328 2968 Alexander
1359 2900 1727 2987 Episcopus
1760 2918 1987 2969 servus
2020 2919 2350 2969 servorum
2382 2899 2511 2967 Dei
2560 2897 2801 2967 dilecto
2852 2899 2995 2966 filio

737 3009 997 3076 Danieli
1018 3009 1184 3093 Regi
1209 3008 1449 3077 Russie
1479 3008 1778 3079 timorem
1800 3008 2028 3076 Divini
2061 3007 2340 3076 nominis
2373 3013 2438 3076 et
2457 3027 2763 3075 amorem.
2816 3007 2998 3075 Inter

742 3119 894 3204 alia,
930 3138 1056 3203 que
1088 3118 1278 3187 nobis
1307 3137 1392 3186 ex
1412 3118 1710 3204 injuncto
1728 3118 2155 3205 Apostolatus
2177 3115 2557 3185 incumbunt
2587 3114 2823 3202 officio,
2857 3118 2995 3183 ani-

739 3248 986 3294 marum
1020 3248 1138 3295 nos
1167 3228 1473 3296 convenit
1499 3226 1812 3315 precipue
1843 3226 2195 3312 invigilare
2229 3226 2452 3311 saluti,
2488 3233 2561 3292 ut
2596 3246 2714 3293 eas
2747 3227 2997 3310 Regum

739 3333 920 3418 Regi,
958 3335 1068 3421 qui
1099 3355 1216 3402 nos
1246 3334 1531 3421 illarum,
1567 3333 1724 3404 licet
1754 3334 2131 3419 immeritos,
2170 3333 2377 3402 voluit
2394 3353 2657 3419 preesse
2677 3333 2996 3420 regimini,

739 3442 1142 3527 lucrifacere,
1188 3463 1311 3511 sua
1341 3443 1527 3510 nobis
1578 3449 1971 3528 cooperante
2019 3441 2255 3526 gratia,
2301 3441 2661 3509 valeamus.
2757 3442 2997 3508 Verum

738 3552 894 3635 quia
924 3572 1052 3619 non
1085 3559 1184 3620 est
1215 3554 1357 3620 Deo
1378 3560 1716 3639 acceptum
1750 3551 2150 3638 obsequium,
2203 3549 2378 3637 quod
2411 3550 2554 3619 sine
2584 3549 2713 3617 fide
2744 3557 2995 3636 presta-

738 3667 860 3746 tur,
898 3680 1018 3730 nec
1048 3662 1419 3748 pervenitur
1451 3682 1717 3750 operum
1769 3661 2020 3731 edificio
2069 3662 2158 3729 ad
2205 3661 2485 3732 salutem
2505 3712 2523 3746 ,
2573 3660 2747 3747 quod
2796 3680 2996 3747 supra

738 3770 1108 3837 firmitatem
1141 3769 1291 3838 fidei
1324 3791 1453 3838 non
1485 3770 1838 3857 consurgit,
1875 3771 1962 3839 ad
1994 3769 2487 3859 propagandam
2521 3789 2664 3838 eam
2698 3774 2763 3837 et
2792 3789 2993 3837 corro-

739 3879 1101 3949 borandam
1130 3881 1198 3947 in
1231 3881 1557 3950 mentibus
1588 3882 1894 3968 omnium,
1927 3887 1991 3949 et
2020 3879 2405 3967 specialiter
2436 3880 2685 3963 chu'm
2716 3885 2782 3947 et
2810 3879 2996 3948 Prin-

737 3987 973 4075 cipum,
1013 3988 1375 4056 intentione
1410 3996 1549 4057 tota
1569 3990 1874 4074 omnique
1892 3988 2360 4075 sollicitudine,
2392 4008 2474 4055 ac
2495 3987 2677 4055 verbi
2698 3992 2764 4055 et
2782 3988 2997 4073 operis

737 4096 1034 4164 efficacia
1066 4096 1369 4165 laborare
1401 4096 1729 4185 debemus,
1764 4104 1837 4166 ut
1866 4097 2245 4166 Christiana
2275 4095 2591 4181 religione
2637 4096 2840 4163 latius
2875 4095 2993 4162 dif-

733 4207 887 4275 fusa
917 4226 1033 4292 per
1064 4206 1304 4293 orbem,
1336 4207 1549 4293 patris
1580 4208 1793 4276 eterni
1842 4208 2017 4275 filius
2066 4204 2528 4293 multiplicatis
2577 4204 2997 4272 servitoribus

735 4316 996 4402 plenius
1028 4313 1395 4384 honoretur.
1447 4317 1623 4384 Sane
1655 4322 1728 4384 tu
1760 4315 1917 4385 olim
1948 4316 2224 4404 cupiens
2260 4314 2344 4383 de
2374 4314 2788 4382 infidelitatis
2819 4320 2998 4384 tene·

735 4424 897 4510 bris,
946 4445 1072 4509 que
1120 4430 1466 4512 postquam
1518 4426 1722 4495 etiam
1772 4431 2039 4496 renatus
2102 4424 2284 4494 fuisti
2332 4423 2513 4493 fonte
2559 4422 3001 4514 baptismatiS,

737 4534 958 4602 oculos
993 4541 1102 4602 tue
1131 4534 1370 4603 mentis
1400 4534 1830 4620 involverant,
1881 4535 1969 4603 ad
1998 4534 2219 4605 lumen
2251 4531 2585 4603 Catholice
2613 4531 2804 4618 fidei,
2856 4535 3001 4603 sine

736 4660 868 4726 qua
896 4661 1086 4711 nemo
1115 4642 1446 4738 salvatur,
1500 4650 1564 4710 et
1614 4641 1703 4710 ad
1733 4640 2170 4712 obedientiam
2201 4640 2492 4709 Ecclesie
2521 4641 2833 4729 Romane,
2868 4663 2999 4709 non
