3359 5250
1841 318 1976 385 370

785 517 960 603 apud
991 514 1291 584 Castrum
1322 516 1630 584 Ferreum
1680 516 1750 584 in
1780 517 1944 585 festo
1978 516 2204 584 Sancti
2237 514 2557 601 Micaelis‚
2608 534 2778 581 anno
2814 514 3039 598 gracie

784 626 877 692 M⁰
899 624 1033 692 00⁰
1063 623 1606 711 quinquagesimo
1642 633 1898 710 quarto.

952 805 1052 873 (Aa
1078 806 1286 861 eredeti
1311 805 1445 860 utan
1470 808 1631 874 Nagy
1655 807 1819 872 Imre,
1846 808 2025 859 Hazai
2051 802 2392 873 Okmanytar
2420 806 2515 860 IV.
2542 806 2657 858 kot-
2686 806 2774 857 36.
2800 804 2861 871 l.)

1653 1095 2182 1108 «ψ

1841 1525 1997 1594 259.

785 1710 1025 1775 Hem-ik
1054 1709 1415 1795 orsqubz'ro'
1445 1713 1506 1771 e's
1525 1708 2084 1795 sonwyyifo'ispdn
2115 1731 2157 1773 a
2178 1706 2423 1772 Bakacs
2435 1706 2568 1789 fiai
2583 1708 2812 1789 Jakab,
2833 1708 3039 1789 Mika,

782 1818 1085 1883 Jaracsin
1116 1822 1178 1880 e's
1199 1816 1532 1895 Karacsin,
1563 1820 1623 1879 e's
1651 1814 1951 1880 Salamon
1966 1816 2099 1896 fiai
2128 1813 2412 1879 Demeter
2442 1820 2504 1878 e's
2534 1818 2805 1880 testve'rei
2833 1816 2968 1881 kozt
2999 1843 3039 1882 a

783 1924 950 1990 Zala
981 1924 1216 2010 folydn
1248 1925 1378 1988 le'vo'
1408 1923 1694 2008 bizonyos
1724 1925 1956 1988 malom
1985 1924 2120 2008 sele
2149 1929 2314 1987 re‘sze
2344 1925 2515 1988 ircint
2543 1923 2729 1987 k5t5tt
2776 1932 3037 2010 eyyesse'-

779 2046 898 2120 yet,
946 2034 1105 2118 mely
1134 2034 1364 2096 azer-int
1393 2056 1433 2095 a
1464 2031 1734 2095 ker-deses
1763 2033 1995 2097 malom
2006 2032 2140 2117 fele
2171 2056 2211 2096 α
2242 2031 2435 2097 Ιιοκεά
2466 2030 3040 2116 tartozdfo‘ldekkel

782 2145 990 2226 eqyiitt
1018 2141 1310 2205 tovdbbra
1354 2141 1412 2203 is
1441 2139 1748 2204 Salamon
1777 2138 1912 2223 fiai
1939 2139 2300 2205 birtokdban
2347 2140 2622 2221 maradt,
2668 2144 3039 2225 meyer-omi.

1818 2245 2014 2311 1254.

999 2426 1136 2493 Nos
1166 2426 1475 2493 Herricus
1503 2424 1721 2494 Judex
1754 2425 1949 2493 Curie
1978 2426 2184 2510 Regie
2229 2433 2295 2495 et
2325 2430 2557 2495 Comes
2591 2427 3029 2514 Symigiensis

785 2535 872 2601 ad
903 2534 1346 2601 vniuersorum
1381 2535 1692 2602 noticiam
1726 2534 2028 2602 uolumus
2061 2536 2447 2621 peruenire:
2479 2531 2652 2618 quod
2683 2555 2828 2602 cum
2847 2535 2890 2602 J
2896 2556 3038 2603 aco·

786 2644 927 2730 bns,
957 2644 1146 2729 Mica,
1180 2644 1590 2729 Jarachinus,
1631 2651 1699 2712 et
1732 2645 2140 2712 Caracbinus
2170 2644 2288 2730 filij
2321 2644 2600 2731 Bococh,
2634 2647 3036 2713 Demetrium

788 2760 852 2821 et
879 2752 1115 2821 fratres
1167 2771 1321 2819 suos
1353 2753 1525 2821 filios
1558 2752 1929 2820 Salomonis
1959 2752 2046 2818 ad
2076 2760 2366 2821 nostram
2417 2753 2730 2821 citassent
2777 2775 3039 2840 presen-

788 2862 979 2947 ciam,
1031 2862 1443 2931 medietatem
1495 2863 1832 2930 cuiusdam
1863 2861 2218 2930 molendini
2269 2862 2338 2928 in
2370 2862 2568 2931 fluuio
2599 2863 2758 2930 Zale
2812 2863 3041 2931 decur-

783 2972 1007 3058 rentis,
1040 2973 1304 3042 racione
1334 2972 1664 3060 porcionis
1688 2973 1886 3039 Zeme
1919 2974 2005 3040 ab
2034 2971 2278 3041 eisdem
2313 2971 2737 3057 requirentes,
2769 2973 3039 3040 tandem

781 3081 1222 3150 mediantibus
1254 3079 1647 3167 quibusdam
1700 3079 1920 3167 probis
1952 3080 2117 3148 viris
2150 3100 2232 3147 ex
2261 3088 2488 3149 nostro
2526 3079 2939 3166 beneplacito
2971 3089 3040 3150 et

784 3212 1126 3277 consensu,
1159 3190 1330 3258 sicut
1358 3188 1559 3275 ijdem
1589 3189 2024 3276 personaliter
2054 3190 2389 3257 constituti
2419 3198 2864 3278 asseruerunt,
2917 3211 3038 3277 pro

781 3302 952 3369 bono
1003 3297 1189 3387 pacis
1237 3299 1306 3365 in
1352 3298 1555 3365 talem
1601 3298 2147 3386 composicionem
2196 3297 2636 3383 deuenerunt;
2690 3297 2864 3383 quod
2913 3298 3034 3384 filij

779 3409 1037 3476 Bococh
1070 3404 1519 3493 supradictam
1554 3405 1972 3474 medietatem
2006 3404 2300 3474 eiusdem
2333 3406 2688 3475 molendini
2733 3405 2886 3491 filijs
2918 3409 3039 3473 Sa—

779 3516 1060 3586 lomonis
1108 3514 1579 3603 prenominatis
1632 3514 2077 3599 relinquerunt
2107 3515 2173 3581 in
2204 3535 2374 3602 pace
2407 3515 2473 3581 in
2513 3520 2918 3602 perpetuum,
2969 3522 3036 3581 et

780 3647 1110 3711 nunquam
1162 3623 1617 3711 requirendam
1669 3622 2031 3711 possidere,
2085 3624 2254 3691 sicut
2285 3630 2349 3691 et
2379 3623 2448 3691 in
2480 3623 2709 3711 primis
2740 3622 3034 3710 posside-

780 3738 943 3805 bant
973 3755 1119 3801 cum
1149 3739 1466 3801 terrarum
1518 3733 1871 3800 medietate
1904 3734 1990 3800 ad
2023 3733 2301 3801 eundem
2351 3731 2794 3801 molendinum
2842 3732 3035 3818 perti·

780 3844 1102 3912 nencium.
1154 3844 1240 3910 Vt
1270 3842 1470 3927 igitur
1500 3861 1814 3930 processu
1862 3840 2175 3928 temporis
2206 3840 2450 3908 factum
2505 3841 2828 3927 presentis
2864 3861 3035 3909 com-

777 3951 1133 4039 posicionis
1168 3958 1235 4019 et
1265 3952 1450 4038 pacis
1479 3971 1597 4038 per
1626 3949 2063 4037 calumpniam
2097 3951 2201 4016 uel
2249 3948 2530 4017 alicuius
2560 3949 2741 4017 litem
2779 3950 2847 4017 in
2877 3969 3030 4033 que-

778 4061 1012 4129 stionis
1075 4059 1411 4126 materiam
1474 4058 1770 4127 reuocari
1821 4079 1951 4125 non
2013 4058 2261 4145 possit,
2324 4056 2441 4125 sed
2490 4061 2688 4128 robur
2741 4057 3035 4126 obtineat

777 4168 1107 4236 firmitatis
1127 4220 1145 4254 ,
1210 4188 1292 4235 ex
1343 4168 1680 4236 uoluntate
1742 4165 2038 4254 parcium
2088 4164 2402 4253 predictis
2454 4167 2612 4254 filijs
2660 4163 3034 4233 Salomonis

776 4278 1032 4347 litteras
1058 4284 1317 4345 nostras
1345 4276 1785 4343 concessimus
1814 4275 2020 4360 sigilli
2052 4274 2254 4344 nostri
2276 4276 2631 4343 munimine
2655 4275 3027 4343 roboratas.

777 4387 1020 4455 Datum
1050 4407 1225 4454 anno
1257 4387 1481 4473 gracie
1513 4388 1605 4452 Μο
1626 4385 1757 4453 00⁰
1787 4384 2331 4472 quinquagesimo
2363 4391 2615 4470 quarto.

773 4569 1052 4637 (Eredetie
1076 4586 1111 4622 a
1135 4568 1285 4623 m61t.
1312 4569 1441 4637 gros
1471 4570 1668 4622 Teleki
1694 4564 1878 4620 caalad
1912 4565 2353 4636 magyarorszagi
2392 4565 2613 4636 agalnak
2652 4564 3027 4620 lovsltantbau

1528 4660 1818 4726 Gybmrssn.
1856 4653 2018 4708 &abd
2043 4655 2280 4727 Kdroly.)
