3359 5250
1835 410 1965 477 388

776 611 966 679 illata
1000 610 1405 681 decernimus
1452 616 1673 680 mutuo
1707 610 2114 678 remittenda.
2148 606 2250 674 Ad
2284 608 2423 690 bec,
2462 615 2527 672 vt
2558 604 2865 694 predicta
2901 625 3031 671 om·

780 720 896 787 nia
926 718 1170 788 firmius
1194 720 1639 806 obseruentur,
1671 719 1917 807 placuit
1944 717 2270 807 partibus,
2304 723 2369 784 et
2397 736 2518 785 nos
2551 714 3031 801 assumpsimus

776 850 892 915 pro
926 827 1094 897 bono
1126 827 1329 916 pacis,
1381 836 1451 895 ut
1484 833 1739 912 partem
1790 828 2247 896 obseruantem
2291 824 2716 914 prescriptam
2770 821 3032 890 ordina·

781 937 1032 1005 cionem
1081 956 1537 1004 conseruemus
1587 939 1652 1004 in
1705 957 1822 1007 suo
1864 937 2003 1005 iure
2053 939 2284 1003 contra
2348 933 2623 1000 alteram
2669 933 3027 1000 obseruare

778 1067 908 1114 non
959 1046 1307 1115 volentem.
1360 1046 1697 1113 Adicimus
1747 1046 1994 1130 eciam,
2052 1043 2227 1130 quod
2278 1050 2499 1130 partes
2548 1050 2918 1129 spontanea
2968 1046 3034 1106 et

779 1157 1075 1225 vltronea
1123 1154 1460 1222 voluntate
1489 1154 2065 1246 renunciauerunt·
2089 1152 2390 1222 omnibus
2428 1150 2662 1219 litteris
2694 1154 2760 1217 et
2798 1149 3032 1218 instru-

780 1263 1032 1350 mentis,
1066 1266 1209 1332 siue
1243 1285 1285 1330 a
1315 1263 1486 1331 Sede
1503 1263 1907 1350 Apostolica,
1932 1262 2034 1330 vel
2069 1260 2490 1345 vndecunque
2511 1259 2798 1329 obtentis
2829 1277 3030 1346 super

779 1372 900 1440 hoc
930 1371 1127 1457 facto,
1160 1370 1290 1440 fide
1322 1372 1480 1439 data
1508 1371 1963 1459 promittentes
1993 1370 2060 1436 in
2094 1377 2352 1439 nostras
2391 1388 2620 1436 manus
2653 1387 2734 1436 ea
2773 1368 3028 1452 integre

780 1481 1131 1564 resignare,
1189 1489 1256 1547 et
1306 1482 1362 1548 si
1413 1500 1543 1564 qua
1594 1500 1673 1547 ex
1707 1480 1841 1549 illis
1893 1478 2086 1547 modo
2139 1479 2357 1564 aliquo
2407 1497 2611 1565 penes
2660 1477 3030 1563 quempiam

782 1598 1210 1676 remanerent,
1262 1610 1457 1657 cassa
1505 1598 1726 1657 essent
1759 1597 1824 1657 et
1853 1589 2130 1676 inutilia,
2183 1595 2250 1656 et
2280 1588 2499 1656 nullas
2550 1588 2724 1655 vires
2775 1586 3035 1674 penitus

785 1699 1107 1766 habitura.
1160 1700 1397 1766 Datum
1432 1707 1496 1767 et
1527 1707 1745 1766 actum
1778 1697 1845 1766 in
1876 1699 2130 1767 Waska
2162 1718 2333 1766 anno
2367 1697 2633 1765 Domini
2687 1696 3034 1765 millesimo

786 1807 1223 1877 ducentesimo
1262 1808 1800 1895 quinquagesimo
1838 1808 2080 1893 quinto.

783 2008 965 2074 (1504.
993 2005 1223 2060 oktavas
1259 2005 1537 2071 atiratbol,
1576 2008 1722 2077 moly
1748 2008 1865 2062 kelt
1890 2010 2076 2072 „Bude
2115 2010 2251 2061 feria
2287 2012 2483 2074 quarta
2507 2007 2751 2076 proxima
2788 2012 2918 2058 ante
2958 2005 3037 2056 se-

783 2105 922 2151 ntum
951 2099 1110 2150 Beati
1136 2100 1359 2151 Martini
1385 2100 1644 2167 Episcopi
1670 2105 1728 2151 et
1753 2100 2109 2164 confessoris,
2146 2102 2374 2169 papiron
2402 2115 2436 2152 a
2463 2098 2626 2152 budai
2656 2098 2758 2152 kir.
2785 2097 3037 2149 kamarai

1726 2188 2103 2259 leveltarban.)

1701 2478 2139 2492 ψ

1844 2967 2001 3038 276.

787 3146 909 3212 IV.
932 3147 1189 3214 Sdndor
1205 3149 1381 3235 pdpa
1408 3171 1451 3214 a
1481 3149 1754 3237 spalatoi
1779 3148 2057 3216 e'rseknek
2087 3149 2475 3237 mykaqyja,
2514 3148 2676 3235 '²099
2706 3170 2784 3212 az
2801 3147 3039 3232 ajonan

1090 3257 1413 3322 vdlasztott
1441 3257 1737 3323 sebenicoi
1756 3257 2066 3346 piispb‘ko't
2093 3257 2489 3344 meyer-lisiae.
2536 3254 2730 3320 1255.

1004 3451 1378 3521 Alexander
1427 3454 1791 3541 Episcopus
1839 3474 2069 3524 seruus
2119 3473 2457 3522 seruorum
2503 3454 2627 3521 Dei
2680 3451 3039 3522 venerabili

788 3558 976 3626 fratri
1011 3612 1027 3629 .
1061 3612 1080 3646 ‚
1116 3611 1132 3628 .
1167 3561 1682 3649 Archiepiscopo
1733 3562 2110 3651 Spalatensi
2158 3563 2436 3631 salutem
2486 3571 2551 3631 et
2589 3561 3039 3651 Apostolicam

790 3668 1326 3737 benedictionem.
1375 3670 1511 3738 Sua
1539 3670 1735 3739 nobis
1766 3670 2136 3758 Capitulum
2172 3671 2600 3740 Sibinicensis
2646 3670 2938 3739 Ecclesie
2972 3670 3041 3736 in

785 3777 1136 3846 Sclanonia
1183 3777 1427 3865 peticio
1479 3780 1910 3866 monstrabat,
1958 3778 2132 3865 quod
2181 3799 2326 3847 cum
2364 3779 2520 3848 olim
2552 3779 2849 3847 Ecclesia
2895 3779 3041 3866 ipsa

789 3892 1058 3974 pastore
1091 3894 1372 3972 vacaret,
1417 3887 1569 3974 ipsi,
1600 3897 1794 3976 prout
1824 3887 2021 3956 moris
2052 3894 2171 3974 est,
2220 3888 2682 3957 conuenientes
2721 3886 2791 3955 in
2820 3907 3038 3974 unum,

789 3993 1072 4082 Spiritus
1119 3996 1344 4062 Sancti
1393 3996 1615 4082 gratia
1667 3997 1976 4064 invocata
2023 3996 2328 4066 dilectum
2380 3998 2585 4066 filium
2633 3999 2701 4065 S.
2748 3996 3041 4065 eiusdem

790 4103 1087 4171 Ecclesie
1116 4103 1768 4191 Archipresbiterum‚
1820 4108 2031 4174 virum
2062 4108 2311 4194 ntique,
2363 4115 2434 4175 ut
2472 4114 2793 4193 asserunt,
2833 4107 3044 4194 provi·

789 4210 945 4280 dum
978 4219 1045 4280 et
1074 4213 1435 4302 honestum,
1488 4236 1569 4284 ac
1598 4216 1667 4283 in
1699 4217 2149 4304 spiritualibus
2181 4224 2248 4286 et
2279 4217 2746 4306 temporalibus
2778 4217 3043 4284 circum-

792 4329 1107 4410 spectum,
1158 4325 1548 4395 unanimiter
1578 4334 1647 4395 et
1699 4327 2104 4396 concorditer
2155 4328 2495 4415 elegerunt
2525 4328 2594 4394 in
2646 4347 2869 4396 eorum
2901 4326 3043 4414 Epi·

788 4451 1061 4519 scopum
1092 4439 1158 4500 et
1189 4442 1536 4521 pastorem.
1574 4437 1810 4505 Verum
1839 4437 2012 4524 quod
2043 4446 2133 4522 tu,
2170 4440 2281 4522 qui
2313 4438 2439 4506 loci
2471 4438 2647 4504 illius
2670 4435 3043 4523 Metropoli·

789 4548 983 4610 tanus
1016 4542 1267 4630 existis,
1300 4565 1418 4632 pro
1454 4564 1552 4632 eo,
1602 4546 1777 4630 quod
1809 4546 2110 4615 Ecclesia
2140 4547 2289 4634 ipsa
2319 4555 2501 4615 tanto
2535 4554 2825 4633 tempore
2856 4565 3046 4613 vaca·

790 4656 995 4735 verat,
1051 4648 1223 4735 quod
1252 4652 1341 4719 ad
1369 4652 1606 4721 Sedem
1637 4656 2088 4742 Apostolicam
2139 4663 2283 4723 erat
2318 4657 2459 4724 eius
2513 4655 2800 4741 provisio
2848 4653 3044 4723 (levo-

790 4758 947 4842 luta,
979 4758 1251 4827 renuisti
1282 4760 1664 4830 electionem
1701 4764 2071 4833 huiusmodi
2102 4766 2501 4849 confirmare,
2538 4762 2819 4850 predicti
2853 4763 3048 4849 Capi·
