3359 5250
1427 337 1509 402 17

312 530 605 599 fideliter
635 530 1002 616 remittatis,
1036 534 1284 620 prefixo
1315 533 1613 620 partibus
1640 535 1920 604 termino
1951 537 2390 623 peremptorio
2415 555 2584 604 com-

314 642 594 727 petenti,
646 659 775 723 quo
806 660 926 726 per
956 660 1032 709 se
1082 650 1196 709 aut
1221 649 1677 728 procuratores
1723 642 1997 712 idoneos
2028 649 2453 731 compareant
2484 662 2584 711 co·

309 768 462 815 ram
501 749 715 830 nobis,
762 748 1004 817 iustam
1037 756 1302 818 auctore
1322 751 1602 819 Domino
1633 753 2023 819 sententiam
2053 759 2412 840 recepturo.
2462 752 2583 820 Oe·

315 868 538 927 terum
569 858 628 924 si
659 856 1038 924 alterutram
1088 859 1374 944 partium
1405 858 1871 926 contumaciter
1922 861 2160 929 abesse
2212 861 2579 949 contigerit,

306 989 434 1037 vos
464 965 924 1035 nichilominus
954 965 1023 1032 in
1053 967 1199 1053 ipso
1231 968 1491 1050 negotio
1529 967 1885 1035 secundum
1917 965 2196 1036 formam
2227 969 2415 1038 vobis
2445 978 2578 1037 tra·

310 1076 525 1143 ditam
573 1073 971 1162 procedatis,
1023 1076 1391 1159 processuri
1443 1081 1596 1141 ante
1639 1073 1864 1141 omnia
1911 1073 1980 1141 in
2036 1076 2386 1144 securitate
2434 1097 2579 1164 pre-

307 1183 555 1251 standa
588 1181 780 1249 dictis
816 1183 887 1248 P.
924 1191 988 1249 et
1018 1182 1544 1267 prosecutoribus
1575 1180 1920 1251 electionis
1949 1183 2262 1271 eiusdem,
2303 1190 2368 1254 et
2398 1186 2582 1254 resti·

308 1294 569 1361 tutione
602 1292 829 1360 debita
859 1293 1355 1378 subtractorum,
1409 1312 1491 1357 ac
1520 1292 1845 1360 solutione
1876 1311 2313 1379 expensarum
2345 1293 2581 1362 facien·

313 1400 421 1467 dis
452 1398 812 1466 secundum
843 1399 1249 1467 taxationem
1279 1399 1560 1485 predicti
1592 1400 1908 1487 Episcopi
1938 1400 2306 1468 Penestrini
2337 1400 2582 1469 factam

310 1508 384 1574 in
406 1508 733 1593 Ungaria,
760 1514 825 1574 et
855 1510 1030 1594 apud
1064 1508 1300 1575 Sedem
1321 1507 1774 1594 Apostolicam
1802 1508 2260 1595 approbatam,
2292 1511 2578 1596 proviso,

307 1637 399 1685 ne
430 1617 551 1684 sub
603 1617 805 1685 dubio
855 1616 994 1683 litis
1045 1622 1283 1684 eventu
1337 1617 1568 1685 eadem
1616 1616 1919 1686 Ecclesia
1951 1618 2268 1685 bonorum
2315 1637 2579 1686 suorum

316 1724 649 1793 sustineat
696 1723 1014 1792 lesionem
1034 1775 1052 1809 ,
1106 1731 1172 1791 et
1202 1723 1258 1791 si
1294 1724 1573 1792 eundem
1603 1726 1679 1791 Β.
1711 1724 2090 1792 inveneritis
2139 1722 2224 1792 de
2260 1722 2580 1811 dilapida-

310 1833 496 1901 tione
527 1839 709 1899 eerta
739 1831 995 1900 ratione
1024 1839 1418 1918 suspectum,
1453 1830 1669 1917 ipsum
1702 1832 1791 1899 ab
1809 1830 2398 1902 amministratione
2426 1840 2580 1900 tem·

312 1941 645 2028 poralium
676 1939 1096 2026 suspendatis
1117 1991 1135 2025 ,
1189 1938 1722 2024 contradictores,
1774 1941 1831 2006 si
1877 1940 1988 2025 qui
2039 1938 2297 2027 fuerint,
2350 1940 2456 2006 vel
2487 1959 2578 2006 re-

312 2050 547 2133 belles,
598 2067 718 2135 per
748 2066 1091 2113 censuram
1142 2046 1659 2115 eeclesiasticam
1691 2045 1817 2112 sub
1845 2047 2234 2132 Apostoliea
2280 2045 2583 2116 obedien-

312 2158 413 2223 tia
462 2153 958 2239 compescendo.
1013 2151 1205 2231 Quod
1257 2152 1317 2219 si
1364 2173 1492 2220 non
1541 2171 1790 2237 omnes,
1842 2158 1933 2238 tu,
1984 2151 2191 2220 frater
2238 2152 2584 2239 Episcopo,

318 2286 469 2332 cum
522 2282 746 2331 eorum
777 2261 983 2329 altero
1035 2267 1155 2329 etc.
1209 2260 1455 2328 Datum
1486 2262 1695 2329 Reate
1724 2260 1900 2329 VIII.
1942 2258 2269 2328 kalendas
2300 2262 2587 2348 Septem·

319 2372 460 2439 bris
493 2369 943 2459 (Pontificatus
972 2366 1207 2456 nostri)
1240 2387 1413 2436 anno
1446 2366 1720 2437 decimo.

306 2570 581 2651 (Theiner
608 2568 681 2619 id.
706 2584 776 2622 m.
803 2564 848 2620 1.
876 2568 992 2620 kot.
1023 2569 1144 2623 148.
1170 2568 1207 2619 l.
1252 2568 1401 2619 Ezen
1427 2564 1594 2635 papai
1619 2564 1897 2620 brevenek
1939 2563 2226 2621 kivonatat
2253 2566 2398 2619 kozli
2421 2566 2585 2635 Fejer

1029 2658 1163 2716 cod.
1188 2658 1339 2727 Dipl.
1365 2659 1461 2711 IV.
1488 2658 1543 2711 k.
1572 2663 1619 2711 1.
1647 2674 1690 2709 r.
1718 2660 1804 2711 38.
1830 2656 1888 2724 l.)

1193 2929 1712 2941 ---.---

1396 3409 1506 3476 10.

327 3600 386 3666 Α
417 3600 759 3688 υωιρνέπιί
787 3593 1232 3685 kdptalannak
1251 3588 1794 3680 bizonyadylevele,
1822 3588 1983 3676 hoqy
2005 3585 2232 3675 Goqan
2252 3586 2586 3654 Jdnosnak
2725 3687 2732 3696 .

306 3711 415 3795 fia
463 3712 526 3776 ὡ
562 3706 961 3775 &adactu-mi
1005 3702 1277 3791 Lyndva
1326 3699 1604 3766 biv-tolcae
1649 3697 1889 3764 Hoholt
1938 3694 2256 3762 commek
2304 3692 2582 3759 dadmk.

1355 3808 1552 3874 1236.

537 4012 917 4101 Capitulum
936 4002 1491 4094 Uvesprimiensis
1510 4000 1809 4067 Ecclesie
1826 3996 2151 4066 vniuersis
2171 3996 2426 4064 litteras
2448 4015 2587 4082 pre-

326 4131 542 4194 sentes
573 4117 963 4208 inspecturis
1001 4116 1282 4184 salutem
1322 4111 1390 4178 in
1419 4107 1701 4177 Domino
1733 4108 1894 4176 Jesu
1924 4103 2201 4173 Christo.
2248 4104 2326 4170 In
2359 4109 2586 4171 nostra

322 4232 710 4302 constitutus
745 4225 1089 4315 presencia
1139 4224 1395 4307 Gogan,
1428 4219 1470 4287 J
1471 4217 1749 4287 ohannis
1798 4215 1972 4283 filius
2021 4211 2106 4279 de
2135 4211 2297 4278 villa
2335 4209 2483 4296 Oia,
2519 4219 2585 4280 et

322 4347 640 4427 cognatus
693 4336 834 4404 eius
866 4333 1042 4420 Jula,
1083 4329 1336 4396 Bulchv
1384 4326 1557 4393 filius
1607 4324 1691 4392 de
1730 4322 1892 4390 villa
1922 4318 2303 4403 Zebuchka,
2354 4338 2587 4406 propo-

288 4456 608 4533 ·suerunt,
661 4444 839 4530 quod
884 4440 1015 4531 ipsi
1044 4437 1412 4507 voluntarie
1464 4442 1530 4502 et
1566 4433 1752 4501 nulla
1787 4428 2178 4499 choacoione
2226 4425 2578 4514 mediante,

320 4569 563 4627 terram
593 4551 925 4640 quandam
944 4547 1289 4636 Lynduam
1318 4542 1599 4627 nomiue,
1639 4560 1786 4608 cum
1808 4543 2085 4624 quatuor
2102 4535 2336 4622 vineis,
2367 4555 2584 4605 nemo·

319 4669 521 4756 ribus,
552 4660 846 4752 chybrijs
876 4681 921 4727 a
951 4656 1230 4744 singulis
1260 4652 1477 4723 uineis
1508 4652 1577 4719 in
1607 4659 1782 4720 terra
1813 4649 1958 4717 sitis
1992 4646 2223 4716 eadem
2255 4642 2339 4709 de
2367 4645 2582 4729 patrie

406 4805 612 4844 nom.
642 4800 809 4840 nuso.
840 4798 982 4836 mer.
1012 4803 1084 4816 -
1109 4792 1254 4831 mrr..
1284 4784 1349 4823 ις.
2220 4759 2259 4817 2
