3359 5250
1823 358 1911 423 48

739 560 808 626 in
860 558 1091 627 eadem
1140 559 1440 625 Ecclesia
1498 557 1777 624 feliciter
1832 558 2190 641 ordinatiS,
2255 576 2426 623 anno
2478 553 2701 641 gracie
2750 556 2840 621 M⁰
2873 554 3008 620 00⁰

743 668 960 735 XXX⁰
993 666 1167 732 VIJ·.

738 844 1011 911 (Eredetie
1037 845 1380 913 borhartyan,
1422 847 1646 911 melyrol
1672 863 1708 896 a
1734 843 1918 911 pecset
1949 845 2225 908 elvoszett,
2274 862 2308 895 a
2335 846 2502 895 budai
2527 846 2628 894 kir.
2659 844 2902 896 kamarai
2926 840 3003 892 le-

1691 934 2014 1001 veluit-ban.)

1819 1706 1929 1772 30.

743 1894 804 1956 A
839 1892 1140 1976 pozsonyi
1181 1884 1586 1973 fnispcinnak
1619 1888 1925 1972 Jelente'se
1975 1886 2095 1952 IV.
2148 1885 2314 1949 Be'la
2362 1885 2695 1973 kirdlyhoz
2743 1882 3004 1967 Saulus,

1207 1996 1412 2061 Jdnos
1428 1995 1663 2080 fidnak
1695 1993 2303 2078 biv-tokdllapotcirdl.
2343 1996 2537 2059 1237.

958 2173 1340 2241 Reuerendo
1393 2173 1651 2240 domino
1704 2193 1822 2239 suo
1872 2174 1947 2238 B.
1992 2174 2118 2238 Dei
2170 2174 2394 2257 gracia
2444 2174 2610 2259 Regi
2658 2170 2999 2257 Hungarie

747 2283 995 2350 Illustri
1026 2280 1104 2347 A.
1143 2281 1373 2347 Comes
1404 2282 1826 2374 Posoniensis
1858 2281 2357 2348 inclinacionem
2388 2291 2453 2349 et
2490 2281 2779 2348 debitam
2818 2299 3000 2346 reue·

743 2391 1052 2457 renciam.
1103 2386 1466 2455 Mandastis
1516 2387 1695 2473 mibi,
1750 2387 1924 2471 quod
1980 2387 2414 2473 significarem
2465 2390 2691 2473 vobis,
2757 2408 2884 2472 quc
2937 2394 3004 2454 et

745 2502 990 2584 quanta
1021 2503 1194 2562 esset
1221 2502 1400 2563 terra
1430 2495 1635 2581 Sauli,
1690 2514 1814 2580 que
1846 2495 1972 2560 sibi
2006 2501 2069 2561 et
2101 2497 2235 2563 suis
2278 2496 2586 2564 fratribus
2637 2495 2991 2564 secundum

735 2608 1070 2694 justiciam
1091 2611 1474 2673 remaneret.
1509 2603 1819 2689 Significo
1851 2603 2053 2690 igitur
2092 2604 2518 2673 dominationi
2537 2607 2787 2691 Vestre,
2823 2604 3000 2691 quod

745 2722 919 2782 terra
952 2716 1106 2781 dicti
1138 2719 1202 2782 S.
1237 2722 1301 2779 et
1332 2714 1604 2779 fratrum
1656 2713 1797 2779 eius
1838 2712 2065 2798 incipit
2095 2734 2176 2779 ex
2209 2712 2530 2801 superiori
2580 2723 2764 2800 parte
2798 2735 2840 2779 a
2871 2716 3000 2780 Da-

745 2826 961 2910 nubio,
997 2823 1107 2907 qui
1138 2823 1335 2904 vulgo
1366 2830 1635 2888 vocatur
1664 2821 2127 2904 Korousduna,
2163 2828 2227 2887 et
2257 2820 2499 2887 ibidem
2525 2820 2840 2888 diuiditur
2871 2823 3004 2887 Da-

745 2932 982 2998 nubius
1014 2929 1081 2994 in
1114 2929 1280 2994 duas
1313 2934 1556 3013 partes,
1609 2949 1883 3012 quarum
1916 2949 2073 3015 pars
2127 2949 2256 2996 una
2287 2929 2630 2996 descendit
2678 2929 2863 2996 iuxta
2911 2930 3002 2994 in·

748 3042 963 3108 sulam
1014 3039 1363 3124 quandam,
1415 3036 1703 3105 secunda
1751 3058 1906 3106 vero
1940 3058 2096 3125 pars
2145 3040 2323 3106 illius
2356 3038 2643 3125 Danubij
2694 3040 2837 3106 fluit
2885 3059 3005 3126 per

748 3159 986 3218 terram
1022 3149 1207 3216 Sauli
1239 3154 1305 3214 et
1330 3147 1602 3215 fratrum
1623 3168 1904 3227 suorum,
1940 3150 2047 3231 qui
2085 3148 2334 3214 scilicet
2353 3147 2696 3214 Danubius
2729 3154 3002 3215 vocatur

754 3260 1106 3343 Chilztow3
1143 3264 1309 3324 mete
1340 3277 1497 3324 uero
1529 3255 1847 3342 incipiunt
1877 3255 2063 3322 iuxta
2089 3255 2449 3342 predictum
2471 3256 2841 3322 Danubium
2876 3255 3003 3323 Κο-

746 3367 1115 3449 rousduna;
1151 3364 1270 3431 sed
1300 3384 1382 3429 cx
1412 3369 1602 3449 parte
1624 3365 2052 3429 castrensium
2084 3369 2183 3430 est
2213 3384 2343 3430 vna
2364 3363 2634 3449 antiqua
2675 3372 2884 3449 meta3
2920 3385 3002 3431 ex

746 3480 936 3563 parte
966 3494 1122 3540 uero
1156 3472 1220 3536 S.
1258 3480 1407 3538 sunt
1457 3471 1584 3537 due
1618 3478 1786 3536 mete
1820 3491 2009 3554 noue,
2046 3491 2317 3556 quarum
2346 3492 2476 3538 vna
2508 3481 2610 3539 est
2653 3473 2856 3559 Sauli,
2910 3472 3002 3539 al-

746 3590 890 3650 tera
921 3601 1077 3649 vcro
1130 3579 1555 3648 castrensium
1605 3579 1690 3644 de
1721 3578 1885 3644 uilla
1915 3581 2177 3666 Mager;
2231 3582 2422 3647 etita
2467 3582 2597 3647 alie
2647 3589 2816 3648 mete
2863 3588 3002 3648 tam

747 3691 1198 3776 castrensium,
1234 3708 1428 3773 quam
1462 3687 1665 3771 Sauli,
1717 3686 2084 3782 diriguntur
2113 3708 2344 3755 versus
2384 3688 2729 3755 ecclesiam
2762 3688 3003 3756 Sancte

745 3801 968 3884 Marie,
1022 3801 1248 3882 itaque
1280 3818 1361 3863 ex
1394 3795 1682 3863 inferiori
1732 3803 1924 3882 parte
1955 3796 2125 3862 infra
2156 3798 2499 3863 ecclesiam
2550 3807 2612 3863 et
2644 3806 2849 3863 metas
2902 3805 3005 3865 est

744 3917 921 3976 terra
953 3909 1039 3975 ad
1088 3905 1562 3992 longitudinem
1594 3906 1784 3971 vuius
1817 3905 2081 3989 ingeris,
2125 3913 2189 3970 et
2220 3904 2461 3972 ibidem
2513 3913 2661 3973 sunt
2699 3912 2868 3971 mete
2900 3924 3004 3972 ca-

745 4018 1093 4085 strensium
1125 4015 1206 4082 de
1239 4014 1398 4082 villa
1428 4012 1698 4097 Samud,
1751 4021 1815 4078 et
1847 4019 2018 4079 mete
2049 4011 2323 4100 predicti
2357 4014 2421 4079 S.
2466 4013 2834 4099 diriguntur
2862 4034 2994 4080 ver-

743 4147 855 4194 sus
888 4124 1235 4193 ecclesiam
1268 4124 1489 4190 Sancti
1521 4121 1789 4205 Georgij
1820 4122 2207 4207 Doborgoz;
2264 4120 2361 4186 ita
2391 4130 2631 4207 tamen,
2686 4121 2863 4206 quod
2892 4145 3002 4209 po·

743 4235 883 4323 puli
915 4232 1427 4320 Archyepiscopi
1479 4230 1944 4315 Strigoniensis
1997 4238 2061 4297 et
2093 4231 2249 4296 ville
2283 4231 2656 4299 Thimothei
2707 4232 3003 4298 existunt

744 4346 913 4410 infra
961 4350 1202 4409 terram
1233 4343 1321 4424 S.,
1357 4349 1422 4408 et
1471 4339 1902 4406 castrensium
1954 4339 2036 4406 de
2067 4338 2355 4424 Samud;
2410 4346 2582 4406 mete
2630 4360 2782 4408 vero
2817 4341 2884 4407 S.
2936 4350 3004 4406 et

744 4452 1172 4520 castrensium
1204 4449 1287 4518 de
1316 4449 1667 4532 Dobrogoz
1717 4468 1799 4514 cx
1830 4455 2022 4534 parte
2055 4447 2378 4533 superiori
2431 4455 2579 4515 sunt
2611 4468 2839 4516 versus
2899 4467 3003 4514 ec-

743 4561 1010 4628 clesiam
1041 4560 1262 4627 Sancti
1296 4556 1560 4644 Georgij
1614 4563 1749 4624 tam
1781 4577 2005 4644 prope,
2041 4556 2216 4640 quod
2245 4556 2418 4622 infra
2459 4563 2666 4622 metas
2700 4562 2764 4622 et
2796 4557 3000 4623 eccle·

738 4670 905 4736 siam
939 4675 1039 4736 est
1068 4675 1241 4737 terra
1271 4667 1338 4732 in
1372 4665 1781 4753 longitudine
1813 4663 2009 4731 trium
2040 4666 2374 4748 iugerum3
2426 4672 2492 4730 et
2524 4665 2676 4730 inde
2708 4664 3001 4749 dirigun-
