3359 5250
1414 1098 1476 1165 l.

298 1271 424 1337 IV.
455 1272 619 1339 Βέῑα
668 1275 885 1362 kirdly
917 1278 1172 1362 Beuqen
1222 1279 1285 1341 ὅσ
1313 1277 1559 1344 saecun
1603 1279 1983 1367 helyseqeket
2004 1335 2024 1367 ,
2072 1285 2368 1374 melyokot
2396 1288 2563 1355 Imre

294 1378 518 1466 kin-«ily
564 1403 605 1445 α
656 1380 901 1469 le'benyi
944 1383 1349 1450 monostorto'l
1398 1384 1614 1469 olveti,
1679 1388 1899 1453 annale
1947 1392 2128 1458 ima
2174 1394 2560 1483 visszaadja.

1204 1493 1675 1558 1235—1241.

510 1686 649 1754 Nos
683 1686 756 1754 B.
789 1686 914 1754 Dei
946 1687 1174 1771 gracia
1206 1688 1347 1755 Rex
1376 1686 1719 1773 Hungarie
1757 1694 1981 1759 tenore
2013 1695 2420 1778 presencium
2450 1696 2557 1766 de-

290 1792 625 1861 claramus
671 1794 996 1862 uniuersis
1013 1848 1031 1881 ,
1086 1793 1263 1880 quod
1311 1796 1700 1863 constitutus
1751 1817 1973 1866 coram
2019 1800 2210 1868 nobis
2241 1803 2555 1890 Magister

291 1899 624 1971 Corradus
654 1901 829 1969 filius
859 1901 953 1972 St.
986 1903 1187 1990 peciit
1218 1924 1261 1970 a
1291 1903 1505 1989 nobis,
1548 1904 1725 1989 quod
1755 1905 1921 1973 duas
1952 1906 2150 1975 villas
2168 1910 2550 2000 Monasterij

289 2009 520 2077 Sancti
549 2010 783 2077 Jacobi
814 2011 897 2078 de
916 2012 1166 2099 Lyben,
1200 2013 1475 2097 Reugen
1507 2020 1573 2079 et
1591 2014 1843 2081 Sassun
1877 2021 2171 2101 uocatas,
2203 2038 2322 2104 per
2353 2020 2544 2090 domi·

288 2136 446 2183 num
476 2119 722 2203 Regem
752 2119 1119 2186 Emericum
1148 2118 1362 2186 felicis
1394 2119 1704 2188 memorie
1734 2120 2113 2191 Alexandro
2151 2123 2339 2192 fratri
2371 2128 2548 2197 Poch

290 2223 585 2291 Palatini
614 2231 680 2292 et
697 2224 969 2294 Comitis
989 2226 1427 2294 Musuniensis
1460 2248 1579 2314 pro
1612 2247 1872 2295 suorum
1906 2230 2328 2300 seruiciorum
2359 2256 2548 2323 opor-

286 2331 466 2399 tunis
496 2333 896 2418 temporibus
930 2331 1215 2400 fideliter
1246 2340 1312 2401 et
1343 2334 1768 2404 laudabiliter
1796 2338 2232 2424 impensorum
2254 2339 2545 2428 (exigen-

286 2438 425 2525 cia)
474 2440 772 2526 collatas,
824 2462 861 2508 e
908 2441 1146 2526 quibus
1197 2441 1453 2510 duabus
1502 2442 1679 2509 villis
1730 2444 1984 2514 scilicet
2013 2446 2240 2514 villam
2272 2450 2543 2536 Reugen

289 2555 618 2632 uocatam,
668 2568 801 2635 qua
845 2549 1145 2636 superius
1176 2549 1406 2618 villam
1442 2550 1651 2636 Baan,
1702 2571 1828 2637 que
1861 2560 1961 2620 est
2001 2555 2293 2625 eiusdem
2322 2558 2543 2628 Mona·

288 2656 497 2743 sterij,
546 2655 855 2725 adiacere
902 2657 1279 2744 dinoscitur,
1332 2660 1419 2725 ab
1451 2660 1683 2729 eodem
1713 2661 2113 2731 Monasterio
2163 2664 2538 2751 uocitatam,

286 2767 709 2849 eiusdemque
726 2765 1107 2850 Monasterij
1132 2766 1199 2830 vi
1205 2766 1322 2850 cijs
1356 2786 1487 2832 non
1509 2767 1945 2854 exigentibus,
1983 2789 2104 2837 nec
2121 2770 2538 2855 merentibus,

284 2874 637 2944 auferendo
658 2925 677 2960 ,
742 2874 974 2942 Castro
1021 2874 1428 2941 musuniensi
1476 2875 1801 2960 locatam3
1865 2884 1931 2943 et
1983 2878 2260 2946 alteram
2307 2880 2538 2948 villam

279 2986 530 3052 Sassun
560 2987 884 3066 uocatam,
933 3001 1064 3065 qna
1094 2981 1356 3048 adiacet
1384 3001 1574 3049 secus
1605 2982 1875 3050 fluuium
1907 2985 2095 3069 Saar,
2144 2986 2380 3055 Oomiti
2411 2989 2537 3056 Va·

281 3091 529 3159 lentino
560 3091 694 3159 filio
715 3090 997 3176 Coquen,
1029 3108 1150 3176 pro
1183 3088 1463 3156 diuersis
1482 3089 1696 3172 Regni
1727 3095 1940 3156 status
1980 3091 2331 3160 mobilibus
2363 3095 2535 3160 simi-

281 3198 433 3267 liter
460 3200 701 3267 auferri
730 3198 1116 3282 feceramus,
1140 3194 1611 3281 =redderemus3
1646 3215 1843 3281 super
1875 3196 2110 3280 quibus
2141 3199 2391 3267 scilicet
2419 3201 2534 3269 vil-

279 3307 367 3375 lis
396 3307 813 3395 priuilegium
858 3305 1104 3372 domini
1135 3305 1342 3373 nostri
1392 3304 1600 3389 patris
1630 3303 1989 3389 karissimi,
2026 3307 2230 3391 Regis
2267 3306 2533 3378 Andree

278 3416 503 3482 inclite
532 3413 1033 3497 recordacionis,
1090 3413 1283 3480 nobis
1315 3412 1650 3497 exbybuit.
1703 3412 1828 3479 Vbi
1866 3412 2146 3481 vidimus
2194 3417 2530 3500 contineri,

275 3523 766 3611 prenominatas
783 3523 978 3589 villas
998 3523 1266 3606 Rengen
1288 3528 1356 3589 et
1371 3523 1616 3589 Sassun
1642 3527 1914 3589 vocatas
1933 3520 2311 3591 Alexandro
2343 3523 2532 3591 fratri

275 3632 447 3699 Poth
475 3630 763 3699 Palatini
810 3650 926 3717 per
975 3628 1309 3697 dominum
1355 3629 1726 3696 Emericum
1755 3631 2003 3714 Regem
2052 3648 2200 3695 esse
2247 3630 2526 3698 collatas

275 3750 347 3808 et
382 3740 681 3824 donstaS,
735 3741 993 3808 omnino
1044 3744 1360 3804 metarum
1410 3744 1766 3804 ten-earum
1817 3734 2043 3803 ordine
2091 3743 2155 3802 et
2192 3735 2527 3805 distinc'u.

274 3850 414 3916 Nos
445 3848 663 3932 igitur,
697 3847 810 3932 qui
839 3847 1006 3915 nulli
1037 3846 1268 3914 deesse
1296 3845 1619 3929 uolumus,
1660 3844 1781 3910 sed
1810 3844 1878 3910 in
1909 3864 2032 3911 sua
2061 3843 2324 3911 iusticia
2337 3864 2528 3912 cunc-

269 3957 361 4024 tis
411 3955 863 4022 desideramus
910 3954 1149 4039 inesse,
1201 3960 1275 4021 ut
1304 3953 1616 4020 debemus
1665 3957 1733 4019 et
1780 3959 2112 4036 tenemur3
2161 3951 2526 4037 predictam

268 4064 499 4131 villam
531 4065 802 4148 Reugen
830 4082 976 4129 cum
1006 4061 1146 4129 suis
1181 4060 1605 4147 pertinencijs
1637 4079 1680 4126 a
1711 4058 1944 4127 Castro
1974 4059 2410 4145 Musuniensi;
2446 4079 2525 4126 ac

265 4172 501 4239 villam
532 4171 780 4237 Sassnn
811 4187 956 4235 cum
987 4165 1288 4234 omnibus
1317 4165 1707 4234 Vtilitatibus
1738 4167 1897 4251 eius,
1947 4166 2301 4235 auferendo
2333 4186 2376 4232 a
2407 4166 2524 4235 Co-

266 4282 427 4348 mite
472 4278 820 4345 Valentino
870 4277 1006 4344 filio
1056 4277 1337 4360 coquum,
1386 4296 1504 4362 pro
1553 4275 1819 4343 iusticia
1871 4275 2098 4360 pocius
2151 4294 2230 4341 ac
2274 4274 2523 4342 meritis

261 4386 463 4456 Beati
490 4385 723 4455 Jacobi
742 4384 1063 4471 Apostoli,
1095 4404 1176 4451 ac
1206 4383 1675 4470 circumspecta
1699 4382 2061 4450 fideliorum
2098 4382 2522 4451 seruiciorum

261 4492 569 4579 Magistri
597 4491 879 4560 corradi
908 4491 1027 4577 filij
1044 4492 1141 4559 St.
1174 4490 1577 4577 temporibus
1608 4489 1948 4577 oportunis
1977 4489 2168 4559 nobis
2198 4488 2520 4558 exhibito·

256 4622 430 4688 rum,
463 4603 649 4669 iuxta
668 4600 1146 4670 continenciam
1176 4599 1669 4686 priuilegiorum
1692 4597 1940 4667 domini
1970 4597 2180 4666 nostri
2217 4604 2284 4664 et
2309 4595 2519 4683 patris

354 4737 560 4773 nom.
591 4735 757 4773 nuno.
792 4736 929 4773 mer.
968 4747 1044 4757 —
1082 4735 1225 4772 nm.
1260 4727 1329 4767 12.
2157 4714 2189 4768 1
