3359 5250
1860 347 1994 446 ,4¹6

1780 438 1851 445 Ἄ.
1898 439 2053 447 ..ἐ-ι.»-
2072 438 2083 446 =

803 543 1155 611 munimine
1175 541 1532 613 roboratus.
1568 544 1810 611 Datum
1842 564 2011 612 anno
2032 544 2368 615 Dominice
2387 545 2873 614 Incarnacionis
2904 547 3039 612 mil-

802 652 1029 719 lesimo
1064 650 1502 720 ducentesimo
1533 651 2069 738 quinquagesimo
2107 654 2352 739 quinto.

803 834 902 900 (Aa
932 834 1138 885 eredeti
1176 831 1308 885 uta'sn
1335 833 1523 886 Knauz
1548 830 1768 887 Nandor
1791 836 2020 902 Magyar
2057 836 2187 889 Sio'n
2213 834 2283 885 11.
2312 834 2423 885 kat.
2450 835 2574 886 682.
2602 834 2637 887 1.
2675 836 2852 887 Revid
2890 836 3039 888 kiro-

1090 922 1244 976 natfit
1268 921 1387 975 laisa
1412 922 1668 990 Fejernel
1698 926 1829 980 Cod.
1857 926 2093 993 Diplom.
2120 926 2210 977 1v.
2239 927 2351 977 ket.
2391 926 2441 976 2.
2471 942 2514 977 r.
2543 927 2663 979 362.
2693 925 2752 992 l.)

1842 1665 1997 1733 297.

791 1848 1077 1913 Boleezlo
1107 1846 1327 1911 krakdi
1353 1849 1412 1909 e's
1430 1845 1813 1911 azandomiri
1841 1847 2076 1933 lenyyel
2102 1849 2372 1936 herc-229,
2402 1873 2432 1915 s
2462 1849 2591 1934 neje
2610 1849 3031 1941 Καηεφιῃᾶα,

797 1956 839 2020 Ι
851 1956 915 2020 V.
947 1957 1105 2021 Be'la
1135 1977 1401 2042 mayyar
1429 1953 1762 2040 kirdlynak
1791 1954 2036 2042 leduya,
2083 1980 2123 2020 α
2152 1956 2377 2023 ΙοναΙεόί
2404 1958 2762 2044 eyyhdznak
2792 1958 3033 2024 birtoka

1486 2063 1659 2127 irdnt
1688 2063 2092 2129 inte'zkednek.
2132 2064 2325 2131 1255.

1004 2263 1083 2329 ln
1133 2260 1390 2328 nomine
1420 2259 1686 2327 Domini
1717 2259 1944 2326 Amen.
1998 2258 2335 2347 Quoniam,
2389 2268 2461 2329 ut
2506 2261 2604 2331 ait
2651 2261 3027 2346 auctoritas,

792 2389 1015 2438 omnes
1065 2368 1436 2452 moriuntur,
1495 2376 1562 2435 et
1610 2368 1798 2452 quasi
1846 2387 2015 2451 aque
2064 2366 2478 2456 dilabuntur,
2530 2390 2612 2438 ne
2660 2370 3024 2437 mortalium

788 2485 979 2564 gesta
1029 2477 1267 2545 celebri
1302 2482 1367 2543 et
1395 2483 1714 2564 perpetua
1764 2476 2075 2544 memoria
2104 2497 2364 2566 semper
2412 2478 2615 2564 digna
2664 2484 3028 2566 temporum

786 2587 1063 2657 decursu
1095 2593 1336 2672 queant
1386 2587 1453 2653 in
1487 2584 1753 2653 dubium
1785 2584 2043 2674 adduci,
2095 2593 2161 2654 et
2190 2586 2539 2656 eorundem
2592 2587 3028 2657 mutabilitate

787 2695 1236 2782 ambiguitatis
1268 2696 1614 2763 discrimen
1647 2695 2068 2782 imposterum
2113 2696 2524 2781 aliquatenus
2556 2697 2813 2783 possint
2841 2698 3024 2782 pati;

788 2826 985 2891 opere
1033 2803 1321 2892 precium
1364 2810 1470 2872 est
1505 2824 1604 2890 ea,
1657 2823 1783 2889 que
1831 2804 2198 2872 huiusmodi
2247 2810 2414 2891 sunt,
2460 2805 2907 2872 instrumentis
2962 2814 3030 2872 et

783 2912 1201 3002 expressione
1230 2910 1492 2979 testium
1522 2910 1933 2999 perhennari.
1978 2910 2146 2978 Hinc
2177 2918 2294 2999 est,
2336 2909 2509 2997 quod
2541 2932 2662 2979 nos
2679 2910 3027 2980 Bolezlaus

782 3023 907 3090 Dei
959 3021 1184 3108 gracia
1214 3018 1671 3089 Cracouiensis
1714 3025 1780 3087 et
1809 3019 2358 3089 Sandomiriensis
2388 3021 2563 3108 Dm,
2611 3039 2730 3108 per
2765 3022 3022 3108 opposi-

782 3139 916 3197 tum
948 3151 1069 3200 nos
1105 3150 1328 3215 gerere
1377 3127 1671 3197 uolentes
1703 3128 2007 3196 Bolezlao
2056 3127 2380 3213 qnondam
2413 3128 2800 3198 Polonorum
2830 3130 3025 3216 Regi,

785 3261 896 3308 reo
933 3240 1155 3308 mortis
1188 3246 1255 3306 et
1282 3237 1621 3324 sanguinis
1670 3237 1948 3326 preclari
1982 3238 2222 3309 Christi
2252 3240 2557 3326 martyris
2594 3245 2659 3306 et
2687 3237 3025 3308 Pontificis

781 3348 1143 3435 Stanizlaj3
1185 3357 1251 3415 et
1279 3350 1501 3416 anima
1549 3347 1879 3433 ducentes,
1931 3348 2251 3431 quomodo
2289 3349 2357 3414 in
2388 3348 2526 3416 suis
2575 3349 2909 3417 miraculis
2956 3356 3026 3414 et

781 3457 972 3525 dictis
1022 3457 1266 3525 sanctis
1298 3456 1481 3524 miris
1529 3457 1841 3524 virtutum
1871 3455 2192 3543 prodigijs
2240 3455 2550 3541 dignatus
2598 3463 2701 3524 cst
2741 3455 3021 3524 eundem

781 3565 1128 3633 mirificare
1172 3565 1322 3652 plus
1371 3583 1565 3649 quam
1617 3564 2094 3631 admirabiliter
2142 3569 2434 3631 sanctum
2485 3583 2709 3650 suum;
2760 3570 2827 3629 et
2873 3563 3021 3631 ideo

778 3674 1111 3759 cupientes
1150 3673 1362 3757 ipsum
1395 3672 1711 3740 honorare
1741 3673 1807 3739 in
1840 3672 2052 3756 terris,
2104 3691 2294 3757 quem
2325 3672 2505 3739 Deus
2534 3670 2928 3752 glorificauit
2952 3670 3019 3738 in

776 3782 957 3868 celis,
996 3801 1116 3869 pro
1148 3778 1434 3850 remedio
1483 3779 1694 3850 felicis
1742 3781 1958 3848 anime
1986 3778 2195 3867 patris
2243 3780 2449 3847 nostri
2488 3778 2663 3847 clare
2711 3780 3021 3848 memorie

777 3889 1097 3959 Cracouie
1148 3900 1213 3958 et
1244 3887 1653 3958 Sandomirie
1683 3889 1890 3958 Ducis
1919 3888 2280 3970 Leztconis,
2331 3895 2397 3955 et
2425 3886 2868 3956 incolumitate
2904 3904 3013 3972 ge·

776 4015 1007 4066 nerose
1045 4003 1261 4065 nostre
1289 3996 1629 4083 genitricis
1659 3997 1934 4065 Ducisse
1965 3994 2377 4081 Gerunizlaue‚
2409 4003 2474 4062 et
2503 3999 2745 4081 nostra,
2792 4003 2859 4062 et
2907 3996 3017 4061 in·

773 4125 1074 4191 genue
1150 4107 1611 4175 consortis
1685 4113 1993 4173 nostre
2070 4102 2596 4190 Cungundis
2671 4121 3015 4188 precor-

773 4213 1062 4284 dialis
1108 4215 1327 4283 filie
1373 4215 1644 4301 Regis
1702 4215 2023 4284 Incliti
2068 4214 2717 4298 Hungarorum‚
2781 4210 3015 4278 intuitu

775 4324 1232 4392 beneficiorum
1263 4329 1329 4391 ct
1357 4322 1797 4408 seruiciorum,
1848 4339 1975 4407 que
2006 4320 2191 4391 nobis
2221 4318 2614 4388 venerabilis
2657 4320 2725 4385 in
2757 4318 3015 4388 Christo

775 4440 961 4518 pater
1022 4432 1324 4501 dominus
1373 4431 1704 4501 Prandota
1752 4431 2113 4517 Episcopus
2176 4436 2242 4495 et
2291 4425 2659 4515 Capitulum
2720 4427 3015 4496 Eccleeie

771 4541 1227 4609 Cracouiensis
1259 4539 1731 4628 impenderunt,
1765 4548 1831 4605 et
1860 4546 2010 4607 sunt
2039 4538 2106 4604 in
2139 4537 2421 4604 futurum
2451 4543 2716 4603 auctore
2734 4534 3014 4604 Domino

772 4650 1123 4736 prestituri,
1176 4668 1401 4717 omnes
1452 4648 1648 4717 uillas
1697 4646 1978 4736 Capituli
2040 4644 2496 4716 Cracouiensis
2545 4643 2858 4733 Ecclesie,
2904 4645 3013 4713 cui
