3359 5250
1466 406 1545 467 19

1452 974 1560 1040 11.

363 1158 428 1222 A
469 1158 734 1244 qurdbi
783 1157 1230 1244 kdptalannak
1281 1154 1808 1242 bizonysdylevele
1826 1208 1845 1242 ‚
1894 1155 2053 1240 hoqy
2100 1153 2302 1220 Belko
2354 1154 2648 1241 bizonyos

819 1265 1108 1345 soldeket
1152 1264 1375 1349 Woysa
1395 1264 1657 1347 fiainak
1690 1263 1946 1327 eladott.
1980 1264 2175 1327 1236.

590 1462 904 1530 Omnibus
938 1463 1180 1529 Christi
1230 1463 1533 1530 fidelibus
1567 1481 1840 1548 presens
1881 1463 2189 1547 scriptum
2243 1463 2644 1545 inspecturis

364 1566 845 1653 Zagrabiensis
877 1571 1172 1637 Ecclesie
1193 1569 1567 1655 Capitulum
1597 1570 1879 1636 salutem
1909 1570 1978 1635 in
2010 1591 2168 1637 uero
2201 1571 2496 1637 salutari.
2529 1570 2636 1638 Ad

366 1678 828 1744 uniuersorum
859 1678 1171 1746 noticiam
1222 1686 1445 1744 tenore
1476 1677 1886 1763 presencium
1917 1679 2218 1743 volumus
2263 1680 2629 1765 peruenire,

366 1784 552 1868 quod
598 1785 808 1853 Belko
859 1806 941 1851 ex
987 1806 1121 1851 vna
1170 1792 1380 1872 parte,
1436 1793 1501 1852 et
1550 1807 1632 1851 ex
1684 1785 1819 1852 alia
1849 1786 2095 1852 Dama]
2179 1793 2241 1851 et
2273 1790 2459 1855 Iwan
2517 1790 2614 1856 fili

368 1894 629 1976 Wogsa
678 1894 766 1959 ad
812 1900 1104 1961 nostram
1159 1894 1545 1961 accedentes
1594 1895 2008 1981 presenciam
2059 1897 2251 1965 nobis
2297 1897 2633 1965 intimane-

366 2010 545 2087 runt,
600 2003 774 2088 quod
806 2002 1074 2088 Endrey
1125 2013 1188 2070 et
1218 2007 1466 2091 Sepina
1517 2005 1600 2071 de
1631 2025 1872 2088 genere
1921 2006 2212 2092 ipsorum
2263 2008 2435 2074 dicto
2474 2006 2638 2073 Selk

366 2120 615 2177 terram
646 2130 833 2177 suam
859 2111 1121 2180 nominc
1150 2112 1332 2179 Ebus
1365 2133 1486 2199 pro
1519 2113 1818 2180 ducentis
1850 2115 2073 2199 pensis
2120 2115 2378 2199 argenti
2412 2114 2634 2182 uendi-

370 2216 648 2284 dissent.
698 2220 860 2284 Item
893 2220 1090 2286 aliam
1143 2227 1381 2286 terram
1415 2221 1755 2305 Zbogcina
1804 2222 1979 2288 idem
2017 2225 2201 2290 Iwan
2250 2233 2315 2290 et
2346 2225 2635 2291 Damald

368 2326 637 2412 prefato
666 2328 828 2395 Selk
859 2348 975 2413 pro
1006 2329 1314 2395 trecentis
1345 2331 1569 2415 pensis
1601 2329 1904 2396 dixerunt
1933 2350 2006 2397 se
2036 2331 2430 2399 uendidisse.
2469 2336 2636 2399 Item

371 2434 580 2499 aliam
628 2441 871 2501 terram
904 2436 1239 2521 Zbogcina
1271 2436 1503 2504 Orisco
1545 2444 1609 2504 et
1638 2440 1878 2505 Sarcas
1930 2439 2048 2525 filij
2082 2440 2321 2507 Sarcas
2368 2462 2488 2528 pro
2521 2442 2633 2509 du-

377 2544 595 2609 centis
625 2543 852 2631 pensis
884 2564 957 2611 se
988 2546 1364 2613 uendidisse
1396 2545 1569 2614 dicto
1588 2546 1749 2614 Selk
1781 2555 1930 2614 sunt
1958 2548 2318 2634 protestati.
2361 2548 2466 2614 Ad
2503 2568 2642 2614 ma-

370 2652 582 2719 iorem
614 2673 769 2721 uero
821 2654 1273 2721 certitudinem
1305 2655 1547 2743 prefati
1581 2657 1724 2740 uiri,
1781 2657 1892 2742 qui
1925 2657 2203 2743 scriptas
2241 2664 2453 2725 terras
2483 2676 2636 2723 uen-

373 2762 717 2846 diderunt,
769 2761 1188 2831 fideiussores
1241 2770 1606 2832 statuerunt
1656 2764 1957 2833 Orachun
2009 2772 2075 2832 et
2125 2767 2416 2852 Floryan
2463 2764 2642 2834 filios

374 2869 697 2956 Grachun,
753 2872 1012 2940 cristan
1054 2873 1259 2939 filium
1311 2857 1632 2959 Zeuchey,
1686 2876 2007 2959 Woychin
2057 2874 2262 2941 filium
2312 2877 2504 2941 Peter
2554 2875 2636 2942 de

302 2975 309 2982 ’
372 2981 687 3067 Zagoria,
727 2982 1101 3068 Stephanus
1149 2982 1352 3048 filium
1383 2984 1629 3066 Radus,
1662 2983 1957 3067 Wychen
2004 2984 2211 3050 filium
2258 2981 2630 3067 Wolchech,

371 3088 637 3173 Martyn
682 3088 889 3155 filium
937 3089 1256 3175 Nezdesa,
1312 3090 1579 3157 Iwahen
1618 3091 1839 3156 filium
1869 3089 2165 3173 Moncha,
2213 3091 2397 3155 Iwan
2429 3088 2640 3154 filium

373 3195 603 3275 Binch,
639 3197 926 3262 Damaso
970 3197 1173 3264 filium
1205 3196 1514 3282 Thomas,
1546 3198 1873 3267 Wolchka
1909 3197 2113 3265 filium
2152 3200 2326 3281 Isan,
2362 3195 2642 3263 w10hiz-

377 3303 494 3369 lau
541 3302 749 3368 filium
797 3301 1136 3369 Ginbrina.
1188 3304 1359 3372 Mete
1407 3323 1564 3372 uero
1616 3304 1937 3371 dictarum
1985 3310 2303 3370 terrarum
2350 3303 2449 3369 ita
2485 3311 2648 3370 sunt

375 3411 540 3476 site:
572 3411 798 3477 Prima
826 3418 1002 3477 meta
1049 3410 1281 3499 incipit
1313 3412 1400 3478 ab
1439 3412 1689 3480 oriente
1721 3411 1804 3478 de
1837 3415 2073 3496 monte,
2124 3431 2243 3498 per
2286 3431 2475 3496 quem
2526 3410 2642 3476 uia

374 3518 635 3604 transit,
688 3522 754 3584 et
783 3517 968 3584 iuxta
1016 3519 1194 3585 uiam
1224 3529 1403 3586 meta
1449 3528 1551 3586 est
1599 3527 1834 3602 terrea,
1890 3535 2083 3602 qnam
2132 3525 2370 3585 metam
2418 3524 2642 3585 tenent

375 3646 525 3692 cum
557 3626 820 3712 populis
852 3625 1072 3710 castri,
1108 3628 1218 3710 qui
1249 3635 1523 3693 uocatur
1552 3627 1876 3713 Bolotyn3
1928 3632 1994 3692 et
2022 3627 2176 3693 inde
2206 3624 2542 3692 descendit
2569 3625 2641 3691 in

378 3734 643 3817 uallem,
697 3741 761 3800 et
790 3734 1092 3802 ascendit·
1114 3735 1203 3801 ad
1234 3741 1537 3819 montem,
1589 3735 1704 3801 ubi
1734 3742 1884 3801 sunt
1915 3736 2043 3800 due
2091 3740 2261 3799 mete
2292 3738 2546 3818 terree3
2582 3738 2654 3798 et

377 3843 538 3909 inde
568 3841 748 3910 cadit
799 3843 887 3909 ad
928 3863 1201 3929 paruam
1254 3843 1519 3930 uallem,
1576 3852 1640 3909 et
1669 3826 1880 3909 tendit
1910 3841 1998 3909 ad
2034 3841 2202 3907 duas
2234 3846 2462 3923 metas,
2517 3860 2650 3923 que

380 3962 534 4019 sunt
580 3952 768 4018 iuxta
797 3951 1011 4037 uiam3
1066 3958 1133 4017 et
1161 3972 1280 4038 per
1310 3951 1586 4018 eandem
1636 3952 1813 4017 uiam
1859 3949 2069 4018 tendit
2118 3948 2206 4015 ad
2237 3946 2640 4014 occidentem

379 4061 471 4126 ad
504 4066 765 4142 metam,
817 4079 943 4143 que
972 4066 1072 4125 est
1103 4059 1224 4124 sub
1277 4059 1511 4125 arbore
1541 4059 1849 4145 populea,
1885 4063 1953 4124 et
1981 4062 2161 4123 tenet
2213 4058 2455 4121 metam
2498 4073 2646 4119 cum

377 4168 643 4256 populis
664 4167 887 4250 castri,
919 4168 1031 4250 qui
1062 4175 1333 4234 uocatur
1352 4167 1730 4252 Macolsyn3
1765 4172 1831 4232 et
1858 4165 2016 4232 inde
2045 4163 2232 4230 uadit
2253 4163 2341 4228 ad
2363 4181 2642 4248 paruam

377 4276 641 4363 uallem,
694 4283 759 4342 et
789 4275 1086 4343 ascendit
1117 4275 1419 4362 superius
1450 4276 1535 4342 ad
1568 4274 1736 4342 duas
1768 4283 1999 4361 metas,
2048 4292 2174 4357 que
2204 4279 2357 4337 sunt
2386 4270 2511 4338 sub
2544 4289 2642 4335 ar·

381 4384 541 4450 bore
572 4383 747 4470 tulfa
761 4412 784 4469 ,·
816 4391 883 4449 et
910 4384 1061 4450 inde
1079 4382 1290 4450 tendit
1319 4383 1407 4450 ad
1438 4404 1748 4467 magnam
1778 4382 2042 4465 uallem,
2076 4380 2145 4446 in
2164 4398 2297 4463 qua
2328 4384 2430 4445 est
2461 4376 2645 4444 riuus

377 4491 639 4558 nomine
658 4490 921 4574 Sabige,
953 4498 1021 4557 et
1049 4510 1166 4578 per
1184 4491 1459 4559 eandem
1484 4509 1724 4574 aquam
1756 4486 1969 4556 tendit
2001 4489 2086 4554 ad
2110 4506 2420 4570 magnam
2437 4484 2641 4571 uiam,

380 4606 446 4664 et
476 4595 571 4664 ibi
601 4605 753 4665 sunt
804 4596 930 4665 due
963 4606 1152 4683 mete,
1204 4597 1271 4664 in
1306 4598 1539 4685 quibus
1572 4603 1675 4664 est
1718 4598 1917 4664 arbor
1951 4598 2227 4677 keurm;
2272 4590 2452 4659 etde
2501 4591 2641 4657 illis

380 4703 637 4773 duabus
668 4704 858 4771 metis
878 4723 998 4789 per
1034 4703 1310 4771 eandem
1335 4703 1542 4771 tendit
1571 4702 1658 4770 ad
1675 4702 2208 4790 septemtrionem
2237 4699 2306 4765 in
2333 4716 2643 4783 magnam

2236 4816 2321 4871 2·
