3359 5250
1445 282 1575 348 247
1632 373 1676 382 -

382 476 782 564 Danubium,
836 478 1011 562 quod
1058 478 1444 547 Scharduna
1491 479 1828 565 wlgariter
1879 480 2288 565 nominatur;
2341 477 2523 545 cuius
2555 473 2648 539 in-

384 584 527 651 sule
563 583 937 652 inferiorem
970 583 1386 653 medietatem
1405 586 1539 654 iam
1570 585 1814 654 dictum
1846 586 2231 674 possidebat
2250 584 2644 672 Capitulum,

387 691 600 759 eidem
638 690 940 780 Capitulo
994 693 1287 762 uendidit
1330 695 1616 780 quinque
1665 695 1905 764 marcis
1957 696 2040 763 de
2089 703 2383 781 argento,
2422 699 2648 761 nostra

383 800 451 865 in
498 802 845 886 presencia
874 803 1245 887 persolutis.
1279 803 1382 870 Ita
1411 801 1737 890 uidelicet,
1772 803 1944 888 quod
1969 803 2195 891 populi
2223 804 2290 870 in
2308 810 2489 871 terra
2517 822 2645 870 me·

381 915 637 976 morata
668 909 833 977 citra
860 910 1234 977 Danubium
1266 919 1758 998 commorantes,
1810 911 2027 998 eundi,
2080 932 2332 979 necnon
2365 909 2642 979 ducendi

382 1036 504 1083 sua
541 1017 859 1085 animalia
890 1038 1007 1105 per
1052 1025 1292 1086 terram
1342 1019 1553 1106 ipsius
1584 1017 1703 1086 Cel
1733 1039 1942 1105 usque
1993 1020 2080 1088 ad
2113 1039 2354 1105 aquam
2388 1021 2642 1089 Donolc

381 1144 585 1193 causa
615 1124 1012 1213 adaquandi,
1064 1129 1172 1195 uel
1210 1128 1650 1213 cuiuscunque
1680 1127 1965 1215 negocij,
1998 1128 2280 1194 liberum
2310 1127 2643 1194 habebunt

380 1232 741 1301 transitum.
793 1236 1103 1301 Preterea
1151 1242 1453 1319 quartam
1503 1242 1761 1322 partem
1812 1235 2106 1305 eiusdem
2163 1254 2335 1320 aque
2384 1235 2639 1304 Donolc

384 1341 586 1409 debet
632 1343 851 1429 ipsum
884 1342 1257 1429 Capitulum
1309 1342 1632 1428 claudere,
1674 1350 1740 1410 et
1771 1342 1889 1411 Cel
1917 1344 2087 1411 alias
2137 1350 2310 1430 tres3
2364 1350 2431 1412 et
2458 1362 2644 1428 quar-

379 1461 513 1518 tam
545 1460 796 1538 partem
830 1451 1204 1539 Capitulum
1237 1451 1504 1519 habebit
1536 1452 1618 1519 de
1648 1453 1977 1540 pisscibus
2017 1453 2112 1520 ibi
2151 1453 2387 1540 captis,
2438 1451 2642 1519 tribus

385 1560 537 1647 alijs
586 1560 881 1648 partibus
914 1562 1045 1648 ipsi
1079 1560 1196 1628 Cel
1228 1562 1729 1629 remanentibus.
1762 1564 1903 1630 Hoc
1940 1563 2206 1650 insuper
2243 1562 2638 1649 annotando,

377 1669 551 1753 quod
602 1688 843 1753 aquam
871 1670 1185 1757 Danubij,
1237 1671 1405 1738 sicut
1436 1676 1610 1739 terra
1640 1670 1848 1758 ipsius
1881 1669 1995 1740 Cel
2029 1669 2309 1738 eundem
2340 1677 2637 1758 occupat,

381 1799 423 1846 a
452 1787 631 1845 meta
678 1777 996 1865 sepedicti
1028 1777 1312 1866 Capituli
1351 1780 1650 1866 superius
1692 1778 2124 1867 procedendo,
2161 1780 2306 1867 ipse
2345 1778 2462 1847 Cel
2494 1798 2640 1846 cum

380 1894 807 1973 procuratore
826 1887 1110 1975 Capituli
1131 1888 1350 1956 locare
1384 1887 1580 1956 debet
1599 1888 1956 1972 annuatim,
1997 1894 2062 1955 et
2092 1885 2176 1954 de
2208 1887 2639 1955 emolumento

378 2003 514 2062 tres
550 1996 795 2063 habere
827 2002 1071 2081 partes,
1123 2002 1361 2081 quarta
1390 1994 1522 2082 ipsi
1560 1995 1863 2081 Capitulo
1915 2001 2305 2063 remanente.
2356 1994 2496 2063 Nos
2527 2013 2638 2062 au-

381 2110 512 2171 tem
546 2103 633 2170 ad
663 2123 927 2191 precum
967 2104 1298 2190 utriusque
1339 2105 1546 2190 partis
1577 2102 1970 2172 instanciam
2017 2104 2270 2172 litteras
2300 2110 2638 2192 presentes

377 2212 583 2280 nostri
615 2211 819 2298 sigilli
865 2214 1269 2301 appensione
1309 2214 1649 2282 roboratas
1701 2213 2024 2281 conscribi
2070 2213 2363 2299 fecimus,
2412 2211 2481 2278 in
2530 2231 2634 2278 su·

380 2318 673 2407 pradicte
724 2319 1130 2389 uendicionis
1177 2320 1619 2388 testimonium
1651 2326 1720 2388 et
1750 2320 2097 2388 munimen.
2150 2320 2338 2389 Anno
2369 2319 2634 2389 Domini

371 2430 469 2495 M⁰
501 2427 633 2498 00ο
663 2428 808 2498 XL⁰
837 2430 989 2497 VII⁰
1038 2448 1260 2498 mense
1290 2428 1524 2516 Aprili.
1576 2429 1889 2497 Yurkone
1936 2429 2238 2514 Cantore,
2291 2427 2633 2498 Theodoro

376 2536 683 2625 Custode,
717 2537 1079 2608 Arnoldino
1109 2540 1376 2607 Decano
1398 2589 1416 2623 ,
1465 2538 1827 2626 ceterisque
1863 2537 2355 2627 quampluribus
2389 2536 2634 2606 ibidem

377 2646 826 2716 existentibus.
847 2649 1092 2717 Datum
1111 2669 1230 2736 per
1248 2669 1480 2718 manus
1498 2648 1675 2717 Petri
1693 2649 1994 2736 Magistri
2003 2647 2292 2716 Lectoris
2312 2646 2632 2733 Quinque·

373 2756 811 2826 ecclesiensis.

584 2882 687 2949 (As
713 2886 920 2939 eredeti
944 2883 1081 2939 utan
1106 2885 1299 2938 Knauz
1325 2882 1562 2949 Nkndon
1587 2886 1824 2954 Mtgyar
1846 2886 1980 2941 Sion
2003 2886 2073 2939 11.
2101 2887 2217 2939 hut.
2246 2886 2369 2939 528.
2396 2884 2457 2952 1.)

1413 3615 1571 3687 1⁷2.

374 3783 435 3848 A
456 3786 635 3871 pecsi
664 3783 1092 3870 kdptalannak
1147 3783 1686 3870 bazonysa'ylevele,
1738 3782 1899 3869 hoqy
1929 3781 2122 3847 Mour
2153 3780 2370 3846 Istvdn
2398 3791 2638 3845 mester-

371 3892 481 3957 nek
493 3893 599 3976 fia
630 3892 924 3973 ΙιίυείπεῘε,
951 3891 1231 3956 Marozel
1263 3896 1324 3954 e's
1354 3889 1577 3954 Endre
1607 3888 2019 3969 testve'reknek,
2058 3889 2344 3971 bizonyos
2354 3885 2634 3970 foldbir-

928 4000 1087 4066 tolcot
1117 3999 1264 4064 &510
1291 3998 1469 4064 idda-e
1498 3998 1839 4063 inem-ibdlt.
1871 3992 2065 4060 1247.

546 4177 897 4246 Farcasius
919 4176 1656 4262 QuinqueEcclesiensis
1689 4176 2069 4261 Prepositus
2097 4180 2433 4258 totumque
2462 4171 2625 4239 eius·

362 4288 520 4356 dem
568 4288 696 4356 loci
751 4286 1125 4374 Capitulum
1174 4286 1499 4354 vniuersis
1547 4291 1884 4371 presentes
1938 4284 2194 4351 litteras
2244 4279 2637 4370 inspecturis

374 4399 651 4465 salutem
707 4396 774 4462 in
825 4395 1129 4463 Domino.
1189 4396 1438 4462 Nostra
1488 4391 1875 4460 constitutus
1935 4393 2004 4459 in
2065 4392 2408 4479 presencia
2454 4395 2639 4463 Movr

375 4506 546 4573 filius
577 4504 897 4592 Stephani
928 4504 1232 4589 Magistri
1265 4502 1604 4572 confessus
1633 4509 1753 4588 est,
1788 4501 1962 4585 quod
1979 4502 2126 4587 ipse
2157 4501 2454 4588 inspecta
2483 4500 2639 4570 fide-

359 4616 562 4683 litate
604 4613 901 4681 Marcelli
952 4620 1017 4680 et
1067 4612 1325 4680 Andree
1370 4612 1661 4697 fratrum,
1713 4631 1975 4679 suorum
2024 4629 2067 4675 a
2097 4609 2294 4694 longo
2345 4618 2637 4698 tempore
