3359 5250
1453 392 1581 460 281

1443 965 1599 1034 199.

384 1148 432 1213 I
440 1147 509 1212 V.
542 1147 702 1213 Be'la
737 1145 1071 1234 kirdlynak
1119 1146 1394 1212 Kaetetiv
1443 1152 1504 1211 e's
1531 1146 1801 1212 Bolcear
1848 1150 2005 1210 nevz'k
2018 1146 2295 1231 fh‘ldelcet
2342 1148 2642 1232 tdrqyazd

726 1254 1090 1342 adomdnya
1120 1277 1160 1318 a
1190 1257 1395 1321 scenai
1421 1256 1720 1341 vende'yek
1750 1259 2062 1321 szcimdra.
2097 1252 2290 1319 1249.

597 1449 759 1517 Bela
798 1451 926 1518 Dei
957 1451 1187 1537 gracia
1217 1450 1571 1537 Hungarie,
1611 1451 1975 1536 Dalmacie,
2026 1449 2361 1535 Chroacie,
2412 1453 2637 1536 Rame,

384 1559 633 1643 Seruie,
660 1559 959 1646 Gallicis,
994 1560 1399 1646 Lodomerie,
1434 1562 1879 1648 Cumanieque
1896 1563 2037 1628 Rex
2068 1559 2366 1627 omnibus
2400 1557 2640 1626 Christi

387 1666 693 1733 fidelibus
720 1668 995 1735 salutem
1030 1668 1094 1735 in
1119 1689 1218 1754 eo,
1252 1670 1365 1754 qui
1396 1676 1496 1737 est
1526 1689 1686 1736 uera
1708 1670 1907 1736 salus.
1944 1668 2102 1736 Cvm
2136 1668 2202 1734 in
2234 1666 2642 1734 multitudine

382 1777 773 1862 populorum
794 1775 1005 1859 gloria
1036 1778 1355 1847 consistat
1375 1779 1645 1863 Regum,
1682 1785 1748 1844 et
1779 1778 1848 1844 in
1868 1777 2009 1844 eius
2027 1775 2491 1844 numerositate
2513 1795 2642 1840 ma-

388 1893 736 1969 gnatorum
753 1885 1059 1971 potencia
1078 1885 1417 1972 glorietur3
1451 1886 1873 1973 prouidencie
1894 1886 2198 1953 conuenit
2218 1887 2641 1966 excelsorum,

383 1998 457 2059 ut
486 1992 571 2059 ad
603 1994 1210 2079 augmentacionem
1240 1996 1626 2081 populorum
1662 1994 1791 2063 sibi
1822 1994 2260 2061 subiectorum
2291 1991 2644 2077 uigilanter

387 2100 715 2186 insistant,
766 2108 838 2168 ut
875 2121 1019 2168 cum
1053 2103 1139 2169 ab
1173 2102 1270 2170 eis
1318 2102 1635 2190 procedat
1682 2103 2011 2189 profectus
2060 2101 2379 2184 utilitatis,
2430 2101 2518 2166 ab
2549 2099 2640 2186 ip-

390 2209 485 2276 sis
517 2209 722 2276 eciam
775 2215 1244 2293 consequenter
1282 2209 1548 2277 honoris
1582 2209 1861 2277 materia
1891 2209 2236 2297 proueniat
2267 2216 2331 2275 et
2365 2206 2641 2275 uirtutis.

392 2316 676 2383 Proinde
724 2317 809 2383 ad
841 2317 1286 2384 vniuersornm
1319 2318 1630 2385 noticiam
1660 2317 2002 2406 peruenire
2050 2320 2351 2386 uolumus
2381 2334 2644 2403 presen-

391 2424 565 2491 cium
595 2443 710 2511 per
739 2431 1046 2508 tenorem,
1102 2425 1278 2508 quod
1315 2426 1703 2492 accedentes
1744 2424 1830 2490 ad
1859 2425 2261 2512 presenciam
2296 2420 2641 2511 (nostram)

390 2533 683 2617 hospites
714 2531 919 2599 nostri
948 2531 1031 2600 de
1060 2533 1295 2619 Scena,
1346 2541 1569 2601 nostre
1600 2532 1988 2601 Celsitudini
2039 2532 2487 2619 supplicarunt
2533 2529 2644 2596 bu·

394 2641 632 2707 militer
664 2649 730 2707 et
759 2639 1015 2725 deuote,
1069 2649 1141 2708 ut
1170 2662 1314 2708 cum
1342 2649 1518 2709 terra
1566 2661 1786 2708 eorum
1826 2642 2209 2726 colligendis
2258 2640 2502 2707 ibidem
2533 2657 2644 2724 po-

392 2747 568 2833 pulis
617 2767 735 2832 pro
768 2746 1048 2815 araturis
1078 2768 1208 2815 non
1259 2749 1602 2832 sufficeret,
1631 2769 1753 2816 nos
1804 2748 1964 2834 ipsis
1995 2756 2205 2816 terras
2242 2746 2549 2813 Kaetetiv
2581 2753 2646 2812 et

395 2853 774 2922 Boltsschar
821 2854 888 2920 in
924 2853 1247 2922 Comitatu
1300 2856 1472 2923 Noui
1522 2856 1735 2924 Castri
1786 2857 2157 2939 existentes,
2207 2854 2396 2922 terris
2427 2873 2645 2921 eorum

394 2961 658 3028 adicere
715 2967 782 3027 et
813 2963 908 3029 eis
941 2963 1295 3032 concedere
1344 2984 1426 3030 ex
1463 2964 1869 3051 plenitudine
1916 2972 2137 3031 nostre
2167 2963 2388 3050 gracie
2423 2961 2648 3047 digna-

398 3089 634 3135 remur.
684 3070 822 3136 Nos
856 3069 1056 3154 igitur
1101 3072 1460 3158 profectum
1515 3072 1915 3140 subditorum
1962 3079 2325 3139 nostrorum
2377 3067 2647 3136 utilitati

388 3178 653 3264 proprie
700 3176 1108 3263 preferentes
1134 3231 1153 3265 ,
1206 3179 1501 3264 graciose
1551 3178 1933 3247 admisimus
1982 3178 2313 3267 postulata
2332 3230 2349 3263 ‚
2414 3175 2647 3242 dantes

386 3284 640 3351 eisdem
676 3283 939 3371 populis
972 3291 1107 3352 tam
1140 3287 1452 3370 collectis,
1491 3306 1687 3371 qnam
1731 3293 1796 3354 et
1828 3287 2040 3353 adhuc
2070 3285 2312 3352 ibidem
2346 3283 2648 3367 colligen-

394 3390 518 3475 dis,
547 3411 630 3458 ex
652 3391 1044 3460 liberalitate
1064 3391 1272 3477 Regia
1291 3392 1582 3477 prefatas
1606 3401 1817 3460 terras
1837 3391 2143 3461 Kaetetiv
2166 3400 2232 3458 et
2249 3391 2646 3474 Boltsschar‚

390 3505 730 3585 exemptas
764 3517 807 3564 a
837 3497 1164 3566 Comitatu
1193 3497 1369 3567 Noui
1406 3484 1619 3566 Castri
1651 3519 1797 3566 cum
1830 3500 2124 3567 omnibus
2155 3498 2547 3566 utilitatibus
2585 3501 2652 3564 et

385 3606 814 3695 pertinencijs
834 3606 970 3672 suis
989 3609 1305 3693 perpetuo
1327 3605 1756 3692 possidendas
1780 3608 1898 3675 sub
1932 3605 2178 3674 eisdem
2211 3605 2400 3671 metis
2433 3610 2499 3670 et
2527 3610 2650 3671 ter·

388 3713 605 3798 minis,
658 3712 826 3779 sicut
857 3711 1097 3779 dictum
1136 3710 1435 3780 Castrum
1468 3712 1647 3800 ipsas
1678 3714 1993 3782 hactenus
2043 3712 2398 3780 dinoscitur
2427 3731 2646 3798 posse-

386 3823 586 3890 disse.
635 3820 994 3888 Statuimus
1023 3826 1341 3907 preterea,
1374 3827 1447 3887 ut
1478 3823 1651 3889 omni
1683 3822 1983 3890 libertate
2020 3822 2368 3907 gaudeant,
2401 3840 2533 3905 qua
2564 3839 2647 3886 ex

381 3930 807 3999 concessione
827 3933 1055 3997 nostra
1073 3927 1368 4017 hospites
1385 3930 1590 3997 nostri
1613 3930 1696 3999 de
1712 3932 1933 3999 Kassa
1950 3929 2381 4016 perfruuntur,
2417 3935 2548 3996 tam
2575 3928 2648 3995 in

395 4040 667 4109 decimis
689 4037 1089 4126 exoluendis‚
1103 4057 1301 4122 quam
1319 4039 1387 4106 in
1406 4037 1694 4126 iudicijs,
1716 4059 1831 4108 seu
1854 4040 2065 4106 eciam
2085 4039 2153 4105 in
2178 4037 2477 4107 omnibus
2498 4037 2652 4123 alijs

400 4149 471 4216 in
509 4147 859 4215 eorundem
895 4146 1241 4234 priuilegio
1290 4147 1673 4217 nominatim
1709 4168 1829 4235 per
1861 4148 2129 4232 singula
2159 4152 2224 4212 et
2263 4146 2656 4214 articulatim

392 4256 746 4343 expressis.
779 4254 887 4322 Ad
902 4254 1025 4322 hec
1042 4253 1281 4342 prefati
1309 4255 1605 4343 hospites
1635 4256 1846 4324 nostri
1868 4255 1950 4322 de
1973 4254 2234 4323 Schena
2264 4253 2347 4320 de
2377 4252 2654 4338 singulis

387 4362 844 4431 mansionibus
863 4362 1001 4429 suis
1041 4362 1313 4430 eundem
1346 4382 1611 4431 censum
1626 4363 1820 4432 nobis
1854 4363 2109 4432 soluere
2128 4360 2517 4428 tenebuntur
2533 4380 2652 4447 per

382 4473 619 4554 omnia,
644 4490 834 4555 quem
856 4469 1170 4557 sepedicti
1193 4472 1418 4559 populi
1451 4472 1534 4539 de
1552 4473 1774 4539 Kassa
1795 4471 1877 4538 de
1909 4469 2043 4536 suis
2064 4467 2509 4535 mansionibus
2539 4488 2650 4535 no-

377 4568 486 4646 bis
525 4580 783 4646 soluere
802 4578 994 4646 annis
1034 4579 1316 4664 singulis
1349 4585 1849 4647 consueuerant.
1881 4579 1954 4644 In
1987 4576 2466 4664 possessionem
2488 4595 2643 4644 uero

381 4688 822 4776 predictarum
842 4696 1160 4757 terrarum
1179 4688 1442 4758 eosdem
1461 4709 1580 4780 per
1591 4691 1804 4756 'Pecus
1824 4686 2137 4755 Comitem
2159 4683 2241 4753 de
2256 4686 2456 4754 Sarus
2474 4684 2653 4754 fide·-
