3359 5250
1509 311 1637 401 1'79

437 530 648 598 dictus
682 529 1000 598 Nicolaus
1031 527 1115 596 de
1146 548 1386 614 genero
1417 529 1683 617 Katpan
1715 530 1963 597 nullam
2010 530 2180 599 inter
2211 531 2395 618 ipsos
2426 550 2700 599 comme·

436 644 669 708 taneos
716 640 988 707 haberet
1039 639 1440 726 porcionem,
1494 646 1713 726 preter
1744 638 2184 727 quadraginta
2232 639 2465 727 iugera
2502 647 2697 723 terre,

436 767 561 832 que
588 747 714 816 sub
765 755 984 816 monte
1017 747 1163 833 Nyr
1191 747 1258 815 in
1290 754 1545 836 partem
1593 749 1737 817 eius
1766 747 2076 816 deberent
2110 747 2475 836 peruenire,
2511 746 2701 814 Nico·

435 855 544 924 lao
575 855 703 925 hoc
731 853 910 924 idem
958 854 1340 943 confitente5
1391 855 1511 925 sed
1541 856 1657 924 illa
1689 857 1810 925 XL
1839 856 2072 942 iugera
2101 862 2272 924 terre
2301 855 2477 924 idem
2505 856 2697 924 Nico·

437 962 605 1050 laus,
639 971 872 1033 contra
900 961 1266 1031 Mahariam
1298 962 1571 1032 bilotum
1602 963 1687 1031 de
1718 966 1907 1034 Petet
1937 963 2268 1034 ordinario
2321 963 2565 1032 iudicio
2597 984 2700 1032 co-

432 1091 574 1139 ram
593 1072 783 1141 nobis
802 1093 920 1160 pro
941 1070 1240 1160 predicta
1259 1092 1461 1141 causa
1490 1077 1662 1140 terre
1679 1071 2072 1162 populorum
2089 1072 2342 1157 Regine
2364 1071 2447 1140 de
2468 1072 2700 1158 Boyon

432 1180 788 1267 conuictus,
822 1179 999 1248 dicto
1031 1178 1392 1268 Scemeyno
1425 1179 1658 1249 Comiti
1707 1201 1827 1271 per
1856 1180 2361 1250 conuencionem
2419 1180 2488 1248 in
2533 1199 2700 1268 pace

435 1290 683 1358 dimisit
702 1315 719 1377 ς
752 1289 907 1375 quia
927 1287 1014 1356 ad
1045 1285 1449 1376 perdendam
1469 1308 1724 1358 omnem
1748 1295 1992 1357 terram
2012 1308 2200 1357 suam
2218 1287 2455 1375 fuerat,
2496 1307 2698 1375 super

434 1399 668 1466 eadem
688 1416 891 1465 causa
921 1402 1094 1464 terre
1122 1416 1242 1483 per
1260 1398 1623 1466 Mahariam
1655 1398 2058 1467 nominatum
2079 1418 2300 1466 coram
2320 1396 2511 1465 nobis
2542 1416 2691 1464 con-

435 1509 665 1577 uictus.
699 1507 782 1574 Et
804 1506 900 1574 sic
916 1512 1158 1574 terram
1179 1506 1568 1595 populorum
1586 1508 1839 1595 Regine
1859 1510 2052 1577 sitam
2076 1507 2142 1575 in
2175 1507 2334 1576 villa
2352 1508 2603 1595 Boyon,
2633 1510 2699 1571 et

434 1617 556 1683 illa
585 1616 885 1705 predicta
908 1616 1030 1683 XL
1052 1615 1281 1700 iugera
1312 1621 1500 1702 terre,
1534 1623 1763 1686 contra
1793 1616 2311 1704 prenominatum
2332 1616 2695 1683 Mahariam

434 1744 551 1812 per
561 1722 834 1792 euidens
853 1723 1296 1792 testimonium
1308 1724 1567 1812 plenius
1588 1723 1651 1791 iu
1674 1732 1899 1794 nostra
1910 1723 2260 1813 presencia
2277 1724 2693 1792 iustificatam

431 1835 793 1920 Scemeyno
824 1830 1065 1899 Comiti
1097 1852 1179 1900 ex
1209 1839 1518 1920 precepto
1570 1832 1816 1903 domini
1848 1832 2052 1919 Regis
2090 1839 2156 1900 et
2186 1832 2435 1919 Regine
2470 1851 2694 1920 perpe-

433 1948 545 2010 tuo
576 1940 1045 2030 possidendam
1095 1941 1291 2010 certis
1316 1942 1511 2010 metis
1541 1945 1910 2030 statuimus,
1941 1943 2124 2011 nulla
2160 1943 2486 2031 particula
2527 1949 2698 2009 terre

434 2050 768 2138 sepedicto
798 2047 1079 2118 Nicolao
1111 2045 1196 2116 dc
1228 2068 1469 2135 genere
1500 2050 1770 2140 Katpan
1802 2053 1870 2120 in
1902 2059 2077 2121 terra
2130 2051 2339 2139 ipsius
2369 2053 2697 2138 Scemeyn

438 2158 709 2227 Comitis
742 2164 1157 2245 remanente;
1207 2159 1678 2247 prenominatis
1713 2166 1929 2228 autem
1962 2160 2468 2229 commetaneis:
2518 2158 2695 2245 Jula,

436 2270 647 2354 Petro,
670 2266 903 2353 Gutus,
932 2267 1228 2347 Nicolao,
1260 2268 1502 2357 Jegdu,
1536 2274 1600 2337 et
1621 2269 1924 2357 Boeslao,
1945 2276 2199 2358 partem
2219 2288 2405 2337 suam
2438 2267 2524 2336 de
2548 2267 2697 2354 ipsa

435 2398 563 2445 non
613 2376 1097 2465 separantibus,
1160 2375 1278 2444 sed
1329 2378 1758 2445 communiter
1810 2398 1955 2445 cum
2007 2378 2372 2464 Scemeyno
2422 2377 2692 2463 Gemite,

435 2487 599 2555 sicut
629 2485 812 2573 prius
842 2483 1200 2570 habebant,
1234 2482 1301 2550 in
1331 2504 1498 2572 pace
1528 2485 2075 2573 permittentibus.
2109 2485 2283 2552 Mete
2309 2485 2491 2553 cuius
2522 2492 2696 2552 terre

436 2594 717 2684 primum
748 2591 1110 2681 incipiunt:
1141 2589 1536 2661 ATezercut
1568 2594 1654 2661 ab
1691 2592 1991 2662 orientali
2022 2600 2229 2681 parte,
2279 2591 2391 2660 ubi
2421 2600 2572 2662 sunt
2601 2613 2698 2661 ar·

437 2704 626 2773 bores
659 2718 917 2787 nucum,
953 2708 1018 2770 et
1049 2699 1142 2769 ibi
1173 2708 1326 2769 sunt
1356 2698 1484 2768 due
1518 2707 1728 2788 mete;
1778 2709 1844 2770 et
1873 2710 2109 2791 postea
2139 2700 2556 2771 ascendendo
2585 2724 2700 2791 pa-

440 2833 578 2879 rum
609 2810 732 2878 sub
751 2811 925 2895 ylice
957 2814 1109 2877 sunt
1141 2808 1269 2876 due
1299 2815 1508 2897 mete;
1543 2808 1784 2879 abinde
1805 2809 2012 2879 eciam
2043 2808 2459 2880 ascendendo
2490 2809 2696 2878 aleius

442 2922 508 2987 in
542 2919 791 2990 uertice
843 2917 1134 2987 eiusdem
1167 2919 1405 2987 montis
1446 2926 1598 2987 sunt
1630 2919 1758 2989 due
1789 2928 1996 3007 mete;
2046 2921 2282 2989 iterum
2314 2920 2553 2989 abinde
2591 2917 2700 2986 de-

442 3024 810 3097 scendendo
843 3046 962 3114 per
1012 3023 1252 3093 uallem
1285 3032 1455 3096 retro
1487 3026 1748 3093 foueam
1781 3026 2137 3113 uinearum,
2180 3047 2222 3093 a
2253 3032 2440 3115 parte
2479 3034 2698 3095 tamen

441 3134 744 3207 orientali
762 3134 830 3202 in
861 3133 1068 3203 latere
1091 3132 1328 3202 montis
1364 3131 1453 3201 ad
1484 3133 1785 3203 arborem
1822 3133 1950 3221 piri
1970 3139 2122 3201 sunt
2153 3133 2279 3201 due
2300 3141 2509 3221 mete;
2541 3134 2699 3201 item

443 3245 680 3314 abinde
712 3243 924 3312 eundo
974 3248 1041 3309 ct
1074 3241 1469 3310 transeundo
1500 3240 1792 3327 fluuium,
1844 3241 1956 3327 qui
1995 3240 2333 3310 descendit
2383 3241 2466 3308 de
2495 3241 2695 3330 Pelis,

444 3362 507 3425 et
524 3355 709 3423 uenit
725 3353 808 3421 de
838 3349 1031 3421 domo
1062 3350 1319 3420 Nicolai
1355 3350 1542 3419 iuxta
1572 3348 1848 3419 eundem
1866 3350 2130 3419 fluuivm
2168 3358 2320 3419 sunt
2343 3350 2470 3418 due
2490 3355 2700 3437 mete;

448 3466 602 3533 item
634 3461 878 3533 abinde
907 3461 1094 3530 uadit
1123 3460 1311 3530 iuxta
1338 3462 1536 3548 uiam,
1589 3480 1714 3548 que
1744 3457 1955 3530 tendit
1986 3481 2212 3529 uersus
2243 3457 2519 3548 Budam,
2552 3465 2706 3526 sunt

444 3573 571 3642 due
602 3579 811 3660 mete;
846 3578 910 3638 et
939 3571 1172 3639 iterum
1202 3570 1389 3637 iuxta
1419 3568 1697 3636 eandem
1734 3567 1909 3637 uiam
1943 3567 2151 3636 tendit
2181 3566 2269 3635 ad
2299 3566 2534 3655 pirum,
2576 3568 2699 3634 sub

446 3703 577 3770 qua
609 3686 762 3749 sunt
790 3677 917 3747 due
946 3684 1158 3765 mete;
1215 3684 1281 3745 et
1311 3675 1551 3745 abinde
1583 3677 1796 3744 tendit
1824 3677 2011 3744 iuxta
2042 3680 2368 3761 stagnum,
2409 3682 2478 3743 et
2507 3674 2573 3742 in
2605 3694 2704 3740 ru-

444 3790 597 3856 beto
629 3793 782 3857 sunt
802 3784 926 3853 due
959 3788 1169 3868 mete;
1203 3781 1443 3851 deinde
1478 3781 1592 3849 ubi
1612 3781 1760 3849 fons
1789 3781 2019 3850 ebullit
2051 3781 2172 3849 sub
2204 3799 2367 3847 nuce
2391 3788 2545 3849 sunt
2575 3781 2704 3849 due

445 3902 646 3983 mete;
680 3900 745 3963 et
763 3888 1003 3960 abinde
1024 3887 1231 3957 tendit
1250 3887 1338 3955 ad
1356 3886 1677 3975 quasdam
1696 3889 1982 3976 arbores,
2007 3887 2121 3956 ubi
2142 3888 2425 3977 populus
2448 3892 2513 3954 et
2534 3888 2704 3973 tylia

449 4006 810 4076 continetur
840 4001 1137 4088 superius
1168 3998 1413 4068 fontem
1444 4004 1691 4086 poutou
1713 3996 1904 4086 (igy),
1940 4003 2005 4065 et
2024 4002 2175 4064 sunt
2204 3996 2298 4064 ibi
2338 3996 2464 4063 due
2498 4003 2704 4085 mete;

448 4122 512 4183 ct
539 4135 657 4204 per
677 4112 951 4181 eandem
968 4108 1330 4198 predictam
1350 4106 1527 4174 uiam
1559 4106 1771 4176 eundo
1793 4104 1972 4175 eadit
1994 4106 2063 4173 in
2082 4106 2354 4173 alteram
2391 4125 2702 4190 magnam

450 4224 645 4310 uiam,
694 4238 822 4309 que
853 4219 977 4288 sub
1010 4222 1228 4287 monte
1257 4215 1402 4302 Nyr
1433 4212 1517 4283 de
1548 4214 1883 4301 Strigonio
1933 4212 2236 4281 similiter
2268 4210 2454 4280 uadit
2489 4213 2558 4279 in
2588 4214 2710 4281 Bu-

452 4334 624 4418 dam,
676 4331 870 4399 etsie
922 4336 1099 4396 terra
1148 4325 1355 4414 ipsius
1403 4325 1721 4411 Scemeyn
1755 4322 2029 4392 Comitis
2078 4342 2121 4389 a
2163 4329 2340 4390 terra
2388 4320 2708 4409 sepedicti

452 4440 708 4511 Nicolai
742 4440 870 4524 hys
902 4435 1090 4504 metis
1121 4441 1188 4502 et
1217 4432 1516 4501 terminis
1547 4429 1989 4516 distinguitur.

454 4586 522 4652 (A
546 4584 892 4640 keresztesek
916 4580 1241 4649 esztergami
1287 4574 1697 4645 konventjenek
1740 4590 2069 4644 agyanazon
2113 4572 2201 4626 evi
2238 4568 2551 4638 atirataboh
2580 4575 2715 4625 mint

801 4652 963 4709 aldbb
993 4655 1111 4706 121.
1138 4669 1211 4705 ss.
1237 4667 1303 4713 a„
1330 4666 1366 4702 a
1388 4650 1557 4703 budai
1583 4651 1687 4703 kir.
1713 4649 1959 4701 kamarai
1986 4642 2365 4710 leveltarban.)

2262 4741 2394 4803 12*
