3359 5250
1313 398 1564 499 „11-533.
1591 491 1631 499 ..

548 595 684 663 Nos
738 595 962 682 Ohak,
983 595 1302 681 Magister
1352 596 1869 665 Tanarnicorum
1920 596 2162 666 domini
2232 601 2434 687 Regis
2482 601 2605 672 stb.

331 699 528 790 (mint
557 704 762 773 alsbb
801 705 952 773 328.
986 724 1075 773 sz.
1106 724 1167 773 a.
1199 705 1226 790 )

550 813 710 881 Cum
745 813 945 898 igitur
976 812 1163 880 iustis
1212 812 1645 897 peticionibus
1693 814 2098 882 subditorum
2147 817 2236 883 sit
2282 816 2606 904 Principis

335 921 598 988 animus
631 921 1081 989 fauorabiliter
1110 920 1550 1005 inclinandus,
1582 928 1652 988 ut
1684 919 1885 1005 ijdem
1913 922 2030 1008 filij
2084 923 2313 1010 Heym‚
2366 930 2432 990 et
2484 925 2601 1009 filij

336 1028 587 1116 Cheyd,
622 1048 702 1096 ac
734 1030 994 1115 cognati
1028 1047 1249 1096 eorum
1298 1029 1527 1097 Castro
1576 1031 1834 1116 possint
1865 1028 2199 1100 honestius
2249 1031 2600 1118 deseruire,

328 1146 574 1206 terram
611 1138 900 1225 ipsorum
933 1135 1394 1205 hereditariam
1428 1137 1814 1205 existentem
1846 1139 2029 1206 iuxta
2081 1140 2342 1225 Karka,
2375 1159 2603 1209 secun-

326 1249 483 1317 dum
512 1254 807 1316 tenorem
838 1246 1303 1335 presriptarum
1335 1247 1701 1315 litterarum
1732 1247 2029 1331 Magistri
2060 1248 2177 1316 ch.
2220 1254 2284 1317 et
2315 1248 2390 1316 F.
2444 1248 2597 1318 Pre-

330 1357 533 1445 positi
564 1354 1036 1424 restituendam
1068 1354 1391 1439 duximus,
1423 1360 1489 1421 et
1538 1355 1783 1422 nostris
1830 1356 2068 1424 litteris
2114 1353 2333 1442 sigillo
2383 1364 2605 1426 nostro

327 1463 578 1552 duplici
608 1462 947 1549 impressis
979 1469 1294 1551 perpetuo
1326 1462 1852 1533 confirmandam.
1902 1464 2146 1531 Datum
2198 1484 2315 1552 per
2366 1486 2598 1535 manus

327 1572 628 1657 Magistri
680 1569 1034 1656 Smaragdi
1080 1570 1386 1640 Albensis
1433 1570 1730 1639 Ecclesie
1780 1573 2100 1658 Prepositi
2155 1573 2304 1644 aule
2374 1581 2600 1641 nostre

327 1681 939 1769 vice-Cancellarij‚
972 1680 1180 1749 Eleeti
1213 1682 1280 1749 in
1312 1679 1896 1766 Archiepiscopum
1932 1682 2350 1750 Coloeenscm
2381 1681 2603 1751 dilecti

326 1798 392 1858 ct
423 1787 637 1857 fidelis
669 1791 893 1875 nostri,
927 1809 1100 1857 anno
1132 1790 1394 1858 Domini
1427 1790 1773 1859 millesimo
1806 1790 2246 1861 ducentesimo
2279 1794 2596 1878 quinqua-

323 1902 581 1986 gesimo
613 1900 910 1987 septimo,
944 1906 1178 1968 octauo
1208 1899 1359 1969 idus
1410 1899 1595 1989 Julij,
1644 1899 1859 1986 Regni
1905 1908 2124 1970 autem
2174 1903 2377 1970 nostri
2427 1900 2637 1970 anno‘

323 2007 640 2077 uicesimo
670 2008 972 2079 secundo.

326 2207 614 2275 (Er-edotio
638 2205 991 2276 bothartyan,
1016 2209 1248 2275 melyrffl
1274 2223 1308 2259 a
1334 2206 1516 2275 kiraly
1540 2208 1895 2276 poesetjcnok
1921 2209 2182 2263 tor-edeke
2207 2211 2327 2264 zold
2370 2212 2601 2278 solyom·

709 2300 967 2353 asinoron
991 2301 1145 2368 sugg,
1172 2315 1206 2351 a
1231 2300 1397 2354 budai
1422 2300 1522 2352 kir.
1551 2300 1801 2353 kamarai
1827 2298 2202 2369 leveltArban.)

1385 3022 1540 3090 322.

319 3204 443 3271 IV.
473 3205 641 3274 Be'la
667 3205 877 3292 lein-aly
928 3205 1186 3272 Mdv-ton
1234 3229 1452 3287 comes,
1506 3233 1550 3274 a
1606 3201 1961 3274 G'erzencew’
2006 3205 2127 3270 vdr
2161 3205 2606 3292 jobbdyydnak

755 3314 1075 3381 biv-tolcam
1105 3316 1287 3382 ndzve
1314 3314 1704 3400 hatdrydrcist
1730 3324 1946 3381 tartat.
1978 3316 2173 3381 1257.

552 3513 713 3582 Bela
763 3515 890 3580 Dei
937 3512 1165 3599 gracia
1215 3513 1574 3600 Hungarie,
1625 3512 1984 3598 Dalmacie,
2037 3513 2331 3600 Croaeie,
2383 3514 2603 3598 Rame‚

325 3624 576 3707 Seruis,
612 3623 910 3708 Gallicie,
944 3621 1345 3707 Lodomerie,
1370 3623 1813 3708 Cumanieque
1850 3626 1989 3691 Rex
2021 3623 2334 3708 omnibus,
2368 3624 2602 3708 quibus

325 3741 668 3821 presentes
697 3732 1132 3818 ostendentur,
1176 3732 1463 3800 salutem
1510 3733 1581 3800 in
1631 3735 1919 3801 omnium
1967 3733 2320 3802 saluatore.
2390 3731 2601 3820 Offieij

334 3841 546 3912 nostri
579 3840 868 3910 debitum
901 3840 1210 3929 remedijs
1240 3840 1548 3927 inuigilat
1577 3842 2034 3928 subiectorum,
2065 3841 2221 3928 quia
2251 3840 2406 3910 dum
2453 3862 2603 3910 con-

333 3951 629 4021 cedimus
678 3948 853 4038 quod
902 3952 1280 4038 postulant,
1352 3950 1507 4017 dum
1557 3953 2017 4019 confirmamus
2068 3952 2243 4037 quod
2308 3949 2605 4038 optinent

323 4059 474 4149 (igy
503 4058 825 4146 ,‚optant“
856 4057 1159 4147 helyett),
1192 4079 1310 4127 nos
1361 4058 1428 4125 in
1478 4059 1767 4144 ipsorum
1822 4058 2039 4147 quiete
2091 4059 2487 4144 quiescimus
2535 4065 2603 4127 et

330 4170 632 4239 fouemur
679 4170 747 4237 in
799 4188 988 4256 pace.
1018 4168 1302 4237 Proinde
1330 4168 1417 4240 ad
1452 4170 1896 4239 uniuersorum
1946 4169 2256 4238 noticiam
2304 4170 2603 4239 volumus

329 4278 693 4365 peruenire,
727 4277 896 4364 quod
937 4298 1081 4347 cum
1112 4284 1265 4366 post
1292 4297 1622 4348 recessum
1672 4280 2097 4347 Tartarorum
2146 4278 2233 4346 ad
2281 4277 2607 4362 quoslibet

324 4384 683 4455 Comitatus
715 4406 835 4473 pro
886 4385 1277 4455 reuocandis
1328 4386 1582 4456 iuribus
1633 4388 1850 4455 Casti-i
1902 4384 2192 4456 indebite
2242 4385 2603 4473 occupatis,

324 4492 626 4563 diuersos
656 4492 905 4564 iudices
955 4493 1400 4581 misissemus3
1453 4496 1625 4565 inter
1672 4502 1891 4565 cetera
1942 4495 2032 4564 ad
2082 4495 2471 4565 comitatum
2522 4493 2607 4563 de

326 4603 704 4672 Gerzenche
733 4604 994 4672 fidelem
1026 4611 1317 4674 nostrum
1347 4605 1734 4692 Magistrum
1768 4604 1957 4673 Ohak
1989 4604 2365 4673 Ensiferum
2416 4603 2602 4671 duxi·

329 4731 474 4780 mus
506 4711 1097 4799 transmittendum,
1131 4710 1363 4781 dantes
1395 4713 1522 4782 sibi
1553 4715 1622 4781 in
1653 4712 2002 4798 mandatis,
2033 4720 2105 4779 ut
2136 4719 2203 4781 et
2249 4718 2476 4798 terras,
2525 4732 2605 4780 ac
