3359 5250
1432 435 1516 445 -...
1535 343 1665 411 263

464 558 769 626 continue
797 556 1131 626 fidelitatis
1165 576 1373 626 nexus
1406 565 1472 628 et
1502 548 1929 628 sert'iiciorum
1968 561 2397 630 eminencium
2429 560 2729 647 frequen·

461 667 572 734 cia
602 666 886 753 stringit,
939 666 1128 735 nobis
1158 666 1443 746 vbetiori
1490 676 1714 737 nostre
1764 670 1991 754 gracie
2040 689 2307 738 munere
2356 672 2727 740 confouere.
2798 748 2809 758 ,

463 774 745 843 Proinde
774 774 863 842 ad
901 776 1353 845 vniuersorum
1408 778 1822 863 presencium
1854 784 1920 845 et
1957 786 2361 864 posterorum
2412 778 2727 847 noticiam

461 882 693 949 harum
724 884 896 951 serie
927 882 1226 953 uolumus
1277 886 1638 972 peruenire,
1692 884 1868 971 quod
1916 886 2133 955 animo
2163 885 2577 956 reuoluenffes
2627 884 2727 951 di·

461 992 614 1059 lecti
646 1000 712 1060 et
738 992 952 1061 fidelis
983 993 1191 1061 nostri
1241 992 1512 1063 Comitis
1546 996 1868 1063 Herbordi
1898 995 2016 1080 filij
2051 993 2168 1062 Osl
2199 993 2470 1062 Comitis
2510 994 2723 1063 conti·

461 1121 588 1168 nne
617 1099 956 1168 fidelitatis
986 1100 1322 1185 obsequia,
1356 1122 1483 1186 que
1515 1124 1557 1170 a
1586 1111 1811 1171 tenera
1843 1103 2058 1171 adhuc
2091 1109 2264 1170 etate
2296 1110 2523 1172 nostra
2552 1103 2729 1189 pari·

455 1218 561 1276 ter
591 1214 656 1276 et
686 1228 809 1276 sua
858 1209 927 1275 in
959 1217 1186 1276 nostra
1217 1208 1399 1277 curia
1450 1210 1786 1296 educatae,
1835 1210 1977 1278 sine
2009 1211 2489 1280 intermissione
2527 1211 2721 1280 nobis

459 1317 776 1399 exhibuit,
823 1322 979 1384 tunc
1006 1317 1074 1383 in
1105 1325 1322 1384 mente
1354 1319 1719 1402 statuimus,
1772 1338 1918 1385 eum
1948 1317 2306 1405 prouehere
2345 1318 2721 1386 munificen-

458 1424 563 1492 cie
591 1423 799 1508 Regie
847 1422 1216 1507 donatiuis3
1268 1431 1332 1490 ct
1363 1433 1436 1491 ut
1471 1423 1753 1508 quedam
1784 1425 1868 1493 de
1919 1424 2140 1494 multis
2189 1424 2526 1493 fidelitatis
2576 1426 2723 1493 eius

454 1529 815 1617 obsequijs,
867 1549 994 1614 que
1022 1530 1287 1617 longum
1342 1531 1510 1599 foret
1542 1530 1761 1599 omnia
1794 1552 2124 1618 enarrare,
2163 1534 2578 1620 presentibus
2610 1553 2719 1601 ex-

457 1640 836 1727 primamus,
870 1640 1014 1707 vice
1045 1640 1328 1724 quadam
1361 1640 1427 1707 in
1459 1641 1722 1725 Ruscia,
1762 1642 1884 1708 sub
1916 1661 2162 1727 magna
2193 1648 2383 1727 porta
2415 1640 2717 1725 Gallicie,

453 1769 583 1834 que
629 1755 903 1816 uocatur
931 1748 1280 1834 Vngarica,
1330 1746 1521 1817 nobis
1551 1748 1921 1833 nostrisque
1950 1747 2316 1819 Baronibus
2349 1748 2413 1813 in
2448 1748 2719 1836 expedi·

451 1859 641 1925 cione
670 1855 1108 1942 presentibus,
1139 1854 1562 1922 laudabiliter
1594 1853 1990 1940 dimicando,
2020 1854 2253 1923 dehinc
2284 1854 2492 1921 eciam
2521 1875 2719 1943 super

455 1965 722 2032 fluuium
773 1963 1120 2030 Denisztur
1148 1962 1424 2030 viriliter
1472 1982 1692 2031 coram
1741 1964 1932 2032 nobis
1963 1963 2249 2049 prestitit
2295 1964 2363 2030 in
2395 1961 2719 2031 conflictu.

451 2074 776 2139 Reuersus
821 2077 1038 2138 autem
1088 2069 1425 2137 nobiscum
1477 2070 1541 2136 in
1594 2090 1834 2156 corpus
1884 2070 2210 2156 Vngarie,
2264 2071 2486 2158 sepius
2536 2070 2717 2156 lega-

449 2180 672 2248 ciones
721 2188 981 2246 nostras
1026 2177 1262 2244 detulit
1306 2185 1493 2245 extra
1524 2180 1857 2263 Regnum,
1903 2198 2213 2265 processu
2264 2198 2420 2247 uero
2468 2186 2714 2264 tempo-

455 2289 545 2352 ris
592 2305 737 2352 cum
784 2286 1079 2371 Regnum
1131 2292 1421 2352 nostrum
1453 2286 1693 2354 Diuino
1742 2286 2005 2372 iudicio,
2057 2286 2160 2353 cui
2191 2285 2408 2353 resisti
2445 2305 2573 2352 non
2607 2306 2721 2371 po·

451 2402 602 2481 test,
650 2395 897 2462 inuasit
943 2413 1104 2478 gens
1155 2392 1471 2481 pestifera
1501 2396 1942 2479 Tartarorum,
1996 2395 2139 2482 ipse
2175 2402 2311 2462 tam
2358 2396 2719 2481 possessio·

449 2521 590 2587 nes,
641 2521 839 2585 quam
871 2519 1094 2568 omnes
1150 2498 1386 2567 fratres
1424 2506 1491 2567 et
1520 2500 2043 2585 consanguineos
2089 2520 2265 2584 suos,
2316 2508 2382 2568 ct
2412 2501 2580 2569 alios
2612 2519 2718 2566 ca-

455 2634 560 2680 ros
606 2609 999 2694 relinquens,
1049 2609 1116 2676 in
1162 2613 1382 2677 nostro
1431 2607 1710 2677 seruicio
1756 2609 2094 2678 nobiscum
2142 2609 2230 2677 ad
2265 2617 2487 2695 partes
2527 2608 2717 2675 mari·

451 2723 648 2788 timas
694 2717 1041 2799 transiuit,
1098 2716 1208 2783 ubi
1247 2736 1392 2783 cum
1440 2723 1663 2786 nostro
1698 2717 1888 2784 lateri
1936 2736 2054 2803 per
2103 2737 2291 2785 suum
2339 2717 2717 2783 continuum

449 2828 798 2896 seruicium
867 2825 1162 2908 adhesit,
1245 2824 1536 2892 custodie
1606 2825 1942 2893 karissimi
2009 2825 2426 2911 primogeniti
2504 2823 2714 2893 nostri

441 2935 759 3023 Stephani
807 2931 1008 3019 Regis
1057 2932 1377 3017 Illustris,
1438 2953 1588 3000 eum
1639 2954 1785 3000 cum
1835 2933 2070 3017 grandi
2118 2930 2359 3001 fiducia
2408 2929 2714 2999 duximus

443 3041 890 3131 deputandum
914 3093 930 3124 ,
982 3037 1328 3108 statuendo
1378 3059 1524 3108 eum
1581 3037 1671 3106 ad
1702 3037 2131 3107 habitandum
2162 3038 2230 3104 in
2264 3039 2494 3107 Castro
2527 3037 2711 3123 Clyz,

450 3153 518 3220 in
568 3152 759 3221 domo
809 3150 1108 3238 proxima
1157 3149 1243 3215 ad
1280 3147 1558 3217 eundem
1606 3147 2029 3216 karissimum
2061 3147 2563 3233 primogenitum
2601 3167 2717 3216 no·

445 3269 655 3328 strum
724 3257 1119 3325 antedictum
1142 3306 1160 3340 ,
1237 3263 1310 3324 ut
1377 3264 1668 3342 tempore
1737 3255 2013 3342 periculi
2078 3263 2234 3322 tunc
2290 3254 2711 3340 imminentis,

453 3388 598 3435 eum
645 3364 845 3432 lateri
877 3383 994 3432 suo
1035 3347 1243 3432 ‘uelud
1291 3363 1620 3448 quoddam
1651 3364 2211 3451 propugnaculum
2260 3363 2536 3431 haberet
2568 3383 2713 3448 pro-

452 3476 698 3542 ximum
747 3478 945 3557 atque
998 3470 1218 3557 fidum,
1273 3470 1384 3537 vbi
1435 3471 1771 3538 fidelitatis
1824 3471 1966 3537 eius
2018 3472 2191 3540 nitor
2229 3471 2535 3559 precipue
2585 3475 2715 3540 cla·

452 3584 583 3651 ruit
611 3603 833 3650 coram
864 3579 1076 3666 nobis,
1129 3579 1238 3666 qui
1272 3585 1406 3646 tam
1456 3580 1524 3646 in
1555 3586 1734 3646 terra
1764 3598 1961 3663 quam
1993 3578 2159 3645 mari
2208 3580 2399 3648 nobis
2430 3599 2508 3650 co
2556 3587 2716 3658 tem-

447 3710 610 3778 pore
640 3688 942 3778 inpendit
974 3686 1345 3755 laudabiles
1375 3685 1753 3753 famulatus.
1788 3683 2236 3752 Redeuntibus
2269 3693 2486 3753 autem
2517 3689 2710 3757 nobis

443 3801 532 3867 de
575 3799 876 3886 partibus
908 3796 1230 3863 martimis
1270 3793 1437 3861 duce
1469 3791 1751 3876 Christo,
1783 3792 2024 3861 accidit
2043 3799 2270 3860 contra
2299 3795 2547 3862 Ducem
2584 3796 2713 3864 An-

441 3907 606 3973 strie
639 3925 760 3974 nos
800 3904 1154 3972 exercitum
1191 3921 1617 3986 commouere,
1671 3899 1741 3967 in
1772 3920 1921 3985 quo,
1955 3899 2123 3967 sicut
2173 3910 2239 3970 et
2271 3901 2339 3968 in
2369 3901 2519 3990 aliJs
2568 3925 2717 3973 con·

443 4013 748 4098 flictibus,
780 4009 973 4081 nobis
1001 4009 1350 4079 honorifice
1383 4007 1762 4076 deseruiuit.
1815 4008 2090 4075 Demum
2121 4027 2280 4076 uero
2312 4011 2435 4077 sub
2488 4020 2709 4080 castro

443 4121 755 4205 Kwszug,
797 4118 912 4186 vbi
943 4139 1089 4186 cum
1121 4119 1260 4186 suis
1291 4124 1429 4184 tam
1460 4117 1632 4184 caris
1664 4135 1862 4199 quam
1892 4116 2147 4184 familia
2179 4117 2713 4187 commendabili-

447 4229 569 4295 bus
603 4228 770 4294 actis
802 4225 1019 4295 extitit
1049 4226 1506 4311 triumphator,
1552 4226 1777 4292 decem
1807 4244 2075 4293 numero
2110 4223 2193 4292 de
2222 4246 2342 4294 suo
2373 4228 2714 4297 consorcio

437 4342 595 4404 sunt
644 4335 934 4404 letaliter
982 4334 1329 4418 uulnerati,
1382 4354 1502 4421 per
1551 4353 1824 4420 quorum
1874 4332 2291 4402 victoriosum
2342 4334 2713 4404 conflictum

443 4442 633 4513 nobis
665 4443 844 4511 idem
891 4451 1178 4512 castrum
1210 4441 1497 4511 reddidit
1531 4442 1635 4511 uis
1669 4441 1952 4509 celestis.
1995 4439 2073 4508 In
2106 4441 2481 4510 memoriam
2512 4442 2714 4528 igitur

439 4558 543 4621 tot
570 4557 637 4619 et
665 4556 996 4620 tantorum
1015 4550 1469 4639 seruicior(um
1502 4550 1675 4638 eiu)s
1706 4555 2074 4618 nontamen
2091 4549 2157 4617 in
2175 4549 2438 4636 plenam
2469 4571 2715 4622 recom-

442 4659 932 4748 pensacionem,
984 4680 1129 4728 cum
1162 4661 1357 4746 longe
1390 4660 1601 4728 minus
1633 4657 1742 4747 sit,
1774 4656 1950 4743 quod
1997 4657 2061 4724 ei
2094 4656 2425 4728 offerimus
2473 4660 2543 4726 in
2572 4679 2715 4746 pre-
