3359 5250
1388 386 1474 455 67

285 581 516 673 nandi,
567 603 690 651 nec
721 584 853 652 alio
884 586 1077 654 modo
1130 586 1198 653 in
1229 586 1518 671 aliquam
1574 605 1927 673 personam
1966 588 2404 657 transferendi
2435 609 2567 657 non

285 692 545 761 habeat
599 691 1014 781 facultatem5
1077 694 1366 763 fenetum
1417 695 1627 763 eciam
1677 697 2101 784 septuaginta
2149 697 2448 782 iugerum
2499 696 2569 763 in

288 803 532 872 eadem
555 809 750 890 terra,
784 810 853 873 et
879 805 1205 893 piscinam
1235 825 1382 873 cum
1406 806 1549 874 loco
1582 806 1937 893 piscature,
1965 806 2140 891 quod
2170 807 2343 893 wigo
2370 818 2564 896 toqna

291 911 562 998 dieitur,
596 919 663 979 et
693 913 974 981 insulam
1008 933 1413 982 communem
1464 934 1609 982 cum
1640 913 1795 1000 aliis
1826 916 2069 1000 mnltis,
2119 916 2232 983 ubi
2266 922 2416 983 sunt
2444 916 2571 982 uir-

289 1019 486 1102 gulta
511 1025 578 1086 et
605 1019 839 1105 viginti
884 1029 1136 1109 septem
1168 1023 1439 1091 arbores
1471 1022 1597 1109 piri
1630 1023 1974 1108 siluestris,
2019 1024 2105 1090 ab
2137 1023 2273 1090 illis
2327 1023 2562 1090 castris

292 1134 645 1214 exemptas
694 1126 907 1195 eidem
955 1129 1248 1196 Ecclesie
1297 1130 1691 1198 contulimus
1710 1181 1728 1214 ,
1793 1130 1930 1198 iure
1981 1137 2296 1218 perpetuo
2357 1131 2563 1218 possi·

290 1235 576 1303 dendas.
625 1235 914 1303 Nomina
960 1256 1115 1304 uero
1145 1236 1672 1323 supradictorum
1719 1239 2154 1305 castrensium
2187 1247 2340 1306 sunt
2400 1239 2558 1304 hec:

290 1342 539 1430 Botha,
573 1344 711 1431 Cel,
743 1346 1023 1431 Tywan‚
1057 1346 1361 1431 Pincusd,
1386 1347 1630 1432 Bugar,
1664 1345 1917 1431 Boxud,
1942 1345 2109 1416 Hete
2140 1355 2207 1414 et
2223 1346 2563 1414 Nicolaus.

290 1451 386 1519 vt
415 1450 619 1537 igitur
645 1455 836 1522 huius
885 1461 1107 1524 nostre
1141 1455 1581 1524 concessionis
1614 1454 1817 1521 series
1855 1454 2045 1522 salua
2078 1460 2145 1520 et
2174 1455 2566 1523 inconcussa

292 1567 728 1649 permaneat3
780 1569 1148 1648 presentem
1196 1562 1508 1649 paginam
1542 1561 1824 1648 duplicis
1875 1561 2079 1647 sigilli
2110 1564 2320 1630 nostri
2366 1562 2572 1629 muni-

291 1667 481 1735 mine
530 1667 838 1737 duximus
868 1668 1328 1737 roborandam.
1381 1671 1623 1737 Datum
1654 1667 1838 1735 Bude
1889 1689 2062 1738 anno
2094 1670 2440 1737 Dominice
2478 1672 2573 1736 In-

294 1776 719 1844 carnacionis
749 1778 841 1843 M⁰
865 1775 995 1844 000
1015 1777 1235 1844 XXX⁰
1267 1798 1458 1866 nono,
1494 1775 1782 1844 secundo
1814 1796 2022 1844 nonas
2052 1777 2305 1863 Marcii,
2356 1778 2570 1863 Regni

294 1893 528 1952 autem
556 1885 765 1955 nostri
799 1906 974 1955 anno
1021 1893 1275 1971 quarto.

745 2084 956 2151 (Knauz
982 2081 1219 2148 Nandor,
1245 2087 1478 2152 Mag-yar
1507 2085 1641 2138 Sion
1665 2085 1740 2136 11.
1764 2084 1880 2135 ἰδὲ.
1907 2084 2029 2135 437.
2064 2083 2125 2150 l.)

1392 2892 1503 2961 46.

311 3094 433 3161 IV.
467 3091 635 3160 Baa
666 3089 879 3179 hir-aly
898 3090 1139 3159 Cam&
1168 3093 1233 3157 6⁸
1261 3089 1557 3156 rokonait
1586 3111 1629 3154 α
1659 3088 2021 3176 szeyszdrdi
2037 3090 2310 3173 apdtsdq
2339 3085 2576 3152 azabad

890 3199 1245 3287 jobbetqyai
1271 3198 1459 3263 106226
1483 3217 1756 3262 sorozza.
1797 3195 1992 3259 1239.

559 3397 728 3464 Bela
774 3396 900 3463 Dei
951 3397 1178 3481 gracia
1227 3394 1539 3478 Vugarie,
1594 3391 1954 3474 Dalmacie,
2006 3388 2297 3475 Croacie,
2349 3392 2574 3476 Rame‚

315 3506 571 3590 Seruis,
603 3502 877 3591 Galicie,
912 3501 1319 3586 Lodomerie,
1354 3501 1794 3583 Cumanieque
1827 3502 1965 3566 Rex
2004 3498 2303 3565 omnibus
2336 3496 2579 3564 Christi

318 3611 633 3681 fidelibus
673 3629 944 3698 presens
994 3609 1303 3695 scriptum
1334 3606 1724 3693 inspecturis
1772 3606 2052 3672 salutem
2086 3605 2153 3672 in
2185 3623 2283 3688 eo,
2337 3604 2450 3688 qui
2481 3609 2583 3671 est

319 3723 507 3790 salus
540 3720 828 3786 omnium
875 3718 943 3784 in
976 3736 1048 3784 se
1079 3714 1510 3785 credencium.
1559 3714 1704 3781 Etsi
1736 3716 1940 3782 uirtus
1978 3712 2270 3798 quelibet
2301 3730 2419 3779 suo
2452 3732 2581 3779 non

324 3831 568 3898 debeat
597 3827 848 3915 premio
897 3823 1314 3910 defraudari3
1367 3823 1651 3890 fidelitas
1680 3828 1904 3889 tamen
1954 3840 2031 3888 eo
2082 3818 2583 3886 habundancius

325 3946 428 4006 est
473 3934 839 4005 attollenda
886 3934 1285 4022 premiisque
1334 3930 1803 4019 temporalibus
1842 3929 2235 4016 propensius
2285 3945 2583 4013 compen·

326 4047 562 4132 sanda,
594 4050 840 4128 quanto
890 4043 1039 4130 ipsa
1070 4049 1321 4110 ceteras
1352 4041 1627 4107 uirtutes
1679 4037 1985 4125 politicas
2032 4033 2379 4120 antecedit,
2431 4034 2586 4100 licet

329 4175 589 4223 omnem
634 4151 1060 4239 temporalem
1124 4149 1537 4217 affluenciam
1596 4167 1727 4214 non
1780 4143 2082 4212 inmerito
2145 4141 2581 4209 transcendat.

329 4264 499 4332 Hinc
531 4270 653 4349 est,
685 4261 858 4347 quod
887 4260 978 4328 ad
1007 4261 1457 4328 uniuersorum
1488 4253 1797 4322 noticiam
1822 4250 2232 4339 presencium
2266 4269 2345 4316 ac
2376 4256 2587 4332 poste-

332 4394 555 4442 rorum
584 4372 819 4439 harum
855 4378 1083 4436 tenore
1118 4366 1416 4434 uolumus
1448 4361 1811 4451 peruenire,
1846 4359 2021 4444 quod
2060 4378 2206 4426 cum
2234 4355 2445 4424 fidelis
2479 4376 2586 4423 no·

333 4488 468 4550 ster
496 4478 740 4548 Chertu
771 4498 815 4545 a
845 4476 1155 4565 primeuis
1187 4473 1476 4563 puericie
1508 4477 1731 4540 nostre
1769 4475 1832 4536 et
1853 4487 1969 4536 sue
2000 4461 2402 4554 temporibus
2444 4485 2590 4532 con-

334 4596 585 4658 stanter
635 4587 827 4656 nobis
879 4584 1202 4653 adherens
1252 4581 1693 4650 indesinenter
1740 4584 1807 4644 et
1856 4573 2187 4645 indefesse
2235 4571 2481 4640 utiliter
2511 4592 2591 4639 ac

334 4699 638 4785 fideliter,
689 4698 758 4765 in
789 4699 1016 4781 Regno
1069 4703 1134 4763 et
1183 4700 1371 4761 extra
1402 4696 1721 4778 Regnum,
1772 4687 2055 4755 maxime
2104 4705 2249 4750 cnm
2298 4688 2592 4768 tempore
2616 4704 2640 4725 ι-

2187 4802 2264 4855 5*
