3359 5250
1781 320 2013 419 ‚336

818 498 1093 583 dignum
1126 498 1471 584 inveneris,
1525 516 1720 585 super
1751 497 2009 566 defectu
2040 495 2381 580 natalium,
2415 491 2763 562 dummodo
2785 491 2871 560 de
2899 490 3081 557 adul·

817 605 1005 691 terio,
1055 605 1163 673 vel
1192 604 1563 675 incestuoso
1618 604 1793 674 coitu
1843 613 2038 675 natus
2087 626 2216 673 non
2263 605 2372 692 sit,
2424 603 2807 673 auctoritate
2855 602 3083 666 nostra

824 712 1215 801 dispensans
1235 712 1447 801 ipsum
1469 714 1697 781 valeas
1729 712 1935 781 libere
1967 713 2035 781 in
2053 711 2453 800 Episcopum
2472 712 2799 781 ordinare.
2832 713 3082 780 Datum

820 819 1124 906 Lugduni
1174 823 1252 890 V.
1306 822 1632 890 kalendas
1685 818 2107 909 Septembris.
2170 818 2597 890 Pontificatus
2644 820 2852 890 nostri
2902 839 3082 888 anno

814 927 1062 1013 quinto.

1475 1071 1791 1140 (Turgenev
1814 1071 1890 1124 id.
1914 1087 1983 1124 m.
2012 1072 2059 1124 1.
2084 1070 2199 1125 kot-
2225 1069 2313 1125 63.
2331 1071 2392 1137 1.)

1687 1358 2202 1371 Ἥ

1873 1837 2033 1907 168.

820 2039 941 2105 IV.
976 2039 1160 2105 Incze
1183 2043 1371 2125 pdpa
1423 2037 1861 2124 uqyanahhoz,
1911 2036 2073 2124 hoqy
2103 2035 2343 2103 Dcim'el
2386 2038 2690 2123 qalicziai
2731 2038 3078 2127 Ιαξνάὶῃπάλ,

1027 2145 1093 2211 ki
1117 2146 1383 2211 ‹zo-cimai
1406 2143 1742 2231 eqyltdzzal
1768 2144 2061 2232 owe-snut,
2088 2143 2526 2231 mokepjdm‘on
2554 2145 2629 2212 el.
2657 2141 2856 2211 1247.

1029 2339 1451 2409 Innocentius
1500 2336 1869 2428 Episcopus
1920 2356 2147 2407 servus
2180 2357 2514 2408 servorum
2542 2341 2669 2409 Dei
2706 2343 3075 2411 venerabili

821 2446 1011 2517 fratri
1041 2500 1058 2517 .
1094 2497 1111 2515 .
1146 2497 1163 2515 .
1202 2444 1712 2535 Archiepiscopo
1760 2446 2028 2515 Prussie
2048 2497 2068 2532 ,
2119 2444 2394 2516 Livonie
2432 2453 2498 2517 et
2543 2448 2816 2520 Estonie
2833 2500 2854 2535 ‚
2905 2453 3074 2539 Apo-

819 2554 1052 2630 stolice
1079 2554 1269 2625 Sedis
1300 2556 1553 2644 Legato
1596 2556 1879 2625 salutem
1910 2562 1977 2625 et
2033 2553 2484 2644 Apostolicam
2532 2556 3072 2629 benedictionem.

817 2665 1001 2735 Sicut
1034 2683 1283 2751 omnes,
1315 2684 1480 2752 quos
1512 2668 1702 2733 extra
1748 2663 2015 2732 archam
2045 2663 2297 2735 invenit
2347 2663 2685 2755 diluvium,
2716 2667 3069 2756 perierunt,

821 2773 917 2841 ita
947 2792 1194 2859 omnes,
1226 2771 1338 2856 qui
1367 2778 1518 2841 sunt
1569 2777 1759 2840 extra
1807 2771 2322 2841 communionem
2371 2773 2689 2861 Ecclesie,
2738 2773 2870 2843 nisi
2921 2796 3071 2845 con-

817 2881 993 2949 versi
1024 2879 1112 2949 ad
1145 2881 1288 2967 ejus
1319 2881 1639 2951 unitatem
1668 2878 2001 2966 redierint,
2055 2881 2124 2949 in
2155 2884 2380 2949 eterne
2416 2880 2902 2969 dampnationis
2924 2904 3072 2973 sup-

817 2987 1088 3074 plicium
1140 2988 1555 3076 deputantur.
1607 2989 1753 3056 Hac
1811 2986 2136 3075 siquidem
2184 2987 2704 3060 consideratione
2766 2991 3071 3062 inductus

819 3095 1197 3167 carissimus
1229 3097 1297 3165 in
1327 3096 1587 3166 Christo
1618 3096 1790 3165 filius
1815 3101 2034 3165 noster
2062 3095 2303 3164 Daniel
2330 3096 2472 3164 Rex
2501 3097 2734 3166 Russie
2762 3100 3066 3190 Illustris,

813 3204 999 3290 cujus
1032 3208 1313 3273 mentem
1344 3202 1689 3288 Dominus,
1740 3200 1851 3288 qui
1880 3221 2014 3270 non
2045 3200 2186 3268 vult
2215 3207 2484 3271 mortem
2515 3208 2899 3292 peccatoris,
2948 3209 3069 3277 sed

813 3319 885 3382 ut
912 3317 1326 3382 convertatur
1355 3316 1424 3379 et
1450 3310 1653 3395 vivat,
1688 3328 1813 3377 sua
1844 3308 2293 3378 misericordia
2321 3308 2698 3397 illustravit,
2747 3327 2868 3399 per
2899 3314 3063 3382 litte-

814 3441 926 3489 ras
957 3420 1282 3507 speciales
1331 3425 1399 3487 et
1427 3416 1715 3503 nuntios,
1766 3436 1929 3502 quos
1975 3423 2239 3505 propter
2281 3417 2406 3487 hoc
2452 3418 2814 3490 transmisit
2859 3443 3069 3510 nuper

815 3528 903 3598 ad
932 3535 1223 3598 nostram
1270 3525 1690 3615 presentiam,
1741 3544 1888 3593 cum
1919 3524 2283 3595 humilitate
2311 3545 2394 3594 ac
2424 3526 2739 3597 instantia
2784 3533 3066 3616 postula-

811 3637 907 3705 vit
936 3657 979 3705 a
1008 3636 1217 3721 nobis,
1249 3642 1322 3703 ut
1349 3635 1563 3723 ipsum
1591 3640 1659 3701 et
1707 3638 1912 3702 totam
1962 3641 2224 3717 gentem
2276 3654 2357 3702 ac
2380 3636 2675 3722 Regnum
2720 3638 2863 3723 ejus
2912 3639 3065 3706 hac-

811 3751 1001 3813 tenus
1032 3763 1077 3811 a
1106 3742 1260 3811 fidei
1290 3742 1528 3810 unione
1577 3740 1893 3829 precisos,
1925 3741 2014 3808 ad
2052 3740 2365 3810 unitatem
2414 3742 2952 3831 ecclesiasticam,
3002 3753 3067 3813 et

810 3850 1222 3920 devotionem
1252 3847 1546 3918 Ecclesie
1576 3850 1893 3933 Romane,
1926 3863 2054 3934 que
2084 3848 2366 3917 aliarum
2396 3850 2683 3918 omnium
2714 3857 2917 3939 caput
2965 3860 3068 3921 est

811 3963 879 4027 et
896 3959 1237 4044 magistra,
1259 3957 1549 4044 recipere
1580 3954 1662 4023 de
1683 3955 2083 4042 benignitate
2101 3956 2301 4025 solita
2318 3976 2712 4026 curaremus.
2743 3957 3065 4038 Quocirca

812 4083 1168 4150 monemus,
1203 4070 1525 4148 quatenus
1554 4060 1990 4151 personaliter
2019 4063 2108 4131 ad
2143 4070 2363 4151 partes
2411 4063 2565 4133 illas
2610 4064 2953 4151 accedens,
3008 4067 3066 4134 si

814 4173 1109 4263 prefatus
1138 4173 1281 4241 Rex
1310 4170 1377 4239 in
1409 4180 1545 4240 tam
1579 4177 1808 4241 sancto
1861 4172 2198 4260 proposito
2228 4190 2677 4260 perseverans,
2729 4178 2868 4240 tam
2897 4175 3064 4262 ipse,

813 4302 1010 4369 quam
1060 4278 1573 4368 Archiepiseopi,
1625 4286 1693 4348 et
1719 4278 2053 4367 Episcopi,
2103 4285 2172 4347 et
2199 4279 2317 4347 alii
2344 4280 2691 4367 Magnates
2718 4280 2934 4366 Regni
2962 4282 3066 4352 sui

814 4388 1121 4459 scismate
1153 4386 1447 4473 quolibet
1475 4386 1735 4474 penitus
1772 4388 2090 4475 abjurato,
2143 4387 2563 4475 promiserint
2592 4394 2658 4457 et
2679 4388 3062 4479 juraverint,

811 4518 885 4569 se
917 4498 1001 4566 de
1030 4504 1248 4567 cetero
1278 4497 1350 4567 in
1380 4496 1630 4566 unitate
1660 4495 1835 4582 fidei,
1885 4517 2080 4583 quam
2111 4496 2413 4566 Ecclesia
2441 4497 2738 4567 Romana
2765 4495 3064 4584 predicat

809 4614 878 4677 et
906 4606 1230 4692 observat,
1260 4605 1531 4691 ejusque
1558 4606 1854 4675 Romane
1883 4604 2177 4674 Ecclesie
2204 4604 2551 4673 devotione
2579 4610 2897 4692 perpetuo
2926 4625 3062 4693 per-
