3359 5250
1321 325 1583 423 ‚405⁴

303 543 425 589 uas
459 530 685 609 metas,
721 524 832 589 vbi
864 544 1027 608 opus
1066 523 1315 605 fuisset,
1349 520 1574 590 ordine
1613 521 2044 611 infrascripto,
2092 523 2551 589 reamblatam-

303 652 431 716 quc
461 640 529 701 et
576 632 948 700 distinctam
982 631 1161 698 nullo
1210 629 1470 718 penitus
1521 630 2006 700 contradicente
2057 631 2439 700 statuissent
2490 640 2556 700 et

303 741 718 827 reliquissent
763 741 892 828 ipsi
924 738 1161 807 Comiti
1194 739 1520 809 Antholeo
1580 739 1662 807 dc
1695 759 1933 824 genere
1964 740 2324 809 Hermanni
2364 740 2553 809 fratri

303 851 548 918 Matbie
580 849 902 936 Prepositi
951 849 1032 916 de
1062 849 1309 935 Scepus
1341 855 1659 936 perpetuo
1694 849 2179 936 possidendam,
2218 848 2452 917 vicinis
2483 856 2553 915 et

301 957 764 1027 commetaneis
783 957 918 1026 suis
950 956 1381 1045 presentibus.
1407 955 1606 1024 Cuius
1633 957 1898 1043 quidem
1925 957 2362 1045 possessionis
2384 964 2552 1025 mete

300 1073 367 1134 et
416 1065 875 1134 distincciones
925 1064 1048 1134 boc
1097 1065 1328 1133 ordine
1378 1071 1814 1151 annotantur;
1879 1064 2053 1152 quod
2104 1065 2315 1152 prima
2378 1070 2551 1131 meta

301 1174 591 1243 eiusdem
610 1182 784 1242 terre
813 1195 929 1243 seu
961 1173 1402 1261 possessionis
1422 1175 1672 1242 Mesces
1705 1174 1938 1261 incipit
1955 1192 2037 1241 ex
2067 1178 2256 1261 parte
2274 1178 2548 1261 septem-

301 1283 561 1352 trionali
582 1284 768 1352 iuxta
786 1290 1065 1351 montem
1085 1283 1342 1369 Magita
1360 1303 1444 1352 ex
1467 1290 1654 1370 parte
1676 1282 2112 1366 meridionali,
2144 1283 2330 1350 iuxta
2347 1302 2544 1368 quan-

300 1392 453 1461 dam
472 1393 648 1460 viam
678 1412 760 1459 ex
789 1398 978 1479 parte
1016 1391 1341 1477 orientali,
1377 1410 1502 1474 que
1533 1392 1643 1459 via
1662 1391 1886 1458 veniet
1914 1392 1995 1458 de
2015 1391 2237 1477 Benye
2268 1398 2334 1458 et
2366 1389 2548 1457 vadit

299 1504 368 1569 in
398 1502 665 1589 Mesces,
700 1501 813 1568 ubi
844 1507 995 1568 sunt
1024 1508 1157 1580 tres
1189 1508 1357 1568 mete
1387 1500 1649 1588 lapidee
1678 1502 1924 1588 pariter
1954 1500 2170 1587 posite
2201 1498 2543 1587 capitales,

298 1629 429 1697 que
479 1609 837 1694 distingunt
886 1617 951 1676 et
982 1617 1296 1697 separant
1344 1615 1585 1677 terram
1631 1610 1881 1677 Mesces
1932 1609 2013 1675 de
2061 1614 2235 1675 terra
2282 1608 2542 1693 Benye5

299 1719 540 1786 deinde
572 1717 756 1785 vadit
803 1717 1045 1786 directe
1085 1737 1312 1785 versus
1343 1717 1657 1786 orientem
1705 1719 2063 1806 estiualem‚
2115 1723 2180 1785 ct
2208 1716 2546 1803 perueniet

300 1829 389 1894 ad
415 1825 744 1913 quandam
794 1826 1094 1895 arborem
1128 1826 1296 1894 ilicis
1345 1846 1491 1893 cum
1529 1826 1721 1910 signo
1766 1828 1975 1895 crucis
2019 1826 2367 1912 signatam,
2418 1826 2539 1895 sub

299 1956 435 2021 qua
463 1942 616 2003 sunt
661 1934 790 2002 due
822 1940 992 2002 mete
1022 1941 1256 2019 terree,
1305 1955 1436 2001 vna
1465 1936 1551 2002 ad
1603 1936 1919 2004 orientem
1967 1941 2034 2003 et
2081 1935 2215 2002 alia
2262 1934 2347 2003 ad
2379 1933 2543 2003 occi-

298 2045 598 2131 dentem3
650 2044 886 2113 exinde
916 2042 1100 2111 vadit
1129 2044 1218 2109 ad
1246 2044 1578 2129 orientem,
1631 2051 1700 2110 et
1730 2044 1907 2112 cadit
1936 2046 2004 2113 in
2035 2045 2276 2112 vallem
2317 2044 2540 2111 Burta-

300 2172 467 2240 mas,
496 2159 563 2220 et
590 2153 656 2219 in
685 2151 834 2239 ipsa
850 2151 1023 2219 valle
1053 2150 1510 2220 descendendo
1539 2152 1839 2239 peruenit
1870 2151 2167 2238 adviam,
2207 2172 2333 2236 que
2363 2151 2540 2225 venit

299 2263 384 2330 de
412 2260 649 2347 Patak,
682 2265 749 2329 et
772 2259 955 2328 vadit
970 2280 1198 2329 versus
1229 2259 1564 2344 Kereztur‚
1595 2261 1782 2329 iuxta
1813 2281 2009 2347 quam
2032 2260 2207 2328 viam
2238 2279 2322 2328 ex
2352 2267 2541 2346 parte

299 2369 816 2456 septemtrionali
845 2369 1030 2436 iuxta
1060 2367 1226 2435 duas
1276 2368 1544 2436 arbores
1574 2367 1701 2456 piri
1729 2373 1830 2437 est
1862 2373 2037 2436 meta
2071 2365 2338 2456 lapidea
2367 2368 2538 2456 capi-

295 2477 478 2563 talis,
529 2497 657 2564 que
707 2482 974 2563 separat
1020 2481 1258 2544 terram
1294 2479 1545 2544 Mesces
1596 2476 1679 2543 dc
1726 2482 1903 2545 terra
1950 2477 2308 2545 Tholchwa
2354 2481 2419 2542 et
2456 2476 2538 2544 de

295 2593 474 2656 terra
490 2584 718 2672 Lyzka
738 2584 944 2670 Olazy
964 2610 982 2673 3
1023 2584 1259 2656 deinde
1277 2585 1611 2654 descendit
1639 2586 1707 2653 in
1726 2585 1956 2654 eadem
1976 2586 2149 2654 valle
2168 2589 2535 2672 Burtamas,

295 2705 364 2764 ct
393 2696 573 2764 cadit
587 2698 655 2764 in
683 2696 950 2763 fluuium
972 2693 1256 2781 Budrug,
1288 2716 1478 2780 quem
1500 2695 1768 2764 fluuium
1799 2697 1955 2766 salit
1991 2696 2158 2765 vltra
2183 2696 2426 2765 directe
2448 2696 2536 2764 ad

295 2805 466 2872 duas
496 2805 763 2872 arbores
793 2804 962 2871 ilicis
983 2825 1125 2871 cum
1157 2803 1347 2889 signo
1380 2805 1588 2872 crucis
1618 2806 1933 2892 signatas,
1953 2824 2228 2891 quarum
2257 2824 2388 2871 vna
2404 2810 2537 2872 stat

293 2914 384 2980 ad
413 2911 767 2997 meridiem,
801 2919 869 2980 et
897 2914 1032 2981 alia
1064 2912 1150 2980 ad
1168 2914 1522 2981 australem
1554 2914 1929 3000 meridiem;
1968 2911 2206 2981 exinde
2241 2912 2536 3000 procedit

292 3020 384 3088 ad
416 3021 725 3089 orientem
745 3020 1045 3088 iemalem
1068 3040 1185 3109 per
1216 3020 1494 3108 syluam,
1532 3026 1598 3089 ct
1627 3022 1707 3089 de
1738 3023 1885 3110 ipsa
1916 3022 2110 3108 sylua
2139 3022 2413 3090 exiendo
2446 3021 2534 3089 ad

291 3150 598 3217 campum
627 3129 963 3217 perueniet
1008 3129 1095 3197 ad
1125 3128 1455 3215 quandam
1511 3131 1810 3199 arborem
1839 3129 2007 3199 ilicis
2048 3151 2178 3199 non
2225 3151 2533 3216 magnam

290 3258 442 3305 cum
492 3238 681 3324 signo
732 3239 943 3306 crucis
993 3238 1342 3325 signatam,
1394 3238 1516 3306 sub
1553 3259 1686 3325 qua
1736 3259 1819 3306 ex
1867 3244 2052 3326 parte
2088 3238 2386 3307 orientali
2433 3244 2535 3306 est

291 3352 469 3415 meta
498 3352 713 3414 terrea
733 3368 752 3432 ;
784 3346 1017 3414 exinde
1036 3346 1272 3415 transit
1300 3367 1417 3433 per
1440 3365 1740 3434 campum
1763 3355 1829 3416 et
1855 3367 1973 3433 per
1990 3346 2308 3436 piscinam
2331 3351 2533 3436 pisca·

287 3466 510 3520 ructon
538 3460 977 3540 nuncupatam
1010 3453 1099 3520 ad
1129 3460 1385 3541 partem
1416 3453 1802 3521 orientalem
1832 3454 2210 3540 estiualem;
2258 3461 2326 3522 et
2355 3452 2534 3542 (inde

287 3560 536 3651 veniet)
560 3561 647 3629 ad
669 3560 994 3648 piscinam
1015 3574 1290 3649 arustou,
1310 3561 1397 3629 ad
1417 3559 1729 3650 (partem)
1756 3561 2220 3631 occidentalem
2240 3570 2342 3631 est
2358 3570 2532 3632 meta

285 3680 507 3738 terrea
551 3668 854 3757 capitalis
877 3719 895 3753 ,
941 3688 1067 3754 que
1113 3675 1379 3755 separat
1413 3675 1652 3736 terram
1683 3671 1931 3756 Mesces
1962 3669 2046 3738 de
2093 3678 2268 3739 terra
2300 3673 2528 3760 Lyzka

286 3778 502 3865 Olazy
547 3776 724 3847 etde
770 3783 950 3845 terra
981 3776 1248 3845 Chenke
1280 3814 1365 3826 —
1396 3815 1484 3825 —-
1513 3814 1603 3826 —-
1631 3814 1723 3826 —
1754 3778 1844 3846 ad
1888 3785 2136 3866 partem
2179 3780 2530 3849 australem

284 3884 783 3955 meridionalem
814 3905 1011 3974 super
1030 3886 1184 3953 litus
1215 3885 1506 3954 eiusdem
1537 3903 1793 3956 arastum
1812 3886 2049 3977 (vadit)
2081 3889 2168 3956 ad
2201 3888 2531 3975 quandam

285 4016 525 4063 venam
545 4019 897 4084 pacayaere
934 4000 1390 4082 nuncupatam,
1429 4016 1555 4081 que
1586 3999 1724 4067 exit
1756 3997 1842 4066 de
1870 4036 1958 4048 —
1988 4036 2077 4047 —
2106 4036 2195 4048 -
2226 4036 2316 4048 --
2347 3998 2530 4065 vadit

280 4123 522 4173 versus
554 4102 895 4172 meridiem
925 4103 993 4171 in
1043 4101 1205 4172 locis
1236 4105 1538 4191 syluosls,
1590 4113 1656 4174 et
1685 4107 1767 4174 de
1798 4107 1947 4194 ipsa
1985 4109 2177 4195 sylua
2224 4107 2527 4197 ex(iendo

279 4212 504 4282 veniet
535 4212 651 4301 ad)
703 4214 916 4300 ipsam
946 4230 1202 4298 venam,
1255 4231 1338 4280 ex
1388 4219 1573 4299 parte
1622 4216 1924 4285 orientali
1963 4226 2064 4287 est
2110 4224 2285 4286 meta
2331 4238 2531 4306 super

279 4324 517 4392 arbore
536 4322 707 4391 ilicis
727 4342 871 4390 cum
889 4322 1081 4410 signo
1104 4322 1315 4391 crucis
1337 4324 1600 4408 signata
1621 4350 1636 4411 ;
1672 4325 1910 4395 deinde
1941 4325 2211 4396 exiendo
2231 4333 2298 4394 et
2315 4327 2526 4396 eundo

280 4432 372 4500 ad
399 4438 654 4520 partem
684 4431 1042 4500 australem
1063 4430 1548 4500 meridionalem
1580 4436 1919 4523 perueniet
1956 4434 2043 4502 ad
2060 4455 2255 4503 vnam
2286 4444 2525 4504 metam

279 4548 562 4609 terream
585 4564 602 4626 ;
635 4538 874 4609 deiude
892 4539 1074 4607 vadit
1092 4558 1316 4607 versus
1341 4539 1697 4628 meridiem,
1729 4548 1796 4610 et
1823 4542 1992 4614 inter
2008 4542 2295 4631 piscinas
2305 4545 2524 4632 seque·

281 4663 443 4717 mou
481 4656 548 4717 et
575 4686 663 4697 --
697 4686 785 4697 -
815 4683 904 4695 -—
935 4654 1342 4735 nuncupatas
1393 4657 1542 4722 sunt
1590 4655 1721 4719 tres
1758 4658 1927 4720 mete
1974 4652 2233 4740 lapidee
2281 4653 2522 4740 pariter
