3359 5250
1850 371 1982 438 286

1748 466 1823 475 0——

2003 465 2059 475 ο-

781 583 923 631 mus
956 566 1332 650 pervenire:
1385 564 1561 650 quod
1600 567 1986 637 constitutus
2039 570 2108 636 in
2138 568 2485 657 presencia
2529 577 2756 639 nostra
2803 568 3035 635 Petrus

782 670 951 739 filius
984 672 1270 739 Zobuslo
1324 672 1594 742 Comitis
1623 675 1860 762 petiuit
1890 695 1933 741 a
1963 676 2159 744 nobis
2205 676 2534 744 humiliter
2564 684 2631 745 et
2660 675 2919 763 deuote,
2966 681 3041 741 vt

781 777 1080 846 defuncte
1111 781 1295 847 vxori
1337 799 1455 847 sue
1485 778 1618 846 filio
1649 782 1841 850 Petro
1868 802 1951 849 ex
1984 782 2388 868 benignitate
2416 783 2627 869 Regia
2656 783 3038 850 concedere-

781 906 943 972 mus,
993 894 1068 954 vt
1096 888 1439 975 pecuniam
1488 909 1569 957 ac
1600 891 2056 977 possessiones
2105 893 2266 977 eius,
2320 912 2484 977 quas
2534 892 2620 958 ab
2648 890 2796 979 ipso
2844 891 3037 958 Petro

782 996 1013 1064 marito
1047 1015 1166 1064 suo
1219 996 1391 1065 dotis
1421 998 1686 1066 nomine
1734 1000 2155 1087 possidebat,
2208 1001 2363 1085 quia
2403 999 2719 1067 heredum
2772 998 3042 1066 carebat

782 1104 1051 1189 solacio,
1085 1104 1346 1173 filiabus
1380 1113 1446 1173 et
1475 1106 1825 1191 nepotibus
1856 1107 1998 1175 eius
2030 1117 2253 1194 posset
2280 1107 2474 1196 pleno
2506 1109 2645 1174 iure
2670 1106 3039 1189 relinquere

782 1213 1235 1301 possidendas.
1286 1215 1426 1282 Nos
1467 1223 1687 1284 autem
1717 1215 2026 1302 peticioni
2078 1216 2220 1283 eius
2250 1214 2701 1283 fauorabiliter
2750 1232 3038 1282 annuen-

783 1328 905 1407 tes,
939 1320 1194 1390 dilectis
1235 1328 1301 1389 et
1328 1322 1629 1391 fidelibus
1663 1323 1901 1392 nostris
1932 1323 2205 1391 Albensi
2240 1323 2546 1411 capitulo
2576 1322 2819 1391 nostris
2865 1321 3043 1389 dedi·

786 1450 932 1497 mus
962 1431 1200 1498 litteris
1229 1433 1301 1498 in
1329 1431 1660 1515 mandato,
1691 1441 1764 1500 vt
1797 1433 2248 1500 ordinaciones
2277 1431 2436 1500 dicti
2464 1432 2644 1499 Petri
2671 1437 2736 1497 et
2766 1430 3042 1516 Agnetis

784 1538 1008 1606 vxoris
1039 1559 1157 1607 sue
1187 1542 1638 1626 permitterent
1669 1561 1887 1609 coram
1923 1541 2039 1625 eis,
2074 1547 2141 1608 et
2168 1560 2518 1629 processus
2551 1560 2774 1607 eorum
2804 1539 3043 1607 seriem

786 1647 998 1733 nobis,
1040 1648 1210 1715 sicut
1240 1656 1561 1734 ageretur,
1615 1670 1734 1737 per
1782 1651 2073 1718 ordinem
2103 1651 2296 1718 nobis
2327 1649 2606 1717 fideliter
2646 1648 3041 1714 intimarent.

786 1755 988 1823 Cuius
1018 1756 1275 1823 litteras
1327 1757 1656 1842 sigillatas
1688 1766 1975 1827 tenorem
2029 1758 2515 1825 ordinacionum
2551 1756 2870 1823 dictarum
2902 1774 3047 1820 con·

784 1865 1087 1950 tinentes,
1124 1863 1487 1951 recepimus
1517 1865 1637 1931 sub
1667 1867 1795 1932 hac
1820 1864 2072 1931 forma:

1004 1970 1378 2058 Capitulum
1410 1971 1707 2039 Ecclesie
1738 1971 2050 2039 Albensis
2084 1972 2206 2039 stb.
2234 1970 2427 2059 (mint
2446 1970 2643 2037 alabb
2665 1972 2816 2040 207.
2836 1992 2928 2038 sz.
2948 1970 3048 2055 a.)

1002 2080 1139 2147 Nos
1172 2083 1390 2145 autem
1423 2080 1743 2166 premissa
1793 2079 2012 2146 omnia
2041 2086 2188 2145 rata
2225 2080 2560 2165 habentes,
2612 2084 2923 2163 quantum
2974 2076 3048 2141 in

788 2186 979 2253 nobis
1013 2193 1132 2272 est,
1166 2193 1231 2253 et
1261 2187 1467 2270 firma,
1498 2206 1578 2253 ac
1610 2186 1968 2255 secundum
1999 2188 2529 2255 consuetudinem
2560 2187 2770 2271 Regni
2813 2206 3051 2272 appro-

787 2295 1041 2380 bantes,
1079 2295 1477 2363 authoritate
1509 2295 1870 2363 litterarum
1917 2296 2324 2383 presencium
2375 2296 2822 2363 confirmamus
2874 2314 3050 2361 com·

787 2401 1150 2468 munientes
1185 2402 1405 2487 sigillo
1435 2408 1657 2472 nostro
1692 2404 1956 2490 duplici,
2006 2424 2092 2471 ne
2122 2408 2351 2472 contra
2400 2402 2852 2471 ordinaciones
2905 2422 3049 2487 pre-

786 2516 1051 2578 taxatas
1082 2511 1301 2578 valeat
1333 2530 1646 2597 processu
1677 2512 1991 2599 temporis
2032 2510 2402 2598 calumpnia
2440 2530 2555 2578 seu
2586 2516 3049 2577 nocumentum

789 2617 1060 2703 aliquod
1091 2618 1390 2698 suboriri.
1426 2620 1667 2687 Datum
1690 2641 1862 2687 anno
1893 2618 2383 2689 Incarnacionis
2404 2617 2746 2685 Dominice
2777 2615 3047 2683 millesi-

791 2747 895 2793 mo
927 2724 1057 2792 00⁰
1076 2727 1225 2793 XL⁰
1256 2747 1447 2813 nono,
1481 2727 1673 2796 nonis
1708 2727 2028 2814 Octobris,
2060 2726 2273 2811 Regni
2303 2734 2521 2793 autem
2551 2725 2759 2793 nostri
2808 2732 3047 2809 quarto

790 2833 1064 2901 decimo.

797 3030 986 3098 (Garai
1027 3032 1228 3086 Miklos
1270 3030 1440 3086 nidor
1490 3035 1712 3088 1416-ki
1756 3030 2070 3095 atiratabok
2113 3030 2273 3084 nebai
2315 3032 2592 3097 Kaainczy
2635 3027 2822 3083 Gabor
2864 3028 3053 3080 kbzle-

1812 3122 2044 3190 menye.)

1653 3409 2191 3421 ——-—-—

1852 3850 2010 3921 203.

795 4029 844 4100 I
850 4031 918 4100 V.
959 4035 1120 4102 Be'la
1147 4025 1355 4121 hio-aly
1383 4031 1867 4123 helybenhaqyja
1897 4033 2095 4116 Pe'ter,
2145 4029 2417 4100 Zobuslo
2447 4053 2640 4099 comes
2668 4029 2902 4117 fidnak
2947 4030 3059 4095 in-

796 4143 1138 4226 tdzkeddse't,
1187 4143 1349 4230 mely
1383 4143 1565 4225 dltal,
1601 4143 1701 4227 fia
1729 4165 1868 4207 nem
1897 4143 2086 4224 le've'n,
2136 4140 2399 4207 birtokcit
2444 4142 2774 4229 lednyaira
2802 4139 3059 4227 hayyta-

797 4251 832 4276 ’
1826 4245 2023 4313 1249.

1011 4443 1176 4514 Bela
1219 4446 1346 4513 Dei
1392 4445 1623 4532 gracia
1667 4445 2025 4533 Hungarie,
2076 4444 2438 4531 Dalmacie,
2490 4442 2780 4529 Croacie,
2828 4441 3062 4531 Rama,

799 4553 1047 4643 Seruio,
1083 4553 1381 4643 Gallicie,
1416 4555 1806 4625 Lodomerie
1836 4555 2279 4642 Cumanieque
2300 4558 2443 4623 Rex
2471 4552 2795 4622 Vniuersis
2817 4550 3070 4620 Christi

802 4661 1121 4750 fidelibus,
1154 4662 1242 4731 ad
1272 4683 1437 4747 qnos
1468 4684 1741 4752 presens
1773 4663 2087 4753 scriptum
2115 4663 2507 4753 peruenerit,
2547 4662 2824 4731 salutem
2853 4659 2922 4727 in
2956 4680 3064 4746 eo,
