3359 5250
1825 374 1958 449 466

761 582 1105 664 tassemus,
1157 574 1330 645 idem
1361 576 1474 665 pia
1505 579 2038 648 consideracione
2064 577 2368 647 inductus
2398 578 2680 666 singula,
2732 598 2856 666 que
2893 573 3020 646 sibi

767 686 1164 773 dicebamus,
1202 682 1396 752 corde
1428 687 1822 773 recolligens
1854 686 2151 775 pleniori,
2202 706 2283 754 ne
2313 706 2430 774 per
2459 688 2673 774 ipsum
2719 685 3022 769 cuiquam

765 793 1196 881 preiudicium
1228 796 1435 879 fieret,
1469 814 1512 860 a
1541 815 1668 881 quo
1703 796 1996 882 graciam
2028 796 2468 882 prestolantur
2505 793 2807 881 vniuersi,
2839 792 3022 882 ipsos

769 924 811 969 a
843 904 964 971 tali
996 909 1152 971 nota
1183 922 1331 971 eum
1382 902 1517 971 suis
1551 902 1742 971 terris
1780 903 2145 989 eximendo,
2198 903 2483 971 maxime
2510 923 2629 990 pro
2680 902 2926 970 meritis
2957 911 3025 970 et

774 1011 1073 1080 seruiciis
1104 1011 1403 1099 Magistri
1437 1012 1774 1081 Benedicti
1804 1012 2061 1098 Notarij
2091 1012 2424 1081 karissimi
2456 1012 2574 1080 filii
2624 1011 2728 1079 sui
2780 1011 3027 1081 domini

768 1104 969 1208 Regis
1021 1120 1341 1207 Stephani
1391 1120 1616 1189 fratris
1667 1122 2041 1209 eorundem,
2091 1122 2203 1208 qui
2251 1119 2513 1205 quidem
2560 1119 2844 1188 seruicia
2892 1119 3027 1207 ipsi

770 1228 1030 1298 domino
1054 1230 1224 1316 Regi
1244 1230 1337 1298 St.
1373 1249 1415 1296 a
1432 1230 1837 1317 temporibus
1857 1250 1974 1298 sue
2005 1229 2292 1316 puericie
2312 1228 2590 1297 fideliter
2607 1228 3015 1312 exhibuerat,

767 1359 885 1426 per
916 1359 1042 1426 que
1073 1340 1601 1407 remuneracione
1632 1340 1936 1426 ampliori
1966 1339 2194 1407 merito
2221 1339 2434 1407 fuerat
2478 1336 2897 1423 attollendus,
2946 1336 3017 1403 in

768 1469 1101 1517 numerum
1124 1447 1553 1516 seruieneium
1574 1469 1833 1517 suorum
1845 1448 2126 1517 restituit
2146 1468 2292 1516 cum
2311 1448 2598 1537 ipsorum
2620 1445 3017 1536 posteritate,

768 1578 849 1626 ac
880 1566 1191 1646 perpetuo
1223 1558 1587 1628 collocauit.
1644 1557 1932 1638 Quorum
1964 1559 2173 1627 eciam
2223 1567 2542 1626 terrarum
2585 1563 2773 1644 mete,
2824 1561 3021 1644 prout

770 1667 1032 1735 Blasius
1064 1667 1296 1735 Comes
1347 1666 1521 1734 filius
1550 1667 1826 1752 Detrici,
1880 1666 2145 1752 iobagio
2178 1664 2392 1734 Castri
2423 1665 2856 1750 Zaladiensis,
2908 1663 3025 1750 qui

771 1775 858 1843 ad
890 1775 1320 1845 circueundas
1371 1775 1634 1844 easdem
1665 1783 1876 1845 terras
1910 1798 1953 1844 a
1982 1776 2246 1847 domino
2277 1779 2460 1864 Rege
2505 1774 2908 1864 specialiter,
2959 1781 3031 1841 et

773 1885 1047 1954 Sankud
1078 1885 1344 1971 iobagio
1377 1886 1670 1954 eiusdem
1703 1884 1917 1954 Castri
1946 1906 2028 1953 ex
2058 1893 2245 1975 parte
2277 1885 2486 1954 nostri
2531 1882 2717 1952 missi
2745 1882 3027 1969 fueraut,

774 1997 963 2065 nobis
1011 1995 1385 2084 recitarunt,
1436 1996 1561 2065 hoc
1611 1996 1839 2065 ordine
1889 1995 2330 2083 distinguntur
2364 2024 2379 2063 ε
2431 1993 2671 2082 Incipit
2717 1992 2891 2061 enim
2939 1993 3031 2060 ab

776 2107 1021 2175 oriente
1053 2125 1257 2194 supra
1286 2105 1725 2174 molendinum
1762 2105 1969 2193 Suyk,
2020 2105 2133 2174 ubi
2164 2114 2264 2175 est
2296 2111 2472 2173 meta
2502 2111 2753 2191 terrca3
2794 2101 3033 2172 dehinc

774 2235 1001 2284 versus
1052 2216 1385 2284 meridiem
1415 2216 1601 2285 venit
1625 2234 1831 2303 prope
1880 2215 2093 2302 pirum
2123 2216 2455 2300 quendam
2508 2215 2593 2282 ad
2624 2219 2865 2283 metam
2902 2221 3031 2282 ter-

776 2344 994 2412 ream;
1028 2325 1263 2392 deinde
1294 2324 1361 2391 in
1396 2324 1506 2393 uia
1537 2324 1787 2394 directa
1818 2325 2003 2394 uadit
2034 2325 2121 2392 ad
2149 2324 2521 2413 Kysegurd,
2572 2323 2686 2393 ubi
2717 2331 2818 2391 est
2853 2331 3035 2391 meta

775 2442 1028 2519 terrca3
1080 2433 1316 2502 deinde
1350 2436 1647 2524 superius
1699 2436 1767 2502 in
1800 2436 2088 2522 quadam
2116 2459 2299 2525 meqa
2329 2432 2625 2503 ascendit
2674 2433 2762 2502 ad
2793 2441 3037 2501 metam

777 2551 1059 2612 terream
1092 2542 1177 2612 ad
1210 2546 1440 2613 collem
1474 2545 1838 2633 quendam;
1872 2544 2110 2614 deinde
2144 2546 2210 2612 in
2231 2545 2341 2613 via
2378 2545 2464 2613 ad
2489 2544 2767 2631 vallem3
2800 2542 3038 2611 dehinc

776 2653 844 2721 in
876 2675 1119 2739 magna
1136 2655 1270 2743 uia,
1304 2675 1430 2742 que
1459 2655 1646 2722 uadit
1665 2656 1753 2723 ad
1773 2656 2034 2724 domum
2053 2656 2234 2723 Buza
2261 2672 2469 2740 usque
2488 2654 2575 2722 ad
2594 2652 2737 2721 Bud
2775 2671 3036 2740 gepwe,

778 2764 952 2831 circa
983 2783 1173 2850 quem
1207 2763 1420 2831 locum
1452 2763 1742 2832 declinat
1771 2764 1838 2831 in
1864 2790 2039 2855 meqa
2073 2764 2359 2852 quadam
2393 2763 2479 2831 ad
2511 2762 2916 2832 occidentem
2944 2759 3037 2827 ad

779 2872 1039 2958 vallem,
1075 2891 1200 2958 que
1233 2873 1469 2940 dicitur
1487 2874 2002 2962 Wasardwelge,
2036 2874 2146 2942 ubi
2181 2883 2283 2942 est
2301 2881 2475 2941 meta
2505 2883 2757 2956 terrea3
2796 2869 3038 2938 abhinc

780 2981 966 3051 vadit
997 2982 1086 3050 ad
1134 2984 1327 3050 finem
1358 2981 1651 3053 Chichov
1701 3004 1974 3071 gepwe3
2026 2983 2260 3053 dehinc
2308 3002 2535 3052 uersus
2582 2979 2918 3049 meridiem
2965 2980 3037 3047 in

781 3090 1065 3175 quadam
1099 3115 1279 3179 meqa
1310 3092 1495 3161 uadit
1514 3092 1598 3160 ad
1632 3093 1870 3160 siluam
1902 3098 2029 3177 nir,
2063 3093 2176 3161 ubi
2207 3100 2306 3161 est
2326 3097 2536 3178 meta;
2569 3088 2807 3158 deinde
2837 3088 3039 3156 decli·

781 3207 896 3267 nat
917 3218 1145 3267 uersus
1176 3198 1602 3286 occidentem,
1636 3202 1799 3268 etin
1833 3200 2065 3269 eadem
2085 3200 2258 3270 silua
2288 3200 2477 3269 uadit
2505 3220 2624 3287 per
2658 3205 2792 3266 tres
2826 3202 3039 3265 metas

781 3316 1054 3394 terreas,
1107 3317 1172 3377 et
1204 3309 1339 3375 exit
1367 3308 1448 3375 de
1479 3309 1711 3377 eadem
1745 3310 1918 3378 silua
1949 3308 2036 3378 ad
2067 3316 2307 3378 metam
2339 3316 2642 3394 terream,
2683 3313 2751 3375 et
2781 3307 2853 3374 iu
2882 3324 3040 3393 qua-

786 3417 938 3485 dam
969 3442 1146 3505 meqa
1178 3418 1363 3486 uadit
1412 3420 1715 3507 superius
1767 3420 1854 3488 ad
1889 3420 2277 3508 aquilonem,
2328 3428 2395 3488 et
2428 3419 2565 3488 exit
2602 3416 2688 3487 ad
2738 3418 2915 3486 uiam
2949 3413 3039 3482 ad

785 3532 1026 3592 metam
1057 3531 1356 3616 terream,
1403 3528 1472 3595 in
1509 3548 1640 3613 qua
1671 3528 1784 3596 uia
1815 3529 1946 3595 itur
1977 3529 2065 3596 ad
2096 3528 2443 3597 ecclesiam
2475 3526 2701 3594 Sancti
2724 3523 3035 3611 Georgij3

785 3633 1021 3702 deinde
1051 3634 1119 3702 in
1169 3636 1399 3704 eadem
1430 3637 1541 3705 via
1571 3637 1762 3706 uadit
1809 3656 2017 3723 usque
2051 3638 2136 3705 ad
2164 3637 2399 3725 locum,
2452 3637 2564 3705 ubi
2598 3634 2829 3704 eadem
2856 3641 3037 3703 terra

787 3751 1133 3833 separatur
1163 3766 1206 3812 a
1233 3750 1410 3812 terra
1442 3745 1725 3834 Dionisij
1759 3745 1876 3833 filij
1911 3745 2182 3816 Comitis
2214 3744 2505 3834 Georgij,
2557 3752 2626 3815 et
2653 3743 2888 3813 eadem
2926 3742 3039 3809 uia

787 3860 1054 3940 separat
1101 3853 1315 3942 ipsam
1364 3862 1608 3923 terram
1659 3875 1778 3943 per
1827 3864 2036 3924 metas
2090 3855 2396 3941 antiquas
2446 3874 2489 3921 a
2533 3861 2712 3922 terra
2759 3850 3041 3941 predicti

789 3962 1069 4048 Dionisij
1102 3981 1306 4047 usque
1339 3961 1428 4031 ad
1459 3963 1695 4053 locum,
1744 3965 1855 4052 qui
1888 3964 2129 4033 dicitur
2159 3964 2569 4053 Bokonhyda,
2613 3961 2726 4030 ubi
2756 3960 2935 4029 cadit
2969 3959 3038 4027 in

789 4091 1026 4156 aquam
1060 4069 1309 4158 Karka,
1344 4077 1410 4140 et
1439 4073 1510 4142 in
1541 4073 1775 4140 eadem
1809 4093 1983 4159 aqua
2015 4072 2199 4141 uadit
2218 4075 2518 4161 superius
2549 4091 2756 4157 usque
2786 4069 2874 4138 ad
2912 4089 3042 4138 mc·

790 4187 926 4248 tam
957 4178 1261 4269 priorem,
1314 4188 1379 4248 et
1409 4180 1505 4248 sic
1535 4183 1939 4252 terminatur.
1990 4182 2071 4252 In
2103 4182 2288 4251 cuius
2326 4182 2422 4250 rei
2470 4181 2847 4249 memoriam
2896 4197 3042 4266 pre·

792 4297 1008 4356 sentes
1041 4289 1295 4356 litteras
1327 4291 1767 4361 concessimus
1799 4290 2005 4378 sigilli
2036 4291 2243 4360 nostri
2292 4289 2645 4359 munimine
2676 4289 3042 4357 roboratas.

791 4398 1035 4465 Datum
1082 4419 1253 4467 anno
1285 4399 1372 4466 ab
1402 4401 1871 4471 Incarnacione
1902 4399 2172 4470 Domini
2220 4398 2571 4469 millesimo
2600 4396 3046 4467 ducentesimo

792 4508 1331 4597 quinquagesimo
1368 4510 1670 4599 septimo.

791 4653 1067 4723 <Eredetie
1090 4653 1437 4726 borhArtyan,
1473 4656 1728 4725 melynek
1752 4655 1875 4712 :old
1899 4656 2353 4726 selyemzslndron
2378 4657 2601 4727 fuggott
2625 4652 2869 4724 pecsetJe
2906 4653 3047 4708 elva·

1310 4756 1463 4812 nott,
1490 4763 1524 4802 a
1548 4749 1716 4802 budai
1740 4749 1843 4802 kir.
1870 4749 2115 4802 kamarai
2140 4743 2522 4817 levhltlrban.)
