3359 5250
1403 389 1483 456 81

295 579 680 666 patrocinio
729 581 1133 654 roborantes.
1186 585 1430 654 Datum
1461 586 1717 657 Jaurini
1767 609 1940 659 anno
1989 593 2076 660 ab
2107 594 2577 667 Inearnacione

299 688 584 757 Domini
612 692 707 758 Μ·
725 689 858 758 00⁰
877 692 1200 761 XXXIX?

401 865 687 935 (Ei-edetis
711 870 1061 941 b6rhartyam
1101 876 1329 943 melyrssl
1352 892 1417 929 aa
1440 880 1649 947 egykor
1675 877 1848 949 fflggb'
1871 880 2056 950 pecset
2081 880 2198 936 mar
2223 883 2481 939 elveszett

844 978 879 1014 a
902 965 1292 1030 pannonhalmi
1317 964 1605 1035 foapitshg
1631 966 2048 1037 leveltaraban.)

1388 1733 1499 1801 53.

294 1907 526 1973 Endrc
556 1907 1082 1996 orszciqbiro'nak,
1134 1934 1174 1975 a
1206 1914 1416 1979 midor
1446 1938 1820 2002 uyyanazon
1866 1921 2277 1990 intdzlceddset
2314 1926 2567 2014 helyben

1102 2017 1313 2107 haqyo'
1340 2024 1563 2088 itc‘leta
1598 2025 1795 2090 1239.

525 2212 824 2281 Andreas
873 2214 1048 2282 filius
1101 2216 1447 2303 Seraphini
1483 2216 1677 2287 Cui-ie
1723 2221 1932 2309 Regie
1961 2224 2178 2294 Judex
2229 2236 2296 2296 et
2334 2229 2569 2318 Comes

298 2322 390 2389 de
418 2322 644 2388 Poson
692 2322 992 2389 omnibus
1022 2332 1362 2409 presentes
1392 2323 1646 2394 litteras
1677 2328 2071 2417 inspecturis
2109 2337 2408 2405 salutem.
2461 2338 2568 2408 Ad

296 2431 758 2498 vniuersorum
814 2437 948 2498 tam
996 2433 1405 2520 presencium
1457 2455 1652 2518 quam
1698 2436 2052 2509 futurorum
2083 2445 2380 2516 volumus
2428 2470 2569 2537 per-

297 2540 533 2606 uenire
564 2538 894 2623 noticiam,
942 2541 1118 2625 quod
1150 2561 1295 2608 cum
1327 2542 1594 2628 quidam
1625 2546 2162 2620 clericus'Pouka
2190 2556 2452 2623 nomine
2483 2558 2566 2626 de

295 2647 470 2713 villa
501 2647 775 2731 Kayaar
806 2646 1133 2715 Abbatem
1164 2649 1389 2717 Sancti
1420 2651 1685 2720 Martini
1725 2656 1806 2724 de
1833 2659 2035 2728 Sacro
2066 2663 2286 2732 Monte
2316 2665 2567 2735 Panno-

298 2755 415 2821 nie
447 2754 719 2822 citatum
749 2757 820 2822 in
867 2755 1114 2823 domini
1146 2758 1346 2844 Regis
1378 2761 1652 2827 traxerit
1678 2767 2114 2855 presenciam,
2167 2780 2565 2857 conquestus

302 2870 410 2931 est
439 2863 760 2933 obiiciens
793 2861 1025 2947 eidem,
1058 2864 1237 2948 quod
1267 2872 1507 2934 terram
1527 2888 1715 2937 suam
1746 2879 1811 2941 et
1830 2894 2092 2944 suorum
2115 2888 2564 2968 cognatorum,

297 2974 370 3039 in
402 2971 635 3039 eadem
668 2971 829 3037 villa
857 2972 1136 3056 Kayaar
1180 2971 1588 3062 existentem,
1619 2977 1938 3049 violenter
1989 2992 2054 3051 et
2083 2987 2250 3054 citra
2286 2990 2399 3074 jus
2432 2991 2562 3058 sibi

301 3087 688 3167 vsurpatam
717 3077 1054 3162 detineret,
1091 3085 1279 3161 etse,
1311 3079 1561 3148 scilicet
1588 3083 1805 3171 ipsum
1843 3088 2150 3176 Poucam‚
2203 3100 2267 3162 et
2296 3096 2561 3166 fratrem

298 3208 493 3255 suum
522 3187 697 3253 Pons
728 3187 1007 3273 nomine,
1060 3207 1182 3254 nec
1213 3206 1343 3254 non
1373 3188 1584 3276 ipsius
1615 3202 1950 3281 cognatos,
1992 3218 2264 3283 quorum
2298 3207 2566 3275 nomina

297 3304 454 3364 sunt
483 3297 648 3363 hec:
680 3293 1055 3379 Geruasius‚
1078 3294 1360 3364 Michael
1391 3300 1897 3393 etLaurencius,
1919 3325 2066 3374 cum
2083 3309 2240 3398 filijs
2274 3313 2564 3398 ipsorum

297 3414 533 3473 contra
550 3406 668 3491 jus
698 3405 770 3472 in
815 3402 1268 3471 libertinorum
1307 3405 1506 3472 vellet
1551 3409 1851 3495 redigere
1898 3416 2405 3509 seruitudinem‚
2390 3447 2405 3461 ·
2457 3445 2564 3492 vo-

296 3512 524 3579 luntas
573 3517 795 3579 autem
846 3509 1092 3579 domini
1122 3511 1325 3595 Regis
1376 3520 1443 3579 et
1471 3515 1975 3606 circumspeccio
2028 3545 2294 3596 causam
2334 3550 2562 3600 eorun-

299 3618 454 3686 dem
485 3627 712 3687 nostro
744 3617 1070 3686 commisit
1118 3617 1405 3687 examini
1434 3618 1943 3695 discuciendam.
1994 3632 2290 3702 Instante
2333 3638 2559 3724 itaque

298 3726 580 3793 termino
614 3731 680 3791 et
714 3725 828 3792 die
858 3723 1317 3810 respondendi,
1367 3728 1663 3810 partibus
1695 3751 1914 3802 coram
1947 3738 2135 3807 nobis
2167 3744 2556 3833 constitutis,

297 3835 579 3904 Abbas
560 3854 697 3901 ram
729 3832 939 3899 dictus
972 3832 1230 3899 litteras
1260 3833 1710 3920 priuilegiales
1740 3841 2047 3930 Dionysii
2070 3848 2341 3918 Comitis
2371 3854 2557 3922 Pala-

294 3946 420 4012 tini
472 3941 711 4022 attulit,
764 3946 829 4007 et
875 3938 1064 4006 nobis
1114 3939 1464 4008 manifeste
1513 3951 1956 4038 presentauit3
2009 3974 2283 4038 quarum
2334 3967 2556 4028 tenore

296 4055 596 4139 inspecto
642 4047 1134 4134 intelleximus„
1160 4047 1445 4115 Poucam
1496 4053 1804 4124 clericum
1836 4078 1967 4127 vna
2006 4083 2150 4131 cum
2182 4065 2383 4134 fratre
2433 4088 2553 4136 suo

300 4168 368 4227 et
419 4157 720 4243 cognatis
779 4152 1248 4242 prenominatis
1304 4174 1387 4221 ex
1452 4161 1737 4230 euidenti
1804 4172 1869 4232 et
1926 4170 2224 4256 legitima
2283 4175 2559 4262 predicti

299 4267 583 4333 Abbatis
635 4261 1194 4350 comprobaoione,
1248 4264 1416 4330 sicut
1447 4286 1528 4333 ex
1578 4270 1826 4339 eisdem
1874 4275 2107 4347 litteris
2155 4283 2385 4369 patuit,
2436 4305 2556 4371 per

298 4377 523 4445 omnia
571 4373 711 4441 fore
762 4371 1168 4453 conuictum,
1222 4380 1285 4436 et
1335 4380 1732 4447 monasterio
1779 4386 2000 4453 Sancti
2053 4390 2315 4458 Martini
2364 4393 2557 4461 simul

297 4504 447 4550 cum
477 4484 682 4549 fratre
732 4487 798 4546 et
829 4479 966 4545 suis
1018 4478 1320 4561 cognatis
1370 4479 1502 4548 iam
1537 4486 1730 4555 dictis
1777 4491 2222 4564 libertinorum
2276 4502 2555 4571 seruicio

301 4592 532 4659 merito
583 4589 945 4656 subiacere.
997 4587 1139 4652 Nos
1189 4585 1390 4669 igitur
1437 4591 1675 4661 litteris
1714 4598 1995 4670 Palatini
2048 4604 2338 4691 Comitis,
2391 4611 2560 4679 sicut

300 4700 506 4783 decet,
541 4721 669 4767 non
701 4696 1063 4780 obuiantes‚
1116 4693 1235 4761 sed
1267 4694 1474 4782 ipsius
1506 4724 1844 4775 censuram
1876 4713 2095 4783 debito
2128 4717 2355 4787 fauore
2387 4741 2556 4788 com-

389 4838 594 4875 nom.
627 4838 792 4874 amm.
824 4837 964 4872 1118‘1'.
1004 4840 1074 4850 ·-·
1115 4831 1260 4865 DIPL.
1297 4826 1361 4863 12.
2197 4838 2231 4890 6
