3359 5250
1337 411 1636 512 „aff-⁷„-

1397 990 1552 1059 275.

351 1167 511 1231 Be'la
543 1168 736 1251 ifyabb
767 1169 974 1255 kirdly
1004 1193 1043 1233 a
1076 1169 1473 1256 yyb'rmcqyei
1518 1172 1822 1260 kdptalan
1854 1177 1913 1237 e's
1940 1180 2192 1260 pap-adq
2233 1174 2398 1242 ko‘zti
2432 1198 2598 1262 8996-

644 1277 1067 1361 netlense'qeket
1098 1300 1137 1341 α
1171 1278 1400 1343 tizedek
1432 1282 1784 1367 tdrqyziban
1815 1284 2071 1348 elinte'zi.
2107 1283 2303 1348 1255.

563 1476 700 1543 Nos
724 1478 885 1543 Bela
903 1477 1028 1544 Dei
1048 1476 1273 1562 gracia
1291 1478 1431 1545 Rex
1447 1477 1782 1564 Hungarie
1804 1487 1868 1546 et
1886 1481 2036 1546 Dux
2054 1480 2247 1549 Stirie
2268 1482 2595 1566 siguifica-

351 1603 495 1652 mus
528 1584 848 1653 vniuersis
868 1585 1277 1672 presencium
1307 1606 1425 1673 per
1452 1595 1760 1673 tenorem,
1793 1589 1969 1672 quod
2001 1609 2145 1656 cum
2182 1591 2353 1657 inter
2376 1591 2595 1657 Archi-

345 1695 663 1761 diaconos
698 1695 991 1762 Ecclesie
1024 1694 1388 1764 Canonicos
1420 1695 1812 1764 Geurienses
1846 1699 1932 1765 ab
1967 1719 2097 1764 vna
2134 1704 2342 1786 parte,
2399 1705 2465 1766 et
2495 1719 2595 1765 sa-

343 1806 644 1876 cerdotes
693 1804 983 1871 eiusdem
1035 1805 1337 1873 Diocesis
1390 1805 1769 1874 Geuriensis
1820 1826 1901 1873 ex
1962 1809 2170 1874 altera
2234 1806 2594 1892 questionis

345 1913 625 1982 materia
674 1933 869 1998 super
919 1933 1210 1997 congrua
1259 1914 1567 2000 porcione
1625 1914 2035 1983 sacerdotum
2087 1924 2153 1982 et
2204 1914 2593 2000 quibusdam

341 2026 498 2111 alijs
529 2023 761 2090 fuisset
791 2024 1081 2108 suborta,
1114 2032 1180 2090 et
1209 2024 1359 2111 ipsa
1390 2045 1590 2093 causa
1623 2024 1879 2092 diucius
1910 2025 2272 2113 protelata;
2328 2025 2589 2092 tandem

341 2134 592 2223 placuit
622 2132 786 2218 ipsis
818 2131 1310 2201 Archidiaconis
1362 2142 1427 2201 et
1459 2134 1807 2202 Canonicis
1858 2156 1937 2202 ac
1971 2134 2434 2202 Sacerdotibus
2483 2154 2590 2201 no-

338 2249 546 2311 stram
597 2260 792 2327 super
856 2242 975 2308 hoc
1027 2241 1508 2310 ordinacionem
1574 2251 1938 2330 acceptare.
2002 2243 2307 2312 Partibus
2368 2242 2590 2327 itaque

341 2373 564 2421 coram
615 2351 805 2418 nobis
869 2351 1359 2435 presencialiter
1408 2354 1814 2440 constitutis,
1881 2353 2106 2423 habito
2160 2353 2587 2435 Prelatorum‚

337 2462 720 2547 Principum
755 2467 819 2527 et
849 2459 1384 2530 Gonsiliariorum
1441 2472 1807 2531 nostrorum
1839 2468 2120 2530 tractatu
2175 2461 2491 2548 diligenti,
2523 2464 2589 2527 et

338 2570 614 2640 consilio
647 2576 714 2637 et
746 2588 1068 2637 consensu
1101 2570 1496 2639 venerabilis
1532 2572 1744 2659 patris
1778 2571 1855 2644 Ο.
1877 2572 2187 2660 Episcopi
2208 2567 2586 2640 Geuriensis

333 2681 558 2749 taliter
590 2679 1032 2747 ordinauimus
1065 2677 1231 2747 inter
1263 2687 1484 2767 partes
1515 2680 1682 2769 ipsis
1729 2681 2225 2769 acceptantibus
2258 2687 2322 2747 et
2351 2699 2584 2767 appro-

331 2790 687 2874 bantibus;
743 2785 914 2872 quod
947 2793 1180 2874 quarta
1211 2797 1436 2876 quarte
1469 2791 1677 2876 partis
1727 2791 2011 2859 omnium
2048 2788 2445 2858 decimarum
2498 2789 2585 2856 ad

333 2897 712 2967 sacerdotes
745 2897 1092 2984 pertineat,
1143 2905 1277 2966 tres
1310 2919 1460 2967 vero
1491 2905 1714 2987 partes
1745 2898 1832 2966 ad
1863 2900 2173 2968 Rectores
2224 2917 2340 2965 seu
2378 2896 2585 2984 Magi·

332 3016 508 3076 stros
559 3006 923 3074 Canonicos
983 3007 1288 3075 videlicet
1338 3008 1634 3074 Ecclesie
1690 3006 2145 3092 Cathedralis3
2211 3006 2583 3074 oblaciones

328 3123 553 3185 autem
584 3125 650 3184 et
678 3115 1110 3184 obuenciones
1141 3136 1220 3183 ac
1252 3115 1605 3183 mortuaria
1637 3121 1703 3182 et
1733 3122 1950 3185 cetera
2001 3114 2249 3182 minuta
2277 3114 2485 3182 libere
2517 3119 2584 3181 et

330 3225 744 3312 integraliter
791 3225 920 3311 ipsi
952 3221 1325 3292 sacerdotes
1377 3222 1760 3310 percipiant,
1814 3222 2107 3311 exceptis
2154 3223 2581 3311 prouentibus

329 3343 399 3401 et
430 3332 940 3403 obuencionibus
973 3331 1161 3399 vuius
1217 3332 1370 3399 festi
1405 3333 1473 3399 in
1504 3353 1699 3420 anno,
1747 3332 1924 3401 illius
1953 3330 2259 3400 videlicet
2305 3331 2478 3418 festi,
2513 3330 2580 3398 in

329 3443 520 3512 cuius
548 3445 794 3511 honore
814 3441 1095 3508 ecclesia
1126 3447 1225 3508 est
1256 3448 1644 3529 constructa,
1687 3461 1850 3528 quas
1870 3439 2173 3526 Magistri
2192 3438 2579 3528 percipiant,

325 3575 458 3622 non
488 3557 711 3619 tamen
741 3570 860 3638 per
907 3550 1299 3618 submissam
1333 3570 1678 3635 personam
1719 3551 2043 3634 laicalem,
2095 3549 2214 3618 sed
2245 3569 2364 3637 per
2396 3568 2489 3634 se,
2522 3550 2581 3617 si

321 3661 623 3746 voluerit,
675 3659 781 3728 vel
811 3679 931 3745 per
960 3678 1147 3726 suum
1197 3659 1602 3727 sacerdotem
1633 3666 1748 3727 aut
1794 3659 2121 3726 clericum.
2173 3658 2278 3726 Ad
2310 3659 2435 3727 hoc
2461 3659 2579 3727 Ar-

323 3767 700 3837 chidiaconi
731 3788 877 3836 cum
909 3787 1097 3835 suam
1127 3767 1399 3835 visitant
1441 3768 1841 3855 parochiam,
1873 3787 1992 3835 sex
2024 3764 2407 3852 equitaturis
2446 3765 2579 3833 sint

319 3877 631 3960 contenti,
665 3882 730 3944 et
758 3875 1292 3963 procuracionem
1325 3878 1524 3944 semel
1557 3877 1623 3942 in
1657 3896 1829 3944 anno
1863 3875 2201 3962 recipiant,
2245 3881 2311 3941 et
2339 3872 2574 3941 medie-

316 3995 525 4055 tatem
560 3987 721 4072 eius,
756 3984 930 4068 quod
963 4005 1081 4071 pro
1116 3983 1558 4052 cathedratico
1591 3985 1884 4073 recipere
1915 3989 2406 4069 consueuerant,
2440 3992 2575 4052 tam

321 4099 404 4165 de
438 4095 712 4163 matrice
743 4093 1042 4177 ecclesia,
1086 4113 1282 4179 quam
1314 4092 1398 4161 de
1428 4094 1695 4181 capella
1724 4095 2059 4182 recipiant,
2102 4101 2167 4161 et
2198 4114 2328 4162 non
2378 4093 2571 4178 vltra,

313 4208 404 4275 ab
434 4226 535 4292 ec,
589 4224 632 4269 a
661 4224 788 4290 quo
819 4209 1283 4290 procurantur3
1338 4203 1589 4273 scilicet
1620 4203 1704 4271 de
1735 4205 2004 4272 matrice
2050 4203 2335 4271 ecclesia
2383 4203 2567 4270 dimi-

314 4316 498 4383 dium
550 4313 891 4398 fertonem,
947 4311 1127 4381 etde
1176 4310 1434 4398 capella
1464 4312 1592 4379 tria
1640 4312 1973 4399 pondera;
2022 4312 2109 4378 ab
2141 4330 2216 4377 eo
2255 4317 2495 4398 autem,
2529 4330 2572 4376 a

311 4446 442 4511 qno
476 4422 1013 4511 procuracionem
1035 4442 1167 4489 non
1197 4421 1538 4507 recipiunt,
1573 4420 2083 4489 cathedraticum
2107 4440 2293 4488 suum
2313 4421 2569 4505 integre

311 4535 702 4626 percipiant,
738 4531 1093 4602 secundum
1125 4531 1554 4616 quantitatem
1585 4537 1967 4618 pretactam.
2001 4531 2166 4597 Item
2190 4529 2567 4596 sacerdotes

311 4652 491 4716 mota
523 4644 866 4732 questione
896 4678 1463 4693 —————
1497 4639 1795 4727 ecclesijs
1827 4639 2251 4707 restituantur
2283 4637 2372 4705 ad
2409 4657 2565 4704 suas

310 4755 633 4825 ecclesias
668 4759 731 4822 et
763 4753 1082 4822 beneficia
1133 4751 1309 4838 prius
1343 4752 1627 4834 obtenta,
1682 4747 1971 4836 dampna
2002 4748 2209 4815 eciam
2258 4744 2563 4814 hincinde

2118 4867 2242 4925 25*
