3359 5250
1821 953 1890 1022 6.

716 1138 837 1206 IV.
867 1136 1038 1205 Bata
1065 1135 1284 1224 kirdly
1317 1135 1677 1223 adomnya
1709 1133 1958 1201 Umand
1987 1135 2153 1202 nevil
2180 1133 2343 1201 latin
2374 1131 2636 1220 vende'qe
2664 1134 2979 1198 szdmdra.

1752 1240 1949 1308 1236.

934 1440 1097 1507 Bela
1129 1438 1256 1507 Dei
1304 1440 1537 1523 gracia
1563 1441 1706 1508 Rex
1744 1437 2084 1523 Hungarie
2133 1435 2436 1506 omnibus
2487 1434 2730 1503 Christi
2777 1434 2981 1502 fideli·

718 1552 861 1636 bus,
916 1550 1151 1636 quibus
1182 1566 1454 1634 presens
1503 1548 1756 1636 pagina
1802 1545 2112 1633 patuerit,
2165 1546 2446 1613 salutem
2484 1546 2553 1610 in
2586 1564 2687 1630 eo,
2734 1544 2847 1630 qui
2877 1550 2978 1613 est

719 1660 899 1727 salus
919 1657 1203 1726 omnium
1235 1663 1301 1724 et
1328 1657 1488 1724 vita.
1523 1656 1686 1723 Cum
1719 1675 1802 1723 ex
1820 1655 2031 1740 Regie
2063 1653 2405 1740 dignitatis
2426 1653 2644 1722 officio
2683 1653 2978 1740 hospites

717 1775 781 1837 et
810 1767 1104 1836 aduenas
1135 1766 1447 1852 colligere
1480 1766 1860 1850 debeamus,
1911 1764 2196 1833 omnium
2225 1763 2636 1849 presencium
2672 1771 2740 1830 et
2768 1771 2982 1851 poste·

715 1895 936 1946 rorum
964 1874 1206 1944 noticie
1254 1874 1555 1942 uolumus
1606 1872 1965 1957 insinuare,
2018 1870 2195 1957 quod
2224 1893 2342 1940 nos
2394 1870 2634 1939 dilecto
2686 1892 2768 1938 ac
2799 1871 2979 1940 fideli

715 1989 939 2054 nostro
970 1980 1215 2070 hospiti
1245 1981 1481 2049 Latino
1514 1981 1841 2049 Wmando
1874 1982 2156 2062 nomine,
2190 2000 2309 2066 pro
2336 1979 2807 2066 multiplicibus
2837 1978 2979 2048 suis

715 2090 1034 2177 seruicijs,
1082 2098 1155 2158 ut
1181 2089 1251 2156 in
1283 2091 1506 2173 Regno
1538 2095 1760 2158 nostro
1812 2088 2253 2156 residenciam
2298 2087 2509 2175 possit
2537 2088 2806 2173 habere,
2854 2094 2981 2155 ter·

714 2219 859 2266 ram
889 2198 1140 2266 culture
1173 2197 1447 2265 duorum
1474 2203 1842 2264 aratrorum
1874 2196 2302 2265 sufficientem
2334 2197 2417 2265 de
2451 2204 2626 2264 terra
2645 2195 2977 2283 Chyrgov,

717 2328 759 2375 a
789 2306 1024 2374 Castro
1054 2305 1327 2372 Albensi
1359 2313 1747 2393 exemptam,
1783 2327 1980 2374 unum
2013 2305 2475 2391 molendinum,
2523 2306 2797 2374 terciam
2829 2324 2977 2393 par-

712 2421 845 2483 tem
873 2414 1077 2482 feneti
1111 2411 1402 2481 eiusdem
1435 2423 1629 2498 terre,
1664 2421 1731 2483 et
1763 2414 2206 2499 quadraginta
2224 2415 2457 2500 iugera
2482 2436 2604 2501 pro
2636 2413 2975 2483 commodo

713 2524 1054 2591 vinearum
1083 2521 1328 2589 ibidem
1360 2521 1799 2608 colendarum,
1855 2521 2247 2589 contulimus
2277 2531 2592 2609 perpetuo
2641 2523 2983 2609 possiden-

715 2633 823 2718 da,
883 2640 1204 2719 tanquam
1249 2632 1494 2721 hospiti
1547 2632 1635 2699 ad
1683 2632 1962 2717 Regiam
2011 2631 2420 2700 Maiestatem
2467 2633 2834 2719 pertinenti.
2890 2633 2981 2702 Ut

715 2747 935 2807 autem
965 2738 1088 2805 hec
1117 2738 1395 2808 donacio
1428 2759 1471 2806 a
1498 2737 1693 2807 nobis
1742 2738 2109 2807 liberaliter
2144 2737 2330 2806 facta
2360 2739 2554 2806 salua
2603 2759 2861 2827 semper
2909 2749 2978 2809 et

714 2845 1118 2913 inuiolabilis
1169 2845 1522 2930 consistat,
1576 2853 1643 2913 et
1674 2866 1718 2912 a
1761 2845 1943 2916 nullo
1994 2866 2278 2931 unquam
2336 2849 2596 2918 omnino
2646 2849 2978 2918 hominum

713 2959 910 3038 queat
938 2952 1009 3019 in
1059 2951 1313 3019 irritum
1345 2953 1664 3037 reuocari,
1716 2961 2056 3039 presentes
2108 2956 2550 3024 concessimus
2597 2955 2855 3024 litteras
2903 2955 2993 3029 in.

716 3066 1168 3145 argumentum
1221 3057 1560 3145 amplioris
1608 3058 1762 3126 fidei
1794 3059 2079 3146 duplicis
2111 3060 2321 3145 sigilli
2370 3062 2581 3130 nostri
2618 3062 2975 3131 munimine

717 3169 1085 3237 roboratas.
1135 3169 1379 3235 Datum
1409 3187 1528 3254 per
1583 3187 1819 3235 manus
1848 3168 2098 3236 Mathis
2129 3169 2456 3256 Prepositi
2486 3172 2974 3258 Zagrabiensis‚

719 3279 871 3344 aule
920 3282 1141 3345 nostre
1172 3275 1566 3361 Cancellarij
1618 3298 1791 3346 anno
1843 3278 2185 3346 Dominice
2234 3281 2726 3349 Incarnacionis
2772 3282 2980 3351 mille-

722 3383 887 3449 simo
940 3382 1383 3451 ducentesimo
1433 3385 1763 3453 tricesimo
1816 3392 2042 3470 sexto,
2095 3385 2306 3471 Regni
2361 3406 2516 3457 uero
2560 3390 2770 3459 nostri
2805 3409 2978 3459 anno

722 3507 954 3576 primo.

725 3687 822 3753 (ΔΖ
849 3688 1051 3739 eredeti
1075 3684 1206 3739 utan
1233 3689 1373 3740 kozli
1400 3685 1652 3741 Horvath
1677 3690 1834 3752 Elok,
1861 3691 2029 3757 Gyori
2056 3690 2382 3745 'fortenelmi
2410 3692 2467 3746 es
2492 3693 2780 3762 Regeszeti
2803 3697 2978 3751 Fssze-

1461 3780 1573 3847 tek,
1592 3781 1697 3831 111.
1716 3781 1830 3835 kat.
1854 3783 2007 3834 1865.
2038 3785 2157 3835 198.
2177 3782 2236 3852 1.)
