3359 5250
1760 405 1803 412 ‘-
1826 402 2059 412 §.fi-n..-

779 511 1172 599 lancearum,
1229 517 1294 579 et
1342 512 1510 579 ictus
1561 511 1954 593 sagittarum
1978 562 1993 593 ,
2053 514 2119 577 et
2172 506 2624 595 recepeionem
2681 507 3043 591 vulnerum,

779 622 1185 691 inimicorum
1218 620 1569 689 insultibus
1619 619 1899 688 viriliter
1929 616 2318 702 resistendo,
2372 617 2460 685 de
2491 615 2706 685 medio
2738 615 3049 703 hostium,

780 733 923 800 Deo
954 730 1265 819 propicio,
1309 749 1383 798 se
1414 729 1524 796 vix
1558 730 1770 815 potuit
1800 729 2105 796 liberare.
2133 727 2237 795 Ad
2270 728 2412 814 hec,
2446 746 2593 795 cum
2626 732 2780 794 ante
2810 725 3046 794 faeiem

780 841 1204 908 Tartarorum
1237 837 1466 907 eodem
1499 846 1789 925 tempore
1819 836 1906 905 ad
1940 835 2269 905 maritima
2301 834 2817 920 deuenissemus‚
2873 833 3048 903 idem

783 950 1064 1019 diuersis
1099 950 1351 1018 fortune
1384 949 1645 1017 casibus
1697 947 1783 1016 ad
1819 946 2197 1016 mandatum
2244 952 2539 1014 nostrum
2588 963 2662 1013 se
2691 964 3048 1031 exponens,

784 1080 863 1127 eo
893 1067 1208 1146 tempore,
1259 1079 1404 1127 cum
1438 1057 1822 1126 discrimina
1852 1055 2125 1140 viarum,
2179 1060 2243 1123 et
2276 1052 2514 1122 insidie
2546 1053 2829 1123 hostium
2863 1071 3045 1120 secu·

786 1189 893 1237 ros
927 1174 1178 1236 meatus
1210 1188 1340 1235 non
1374 1168 1843 1254 permitterent,
1896 1166 2040 1254 ipse
2074 1164 2251 1233 solus
2283 1163 2422 1232 ibat
2455 1162 2543 1230 ad
2573 1159 3049 1249 speculandum

786 1278 1170 1346 descensum
1204 1277 1649 1360 Tartarorum,
1685 1282 1748 1343 et
1781 1294 2092 1361 rumores,
2131 1294 2295 1358 quos
2329 1271 2572 1340 ibidem
2618 1272 3049 1359 percipiebat,

789 1386 979 1457 nobis
1012 1385 1290 1454 fideliter
1321 1382 1664 1470 referebat,
1719 1385 1783 1450 in
1815 1382 2114 1453 omnibus
2150 1381 2360 1450 eciam
2394 1380 2905 1449 aduersitatibus
2937 1400 3049 1447 no·

786 1497 961 1579 stris,
1012 1515 1138 1579 que
1170 1501 1322 1562 tunc
1354 1513 1472 1580 pro
1523 1500 1815 1579 tempore
1846 1491 2290 1577 imminebant,
2330 1489 2479 1575 jugi
2513 1489 2793 1558 seruicio
2848 1495 3049 1572 atque

786 1602 964 1672 fideli
1015 1602 1203 1671 nobis
1255 1602 1559 1671 continuo
1609 1601 1987 1670 assistebat.
2046 1601 2269 1668 Preter
2321 1599 2442 1666 hec
2495 1598 2667 1667 idem
2716 1598 2927 1666 eciam
2980 1598 3047 1663 in

787 1710 1090 1779 conflictu
1139 1708 1315 1796 belli,
1367 1708 1541 1793 quod
1590 1708 2028 1776 commisimus
2076 1712 2307 1776 contra
2354 1710 2605 1776 Ducem
2639 1706 2928 1790 Austrie‚
2987 1714 3055 1773 et

789 1819 1062 1889 eundem
1093 1818 1339 1886 Diuina
1385 1816 1752 1902 opitulante
1785 1816 2030 1902 gracia,
2062 1834 2182 1883 nec
2213 1814 2601 1883 tradidimus
2649 1813 3048 1900 dimicando,

789 1936 973 1998 tanta
1004 1925 1339 1994 fidelitatis
1371 1925 1679 2010 seruicia,
1735 1933 1801 1992 et
1830 1924 2261 1994 retribucione
2294 1923 2642 2009 condigna,
2684 1942 2906 1990 coram
2940 1943 3052 1992 no·

790 2037 893 2104 bis
942 2042 1007 2103 ct
1054 2035 1352 2104 omnibus
1392 2034 1762 2102 Batonibus
1804 2054 1882 2100 ac
1915 2033 2261 2100 Nobilibus
2299 2032 2511 2118 Regni
2561 2031 2771 2100 nostri
2809 2030 3051 2118 princi-

791 2145 1030 2230 paliter
1061 2143 1353 2212 exhibuit
1384 2141 1748 2229 preliando,
1790 2140 1963 2227 quod
1996 2139 2317 2225 quendam
2367 2139 2635 2209 militem
2670 2139 2943 2228 probum
2986 2148 3057 2207 et

791 2253 1116 2339 insignem
1150 2251 1232 2319 de
1264 2252 1583 2319 Teotonia
1614 2270 1759 2318 cum
1794 2250 2061 2338 propria
2109 2250 2343 2317 lancea
2378 2249 2637 2333 devicit,
2690 2257 2754 2317 et
2785 2250 2882 2316 ita
2916 2249 3051 2336 ple·

792 2380 945 2427 num
976 2360 1057 2428 de
1089 2359 1313 2427 eodem
1364 2358 1644 2427 obtinuit
1673 2359 2088 2446 triumphum,
2140 2359 2314 2444 quod
2348 2366 2545 2444 caput
2592 2357 2887 2426 eiusdem
2919 2378 3054 2425 am-

793 2468 1070 2555 putauit,
1124 2474 1189 2536 et
1222 2473 1441 2536 nostro
1493 2466 1871 2555 conspectui
1904 2487 1983 2534 ac
2016 2468 2342 2535 Baronum
2380 2473 2746 2536 nostrorum
2788 2487 3051 2554 presen-

791 2577 963 2647 cium
986 2596 1103 2667 per
1135 2577 1404 2647 militem
1428 2577 1805 2647 destinauit.
1845 2578 2008 2645 Item
2041 2597 2186 2646 cum
2209 2576 2492 2663 quadam
2512 2577 2658 2647 vice
2689 2576 3054 2647 exercitum

795 2693 1086 2755 nostrum
1116 2694 1343 2757 contra
1373 2688 1703 2755 Austriam
1738 2687 2039 2756 duximus
2071 2685 2552 2775 destinandum,
2593 2687 2803 2755 dictus
2836 2686 3056 2755 fidelis

794 2802 1016 2864 noster
1063 2814 1319 2883 semper
1363 2797 1668 2882 aspirans
1721 2794 1808 2863 ad
1859 2796 2326 2864 incrementum
2366 2796 2573 2883 glorie
2605 2796 2810 2882 Regie
2850 2797 3054 2864 Maie-

796 2903 987 2971 statis
1037 2909 1102 2972 et
1154 2904 1483 2992 honorem,
1532 2903 1860 2991 quendam
1914 2905 2150 2975 bonum
2182 2906 2453 2974 militem
2498 2915 2565 2974 et
2594 2903 2919 2975 famosum
2964 2904 3055 2974 de

796 3011 1078 3099 Imperg,
1113 3013 1614 3100 Capitanensem
1648 3013 1824 3082 illius
1857 3014 2165 3101 regionis,
2200 3014 2466 3083 Preucel
2517 3015 2779 3082 nomine
2810 3035 3055 3082 nuncu·

798 3127 1045 3210 patum,
1077 3122 1189 3209 qui
1219 3142 1365 3190 cum
1387 3124 1674 3192 exercitu
1708 3143 1826 3193 suo
1857 3122 1942 3193 de
1975 3124 2151 3193 dicto
2183 3131 2396 3194 castro
2420 3126 2683 3211 Imperg
2720 3121 3057 3211 prodierat

797 3231 865 3298 in
896 3248 1217 3317 campum,
1250 3229 1395 3318 ipse
1417 3232 1593 3317 prior
1625 3238 1777 3300 ante
1799 3252 2023 3301 omnes
2056 3233 2362 3320 impetum
2384 3232 2632 3300 faciens
2664 3232 2729 3299 in
2751 3230 3052 3314 eundem,

799 3340 992 3408 hasta
1042 3339 1126 3407 de
1157 3338 1485 3410 dextrario
1515 3348 1814 3427 potenter
1863 3363 1980 3411 suo
2012 3343 2252 3429 deJecit
2282 3344 2349 3410 in
2386 3349 2645 3427 terram,
2696 3347 2763 3408 et
2795 3341 3055 3409 dextra·

797 3449 963 3516 rium
994 3468 1182 3517 suum
1233 3451 1467 3517 lancea
1497 3450 1882 3519 transfixum
1917 3450 2158 3519 ibidem
2198 3452 2560 3535 interemit;
2612 3470 2740 3536 quo
2781 3457 3055 3536 peracto

798 3557 1124 3626 exercitus
1153 3556 1309 3625 dicti
1331 3559 1597 3626 Preucel
1627 3556 1816 3627 tritus
1849 3565 1915 3628 et
1946 3558 2289 3628 confussus
2320 3566 2509 3646 terga
2542 3559 2741 3645 dedit,
2775 3567 2843 3626 et
2873 3557 3053 3624 mul-

799 3667 885 3734 tis
916 3685 997 3733 ex
1031 3666 1128 3735 eis
1162 3667 1535 3753 peremptis,
1589 3667 1707 3753 alij
1737 3666 1891 3751 fuge
1924 3668 2209 3754 presidio
2242 3669 2305 3735 in
2341 3667 2584 3735 dictum
2618 3674 2902 3734 castrum
2938 3666 3057 3732 vix

800 3795 874 3843 se
903 3774 1192 3862 recipere
1223 3783 1585 3861 potuerunt.
1639 3776 1777 3844 Nos
1806 3775 2004 3862 igitur
2056 3776 2142 3844 ad
2192 3783 2328 3844 tam
2373 3777 2665 3863 preclare
2718 3773 3057 3843 fidelitatis

802 3889 866 3951 et
895 3883 1315 3951 seruiciorum
1366 3880 1572 3967 ipsius
1604 3881 2099 3966 exhibicionem,
2154 3884 2279 3951 hiis
2310 3877 2439 3950 non'
2472 3882 2796 3968 condigna
2844 3901 3056 3949 remu-

801 3991 1170 4077 naracione,
1228 3996 1414 4076 grato
1448 3997 1665 4059 tamen
1697 4010 1990 4077 assensu,
2026 3996 2092 4059 et
2122 3993 2342 4077 gracie
2384 3998 2605 4060 nostre
2640 3991 3059 4078 beneplacito

800 4107 1231 4182 occurrentes,
1283 4104 1348 4165 et
1380 4120 1497 4185 pro
1529 4105 1731 4184 tanto,
1763 4100 1937 4184 quod
1968 4101 2174 4186 ipsius
2226 4102 2555 4187 honorem,
2592 4100 3053 4186 magistratum

800 4206 1108 4276 uidelicet
1131 4216 1497 4278 nostrorum
1518 4211 1925 4297 Agazonum,
1948 4211 2294 4296 comitatu,
2329 4210 2432 4277 cui
2454 4230 2622 4278 nunc
2641 4215 2860 4297 preest
2888 4229 3060 4276 com·

801 4317 1215 4403 mutauimus‚
1257 4322 1533 4402 quatuor
1564 4317 1759 4386 villas
1793 4319 2216 4388 sclavonicas
2261 4318 2605 4386 comitisse
2636 4317 2820 4404 (igy3
2873 4317 3063 4385 talau

805 4420 1137 4511 „Castri“)
1157 4422 1617 4492 Vorosdiensis
1648 4424 1717 4492 in
1749 4424 1979 4494 eodem
2012 4424 2177 4494 sitas
2203 4424 2553 4513 Comitatu‚
2586 4426 2715 4512 ipsi
2736 4425 3061 4511 Magistro

801 4531 993 4616 Erne,
1025 4541 1090 4598 et
1121 4531 1257 4599 suis
1289 4531 1633 4600 heredibus
1664 4531 2103 4619 heredumque
2134 4534 2622 4602 successoribus
2662 4532 2803 4601 iure
2831 4550 3065 4618 perpe·

801 4645 912 4706 tuo
947 4639 1248 4708 duximus
1282 4639 1730 4726 conferendas,
1767 4646 1832 4708 et
1864 4643 2143 4711 eundem
2174 4643 2241 4708 in
2261 4643 2664 4728 corporalem
2695 4642 3061 4729 possessio·
