3359 5250
1834 355 1917 420 76

765 552 1087 620 extitisset
1134 556 1556 639 propagatus,
1615 548 1743 618 sibi
1774 555 1839 618 et
1870 548 2008 616 suis
2039 546 2392 616 heredibus
2440 566 2609 616 noue
2643 546 3025 617 donacionis

766 681 883 730 sue
914 662 1122 747 tytulo
1172 660 1332 729 dare
1383 668 1449 727 et
1478 658 1792 744 conferre,
1843 658 2184 746 ipsumque
2239 655 2658 745 priuilegium
2705 655 2865 724 dicti
2912 656 3023 724 do-

761 768 916 837 mini
949 769 1107 836 Bele
1137 769 1339 853 Regis
1370 788 1487 855 pro
1538 768 1684 855 ipso
1726 772 1790 833 et
1820 764 1955 834 suis
1986 763 2339 833 heredibus
2390 760 2794 850 acceptando
2825 764 3023 832 ratifi-

756 897 910 946 care
941 882 1007 945 et
1036 896 1155 943 suo
1186 875 1391 961 Regio
1437 874 1818 961 dignaretur
1846 871 2195 960 priuilegio
2246 872 2669 959 confirmare;
2722 869 2867 957 ipse
2896 871 3021 938 ita-

754 1005 881 1071 que
913 983 1211 1052 dominus
1241 988 1463 1050 noster
1493 980 1860 1051 Lodovicus
1889 983 2032 1049 Rex
2064 979 2132 1047 in
2166 981 2294 1046 hac
2337 986 2528 1067 parte
2557 977 3018 1048 fauorabiliter

753 1092 1122 1177 inclinatus,
1174 1099 1533 1179 pretactum
1582 1088 2000 1177 priuilegium
2057 1088 2265 1175 ipsius
2317 1087 2561 1154 domini
2613 1087 2775 1154 Bele
2817 1085 3020 1172 Regis

753 1205 1128 1287 acceptans,
1182 1198 1511 1266 ratificans
1545 1205 1610 1264 et
1658 1217 1780 1283 pro
1828 1196 2055 1263 eodem
2087 1196 2367 1264 Nicolao
2414 1196 2826 1280 confirmans,
2877 1213 3021 1282 pre·

759 1308 1003 1375 dictam
1027 1315 1271 1373 terram
1300 1305 1422 1373 stb.
1452 1306 1692 1371 Datum
1711 1300 2038 1389 Zagrabie
2070 1301 2397 1371 sedecimo
2432 1302 2538 1370 die
2570 1302 2836 1371 termini
2867 1320 3011 1388 pre-

759 1413 964 1483 notati
998 1432 1168 1482 anno
1189 1411 1451 1481 Domini
1482 1410 1826 1478 millesimo
1855 1408 2309 1477 trecentesimo
2340 1409 2753 1495 sexagesimo
2782 1410 3008 1477 tercio.

757 1593 1029 1660 (Eredetie
1052 1589 1401 1659 bothartyam
1440 1591 1663 1659 melyrdl
1690 1606 1724 1641 a
1749 1591 2071 1659 paspoknek
2095 1588 2340 1657 pecsetje
2366 1589 2821 1658 selyemzsindron
2850 1591 3007 1659 fflgg,

1360 1696 1394 1731 a
1417 1680 1584 1733 budai
1611 1679 1717 1732 kir.
1744 1681 1991 1732 kamarai
2014 1676 2392 1747 leveltarban.)

1826 2363 1939 2433 50.

743 2548 788 2614 Ι
796 2546 864 2615 V.
883 2545 1048 2615 Bata
1078 2545 1426 2634 kirdlynak
1458 2543 1661 2612 itelete
1680 2545 1942 2611 Jaczint
1971 2546 2232 2632 zeni-uqi
2261 2550 2417 2635 aptit
2448 2549 2510 2613 6⁸
2528 2546 2758 2613 Bazad
2785 2555 3007 2612 menter

1235 2654 1377 2720 kvzt
1407 2653 1615 2721 Zobor
1644 2653 1889 2742 helyseq
1921 2654 2293 2743 tdrqydban.
2329 2656 2524 2721 1239.

958 2834 1121 2900 Bela
1151 2833 1275 2901 Dei
1327 2833 1556 2918 gracia
1585 2830 1942 2919 Hungarie,
1991 2832 2349 2918 Dalmacie,
2398 2833 2737 2918 Chi-cacis,
2769 2837 2999 2920 Reme,

745 2941 993 3029 Seruio,
1047 2940 1374 3011 Gallichie
1420 2939 1862 3026 Cumanieque
1890 2943 2035 3010 Rex
2080 2942 2376 3011 omnibus
2408 2941 2650 3010 Christi
2697 2941 3003 3011 fidelibus

745 3058 1115 3140 presentem
1145 3050 1457 3139 paginam
1491 3049 1882 3138 inspecturis
1913 3051 2194 3119 salutem
2223 3050 2293 3118 in
2322 3050 2606 3121 omnium
2644 3051 3001 3150 salinatore.

741 3158 847 3227 Ad
879 3157 1324 3229 uniuersorum
1357 3165 1490 3227 tam
1520 3157 1975 3228 modernorum
2026 3179 2221 3244 quam
2252 3168 2656 3247 posterorum
2687 3160 3002 3228 noticiam
3066 3176 3087 3197 '⁴

741 3267 971 3334 harum
1001 3267 1169 3336 serie
1188 3267 1487 3335 nolumus
1524 3265 1891 3355 peruenire,
1925 3267 2096 3349 quod
2116 3267 2342 3335 Abbas
2362 3266 2740 3352 Monasterij
2773 3266 3002 3336 Sancti

741 3373 1032 3460 Philippi
1067 3374 1149 3441 de
1180 3376 1438 3460 Zeurug
1469 3376 1810 3443 Jacinctus
1843 3376 2124 3462 nomine,
2174 3375 2433 3444 fidelem
2474 3383 2767 3446 nostrum
2798 3376 3002 3463 Magi-

738 3488 938 3550 strum
971 3481 1191 3549 Buzad
1244 3482 1528 3566 quodam
1559 3481 1733 3568 (igy)
1767 3481 1968 3550 filium
2001 3483 2224 3550 Buzad
2254 3483 2421 3552 Bani
2452 3483 2540 3551 ad
2586 3489 2876 3552 nostram
2914 3484 3002 3553 ci-

744 3591 913 3659 tauit
941 3592 1370 3679 presenciam,
1418 3589 1753 3676 requirens
1801 3592 1888 3659 ab
1920 3611 1998 3661 eo
2031 3590 2362 3678 quoddam
2409 3591 2710 3680 predium
2739 3593 3003 3661 nomine

740 3701 974 3785 Zobor,
1026 3698 1203 3783 quod
1237 3700 1323 3767 ad
1354 3699 1824 3768 Monasterium
1854 3699 1941 3768 de
1970 3702 2230 3786 Zeurug
2267 3701 2590 3787 pertinere
2621 3700 2901 3786 dicebat,
2934 3707 3004 3769 et

736 3807 822 3873 ab
856 3806 1084 3876 codem
1118 3806 1437 3892 Magistro
1470 3806 1692 3875 Buzad
1731 3806 2047 3876 uiolenter
2077 3817 2142 3877 et
2173 3814 2402 3878 contra
2431 3807 2758 3885 iusticiam
2790 3809 3002 3876 fuisse

737 3925 1142 4002 occupatum.
1194 3915 1502 3984 Partibus
1535 3914 1735 4001 igitur
1768 3915 2043 3985 termino
2093 3916 2436 4004 assignato
2475 3916 2541 3983 in
2574 3914 2817 3984 iudicio
2848 3935 3001 3984 con-

739 4022 1003 4108 stitutis,
1039 4042 1121 4090 ex
1155 4028 1381 4092 nostra
1431 4023 1768 4091 uoluntate
1801 4024 2325 4114 etpermissione
2375 4024 2574 4092 talem
2606 4024 2774 4092 inter
2803 4042 2877 4091 se
2906 4024 3001 4094 fe:

735 4135 958 4200 cerunt
992 4129 1536 4218 composicionem
1571 4155 1589 4196 ε
1638 4133 1729 4199 Ut
1758 4131 2049 4218 prefatus
2079 4132 2397 4218 Magister
2434 4132 2657 4201 Buzad
2706 4153 2823 4220 pro
2854 4151 3000 4219 pre·

740 4240 848 4307 dio
879 4238 1016 4324 illo,
1068 4260 1187 4326 pro
1213 4257 1341 4321 quo
1392 4239 1730 4307 contencio
1768 4247 1944 4307 mota
1973 4238 2205 4325 fuerat,
2244 4239 2487 4308 Abbati
2538 4249 2605 4308 et
2634 4239 2997 4308 Conuentui

739 4347 822 4413 de
854 4346 1113 4432 Zeurug
1143 4366 1360 4413 coram
1392 4346 1698 4435 Capitulo
1731 4347 2163 4414 Chenadiensi
2194 4347 2480 4416 solueret
2530 4354 2789 4416 centum
2820 4366 2989 4415 mar·

739 4471 873 4537 cas,
920 4453 1158 4535 quibus
1189 4452 1418 4521 solutis
1467 4452 1682 4541 ipsum
1712 4453 2007 4541 predium
2038 4455 2253 4523 Zobor
2299 4453 2368 4522 in
2401 4454 2503 4523 ius
2534 4461 2600 4522 et
2638 4453 3001 4522 dominium

746 4557 1007 4627 cederet
1028 4560 1324 4648 Magistri
1344 4561 1564 4629 Buzad
1588 4562 1860 4649 pacifice
1887 4569 2198 4650 perpetuo
2219 4562 2705 4651 possidendum,
2739 4581 2999 4631 omnem

746 4666 1333 4735 contradiccionem
1361 4677 1427 4736 et
1456 4668 1967 4755 contencionem,
2007 4688 2132 4753 que
2163 4668 2332 4738 inter
2361 4669 2543 4756 ipsas
2563 4676 2789 4757 partes
2819 4675 2998 4738 mota
