3359 5250
1481 350 1616 421 319

424 554 860 644 presbiterum
909 550 1392 622 Sibenicensem
1440 550 1702 619 nomine
1733 546 2201 633 Statimerium,
2256 546 2429 632 quod
2459 546 2674 634 ipsam

419 666 794 735 corroboret
823 682 971 732 cum
1004 660 1244 748 sigillis
1273 668 1698 745 vtrarumque
1730 659 2102 746 Ciuitatum,
2139 663 2204 725 et
2235 676 2381 725 cum
2411 655 2671 741 nostris,

417 775 529 861 qui
580 775 649 841 in
697 773 821 841 hoc
869 789 1094 840 sumus
1142 768 1407 855 negotio
1460 766 1693 835 arbitri
1746 765 2116 852 constituti3
2187 762 2495 832 videlicet
2545 762 2674 830 mei

416 881 690 952 Vidonis
719 877 1182 966 Traguriensis
1214 875 1593 961 Potestatis,
1643 894 1724 944 ac
1754 877 1883 944 mei
1913 874 2151 943 Daniel
2182 871 2453 942 Comitis
2489 870 2673 939 Sibe·

413 990 723 1060 nicensis.
757 988 989 1058 Actum
1019 992 1123 1055 est
1150 987 1275 1054 hoc
1303 984 1374 1051 in
1394 982 1701 1052 Sibenico
1734 1003 1908 1053 anno
1929 982 2195 1052 Domini
2231 983 2427 1053 1250.
2462 978 2672 1049 Indic-

417 1101 598 1169 tione
630 1101 693 1167 9.
725 1097 966 1166 mensis
996 1093 1297 1165 Octobris
1334 1097 1437 1163 15.
1473 1094 1583 1164 die
1614 1101 1895 1164 astante.
1928 1095 2014 1161 Et
2044 1092 2168 1161 hec
2201 1090 2425 1160 omnia
2452 1108 2673 1177 supra-

414 1208 596 1278 dicta
628 1205 716 1276 ad
743 1208 1057 1276 honorem
1087 1203 1332 1274 domini
1369 1204 1570 1291 Regis
1600 1203 1978 1290 Hungarie;
2035 1207 2101 1271 et
2130 1206 2487 1289 propterea
2526 1198 2676 1265 vtri-

414 1337 623 1406 usque
653 1315 861 1404 partis
892 1317 1302 1383 sacramento
1327 1311 1590 1382 firmata
1625 1317 1799 1381 sunt.

412 1516 662 1589 (Lucius,
685 1516 947 1573 Memorio
964 1513 1021 1568 di
1038 1514 1190 1569 Trau
1213 1515 1301 1568 69.
1327 1514 1382 1581 1.;
1408 1529 1541 1568 esen
1565 1509 1920 1581 okmbnynak
1942 1506 2229 1564 toredeket
2253 1507 2470 1563 bozolte
2492 1507 2673 1575 Fejer,

1057 1604 1189 1660 cod.
1211 1606 1362 1676 Dipl.
1387 1606 1510 1661 vn.
1536 1605 1649 1662 ket.
1674 1606 1727 1657 4.
1754 1620 1796 1655 r.
1828 1603 1948 1655 103.
1972 1599 2036 1667 1.)
2122 1680 2135 1693 .

1474 2363 1632 2433 222.

428 2547 477 2614 I
481 2547 551 2614 V.
585 2547 746 2614 Be'la
793 2544 1126 2635 kirdlynak
1174 2544 1402 2612 Brebir
1448 2551 1726 2635 meqye're
1772 2545 2111 2612 vonatkozd
2157 2546 2609 2634 privilegium
2644 2569 2686 2611 a

1012 2656 1268 2723 Brebiri
1293 2656 1523 2745 qrdfok
1552 2661 1871 2724 szdmcira.
1904 2654 2099 2721 1151.

647 2837 728 2904 In
757 2836 1018 2907 nomine
1044 2833 1284 2905 Sancte
1304 2835 1644 2904 Trinitatis
1677 2841 1743 2904 et
1770 2835 2117 2905 Indiuidua
2135 2833 2424 2905 Unitatis
2452 2836 2680 2902 Amen.

429 2944 597 3014 Bela
626 2942 754 3012 Dei
789 2942 1018 3029 gracia
1059 2943 1420 3029 Hungarie,
1454 2942 1821 3032 Dalmaeie,
1857 2945 2147 3031 Croacie,
2180 2947 2407 3029 Rame‚
2438 2942 2685 3027 Seruio,

432 3050 735 3136 Gallicis,
783 3050 1189 3136 Lodomerie‚
1238 3050 1684 3138 Gumanieque
1722 3053 1864 3121 Rex
1909 3054 2383 3141 inperpetuum.
2433 3052 2687 3135 Regum

429 3160 751 3229 celsitudo
799 3159 1072 3244 requirit
1121 3166 1190 3227 et
1217 3159 1593 3227 sublimium
1634 3160 1910 3230 debetur
1939 3159 2267 3249 dignitati,
2318 3165 2390 3227 ut
2419 3158 2687 3227 intuitus

430 3268 537 3337 sui
566 3267 792 3336 oculos
822 3273 1006 3337 tanto
1038 3267 1386 3337 iocundius
1417 3268 1485 3335 in
1514 3286 1671 3338 suos
1702 3268 1930 3337 fideles
1962 3267 2212 3354 iniciat,
2260 3272 2509 3353 quanto
2539 3267 2690 3354 ipsa

431 3374 737 3461 fidelitas,
786 3394 904 3463 per
951 3394 1149 3462 quam
1198 3376 1453 3462 Regum
1498 3376 2000 3463 Regnorumque
2050 3377 2335 3445 omnium
2383 3376 2690 3463 potencia

433 3483 798 3569 roboratur,
832 3484 1065 3553 ceteris
1094 3483 1445 3553 virtutibus
1476 3483 1765 3572 politicis
1798 3491 1899 3553 est
1925 3487 2154 3555 merito
2178 3484 2588 3573 preferenda,
2620 3491 2688 3552 et

435 3591 869 3678 amplioribus
919 3593 1192 3681 premiis
1246 3593 1618 3680 attolenda3
1684 3595 2070 3682 praesertim
2117 3613 2263 3664 eum
2319 3593 2687 3663 hominibus

433 3698 695 3769 infectis
719 3702 1087 3789 corruptela
1108 3701 1314 3771 seculi
1347 3702 1772 3791 senescentis,
1807 3721 1935 3788 quo
1953 3702 2164 3771 rarior
2185 3701 2576 3790 repperitur,
2610 3721 2689 3769 eo

435 3810 650 3878 carior
682 3810 769 3879 sit
798 3809 1105 3879 habenda
1135 3816 1202 3878 et
1232 3809 1581 3879 ardencius
1630 3810 2091 3900 amplexanda.
2142 3812 2285 3879 Hac
2315 3809 2513 3897 igitur
2545 3829 2692 3877 con-

432 3911 846 3988 sideracione
876 3917 1125 3988 inducti
1173 3925 1396 3988 tenore
1426 3918 1837 4006 presencium
1887 3919 2057 3987 scire
2092 3919 2388 3988 uolumus
2435 3917 2689 3988 univer·

435 4044 568 4112 sos,
602 4024 778 4109 quod
807 4045 954 4094 cum
982 4022 1212 4094 fideles
1267 4025 1472 4095 nostri
1503 4022 1789 4112 Stephco
1820 4024 2056 4095 Comes
2087 4032 2154 4093 et
2183 4026 2393 4095 Jacou
2423 4023 2543 4093 filii
2576 4025 2692 4095 Co·

434 4131 615 4200 mitis
643 4133 982 4220 Stephani,
1015 4129 1370 4219 Gregorius
1403 4137 1470 4200 et
1486 4133 1727 4202 Daniel
1758 4130 1992 4202 Comes
2022 4131 2142 4200 filii
2178 4132 2451 4202 Bribine
2477 4129 2689 4201 Comi-

433 4240 545 4325 tis,
577 4246 644 4309 et
670 4239 915 4330 Obrad,
966 4261 1088 4311 nec
1119 4261 1252 4309 non
1286 4249 1353 4310 et
1402 4247 1678 4330 nepotes
1710 4243 1872 4329 ejus,
1905 4242 2026 4311 filii
2075 4239 2385 4311 uidelicet
2423 4239 2691 4313 Comitis

431 4347 776 4436 Budyzlai,
801 4349 1073 4420 Nobiles
1095 4349 1178 4419 de
1198 4349 1534 4436 Breberio,
1568 4370 1611 4418 a
1628 4349 1943 4439 primeuis
1968 4352 2260 4438 ipsorum
2291 4350 2693 4440 temporibus

432 4455 729 4545 paternis
761 4458 1064 4545 uestigiis
1113 4458 1484 4529 inherentes
1516 4467 1655 4528 tam
1684 4468 1878 4547 grata
1925 4479 2183 4549 semper
2214 4459 2552 4528 fidelitatis
2583 4459 2693 4529 ob-

433 4565 668 4652 sequia
715 4572 784 4635 et
830 4566 1075 4655 ubique
1123 4567 1488 4639 attollenda
1539 4588 1760 4640 coram
1791 4571 2034 4642 Nostro
2071 4567 2434 4640 Maiestatis
2484 4568 2691 4638 oculis

429 4673 790 4746 studiosius
837 4677 1286 4765 impedissent,
1340 4685 1410 4747 ut
1439 4677 1836 4767 expugnatis
1868 4686 1936 4748 et
1985 4677 2291 4764 effugatis
2341 4677 2691 4766 Damaldo,
