3359 5250
1824 347 1954 411 442

768 555 870 616 tus
907 547 1175 614 Elexius
1207 546 1487 612 Henrico
1521 547 1755 618 Comiti
1805 547 2225 632 Simighiensi
2277 543 2494 615 Judici
2536 544 2728 613 Curie
2768 544 3013 609 domini

768 657 967 741 Regis
1017 676 1133 740 pro
1185 655 1642 741 redempcione
1692 657 2029 744 cujusdam
2094 658 2532 744 possessionis
2582 676 2699 725 sue
2754 655 3015 726 nornine

766 764 1130 833 Moninehel
1181 770 1508 831 teneretur
1538 765 1607 830 in
1660 765 1951 833 ducentis
1986 769 2243 849 mareis,
2300 786 2418 832 nec
2449 766 2722 833 haberet
2774 766 3011 852 inipso

765 875 1033 943 instanti
1068 882 1366 960 paratam
1418 874 1780 959 pecuniam,
1834 876 1917 941 de
1948 895 2079 959 qua
2110 875 2494 943 satisfacere
2526 884 2747 963 posset
2780 875 3013 944 Comiti

765 984 1045 1051 Henrico
1079 981 1478 1068 supradicte,
1513 982 1811 1048 dominus
1847 982 2072 1049 Abbas
2104 983 2408 1068 precibus
2448 982 2768 1069 sepedicti
2803 986 3015 1052 Elexii

771 1093 1125 1159 inclinatus
1172 1088 1254 1155 de
1288 1089 1563 1174 pecunia
1591 1090 1963 1156 Monasterii
1997 1092 2098 1157 sui
2129 1090 2460 1176 predictas
2507 1089 2819 1159 ducentas
2853 1113 3013 1159 mar-

766 1219 877 1267 cas
929 1201 998 1266 in
1048 1196 1338 1264 denariis
1389 1197 1745 1281 Regalibus
1796 1217 1936 1263 cum
1989 1198 2276 1283 pondere
2310 1236 2396 1246 -
2434 1237 2511 1246 —
2547 1199 2801 1285 eidem,
2854 1222 3013 1283 quas

769 1311 978 1375 eciam
1012 1306 1310 1372 dominus
1342 1304 1563 1371 Abbas
1597 1305 1656 1371 ei
1686 1305 1865 1371 dedit
1896 1325 2115 1373 coram
2149 1306 2360 1390 nobis,
2415 1328 2531 1393 pro
2566 1307 2802 1390 quibus
2843 1307 3013 1374 idem

767 1415 1038 1483 Elexius
1088 1412 1416 1499 quandam
1469 1415 1948 1499 possessionem
2000 1434 2186 1482 suam
2238 1416 2499 1483 nomine
2529 1416 2652 1483 Vrs
2704 1416 2897 1483 sitam
2947 1418 3013 1482 in

771 1525 1097 1595 comitatu
1128 1523 1546 1607 Simighiensi
1599 1542 1739 1589 eum
1774 1524 2073 1592 omnibus
2112 1524 2503 1592 vtilitatibus
2551 1525 2688 1592 suis
2728 1531 2795 1590 et
2823 1527 3017 1612 perti-

769 1632 1041 1717 nenciis,
1075 1631 1263 1699 terris
1314 1630 1621 1698 uidelicet
1652 1632 2037 1716 arabilibus,
2076 1631 2332 1714 tenetis»,
2374 1632 2744 1718 piscaturis,
2779 1631 3012 1718 syluis,

771 1743 980 1810 seruis
1012 1747 1077 1809 et
1125 1739 1450 1806 libertinis
1482 1758 1562 1805 ac
1593 1739 1843 1825 insulis,
1895 1759 2014 1806 nec
2047 1760 2174 1806 non
2208 1741 2362 1807 aliis
2394 1740 2806 1827 appendiciis
2838 1739 3013 1807 idem

768 1851 1038 1924 Elexius
1072 1849 1244 1916 dicto
1278 1847 1535 1916 domino
1567 1847 1807 1914 Abbati
1842 1854 1907 1914 et
1937 1850 2332 1917 Monastcrio
2365 1850 2504 1916 eius
2546 1851 3016 1936 impignorauit

768 1965 832 2033 in
882 1962 1049 2030 festo
1102 1958 1323 2023 Sancti
1357 1956 1700 2022 Laurencii
1752 1956 1869 2022 tali
1920 1957 2163 2025 modo:
2214 1959 2299 2023 Vt
2334 1957 2403 2023 in
2453 1959 2776 2044 principio
2827 1962 3012 2028 tercii

767 2071 922 2141 anni
956 2068 1231 2136 eandem
1253 2065 1571 2132 redimere
1602 2070 1941 2148 teneretur,
1976 2066 2189 2133 medio
2211 2073 2427 2132 autem
2464 2073 2754 2152 tempore
2787 2091 3016 2142 omnes

768 2183 1011 2249 fructus
1045 2184 1110 2243 et
1139 2176 1454 2243 vtilitates
1486 2175 1696 2259 ipsius
1727 2176 2165 2258 possessionis
2200 2175 2501 2242 dominus
2521 2177 2746 2244 Abbas
2779 2183 2841 2245 et
2881 2181 3009 2249 Mo·

768 2287 1124 2358 nasterium
1175 2286 1386 2370 ipsius
1435 2285 1790 2371 percipere,
1844 2302 1964 2349 nec
2013 2284 2185 2349 idem
2238 2285 2504 2354 Elexius
2554 2295 2709 2355 ante
2755 2289 3012 2374 lapsum

771 2400 1042 2467 duorum
1095 2413 1408 2461 annorum
1458 2394 1697 2477 poterit
1740 2389 2080 2479 redimere,
2132 2395 2199 2459 in
2248 2396 2571 2482 principio
2622 2418 2775 2467 vero
2825 2403 3012 2468 tercii

770 2507 921 2575 anni
957 2503 1297 2571 restituere
1328 2502 1649 2568 tenebitur
1680 2500 1942 2569 domino
1991 2501 2237 2568 Abbati
2270 2502 2582 2571 ducentas
2616 2526 2875 2574 marcas
2909 2530 3011 2578 eo·

768 2615 918 2682 dem
949 2612 1142 2681 modo
1174 2632 1315 2678 cum
1350 2609 1637 2697 pondere
1668 2611 1838 2678 sicut
1869 2612 1928 2678 ei
1964 2618 2113 2678 sunt
2146 2613 2377 2680 solute.
2412 2612 2481 2679 Si
2516 2619 2731 2681 autem
2765 2616 2830 2681 in
2865 2617 3011 2702 ipso

770 2724 1040 2790 termino
1063 2721 1380 2787 redimere
1413 2720 1612 2786 nollet
1632 2726 1745 2785 aut
1778 2738 1905 2784 non
1929 2725 2171 2805 posset,
2207 2726 2426 2805 partes
2447 2740 2664 2788 coram
2696 2725 2887 2792 nobis
2906 2746 3014 2794 no·

771 2830 1107 2899 minabunt
1135 2847 1451 2914 personas
1483 2826 1568 2892 ad
1602 2826 2031 2892 estimandam
2055 2829 2538 2913 possessionem
2569 2838 3011 2917 memoratam,

766 2941 943 3007 facta
992 2931 1210 3005 autem
1257 2937 1676 3003 estimacione
1717 2935 2018 3019 quicquid
2052 2936 2223 3003 vltra
2256 2935 2567 3006 ducentas
2616 2961 2871 3007 mareas
2904 2961 3010 3009 su-

767 3048 1104 3136 perfuerit,
1132 3046 1311 3131 justo
1337 3045 1556 3130 precio
1590 3044 1885 3111 dominus
1906 3045 2133 3112 Abbas
2156 3047 2410 3113 soluere
2443 3046 2764 3114 tenebitur
2780 3049 3011 3118 Elexio

769 3157 1122 3241 sepedicto,
1157 3157 1212 3221 si
1236 3155 1510 3221 eandem
1534 3152 1809 3221 uoluerit
1831 3173 2229 3238 comparare,
2256 3156 2545 3239 alioquin
2576 3158 2725 3242 ipsa
2755 3177 3010 3242 posses·

767 3264 865 3332 sio
899 3264 1073 3348 apud
1123 3263 1452 3329 dominum
1490 3263 1807 3329 Abbatem
1844 3269 1909 3329 et
1957 3265 2167 3348 ipsius
2205 3264 2667 3331 Monasterium
2706 3269 3014 3352 oppigno-

766 3377 913 3439 rata
968 3371 1342 3439 remanebit.
1398 3371 1537 3436 Hoc
1584 3371 1790 3438 eciam
1841 3371 2140 3439 nolumus
2193 3372 2681 3458 pretermittere,
2734 3375 2910 3458 quod
2960 3375 3015 3441 si

770 3479 983 3545 «lictus
1005 3479 1278 3546 Elexius
1313 3480 1381 3544 in
1416 3480 1688 3547 termino
1721 3480 2037 3549 solucioni
2072 3480 2370 3547 faciende
2407 3483 2747 3565 assignato
2782 3503 2901 3549 nee
2932 3481 3018 3549 ad

767 3585 1139 3653 faciendam
1173 3588 1592 3671 solucionem,
1646 3608 1767 3654 nec
1800 3591 2007 3656 eciam
2050 3586 2137 3655 ad
2188 3590 2558 3673 eligendum
2608 3590 3018 3658 estimatores

771 3697 970 3763 uellet
1002 3696 1334 3779 accedere,
1372 3696 1517 3781 ipsa
1549 3697 1879 3781 possessio
1929 3697 2102 3766 dicto
2136 3698 2377 3764 Abbati
2411 3705 2475 3763 et
2505 3698 2647 3783 ejus
2697 3699 3018 3766 Monaste·

772 3804 866 3870 rio
917 3810 1227 3891 perpetuo
1281 3812 1643 3872 remaneret
1693 3805 2112 3893 possidenda.
2179 3807 2320 3874 Hoc
2374 3805 2584 3872 eciam
2648 3806 3018 3892 adjicimus,

770 3912 942 3997 quod
975 3913 1028 3978 si
1064 3913 1299 3995 aliquis
1352 3915 1982 3998 consanguineorum
2012 3915 2218 4000 ipsius
2252 3915 2468 3981 Elexii
2499 3917 2604 3982 vel
2656 3915 2872 3998 quiuis
2907 3913 3021 3980 ali-

761 4039 838 4086 us
891 4021 1100 4107 ipsum
1153 4021 1484 4089 dominum
1518 4022 1839 4088 Abbatem
1891 4022 1995 4088 uel
2046 4023 2507 4090 Monasterimn
2563 4041 2748 4089 suum
2801 4020 3017 4088 medio

763 4137 1054 4216 tempore
1104 4132 1298 4196 vellet
1346 4132 1657 4217 impetere
1707 4152 1903 4217 super
1953 4132 2102 4217 ipsa
2133 4132 2569 4218 possessione,
2620 4131 2726 4198 vel
2774 4128 3016 4213 aliquis

769 4238 1135 4322 molestare,
1188 4238 1563 4323 sepedictus
1597 4240 1865 4306 Elexius
1915 4240 2194 4326 propriis
2242 4241 2579 4308 laboribus
2612 4246 2677 4306 et
2707 4238 3017 4324 expensis

762 4348 1072 4430 expedire
1125 4347 1459 4433 tenebitur,
1518 4368 1595 4413 ac
1629 4348 1871 4432 injure
1921 4349 2364 4435 possessionis
2415 4354 2773 4415 memorate
2802 4345 3017 4412 Abba-

763 4463 889 4522 tem
940 4463 1006 4523 et
1067 4457 1528 4525 monasterium
1591 4477 1779 4524 suum
1832 4476 2243 4525 conseruare.
2322 4456 2748 4544 supradictus
2809 4454 3016 4521 eciam

757 4564 1047 4632 Joannes
1100 4565 1271 4632 filius
1304 4565 1606 4649 Gregorii
1639 4574 1704 4632 et
1734 4566 1960 4634 Abbas
2002 4567 2082 4634 de
2112 4569 2234 4635 Jaz
2266 4566 2546 4635 confessi
2594 4571 2747 4631 sunt
2798 4580 3017 4628 coram

759 4673 968 4756 nobis,
1023 4673 1196 4756 quod
1245 4673 1416 4741 idem
1450 4676 1739 4742 Joannes
1792 4684 1859 4743 et
1892 4676 2353 4743 monasterium
2386 4674 2471 4741 de
2502 4675 2623 4741 Jaz
2671 4670 2914 4736 nullam
2948 4668 3009 4733 in
