3359 5250
1477 366 1608 433 227

403 564 682 633 nistrum
731 562 1031 633 Fratrum
1064 561 1384 631 Minorum
1438 581 1553 649 per
1600 563 2029 648 Hungariam,
2083 563 2190 630 vel
2221 581 2299 630 eo
2329 559 2667 648 prepedito

402 692 523 760 per
554 670 825 740 fratrem
875 671 1241 740 Romanum
1292 669 1739 740 confessorem
1772 675 2062 741 nostrum
2102 670 2471 741 curauimus
2521 668 2664 738 inti-

404 800 621 866 mare3
678 799 952 866 quorum
1004 779 1196 848 dictis
1244 785 1467 849 vestra
1533 776 1758 849 credat
1808 778 2139 850 Sanctitas
2191 780 2664 849 incunctanter.

406 888 713 957 Vestram
745 888 946 975 igitur
978 886 1459 958 Beatitudinem
1508 888 1930 958 affectuosius
1960 888 2343 975 requirimus
2381 907 2499 976 per
2527 904 2670 974 pre-

408 1002 650 1081 sentes,
683 1002 1003 1084 quatenus
1037 996 1122 1065 de
1150 995 1392 1065 nostris
1423 995 1618 1065 factis
1647 1016 1769 1084 per
1812 995 2078 1065 eosdem
2107 996 2298 1064 vobis
2329 992 2672 1082 expositis,

409 1104 627 1174 velitis
658 1104 1092 1192 paternaliter
1120 1103 1501 1192 prouidere;
1552 1103 1911 1190 peticiones
1962 1111 2242 1189 nostras,
2297 1121 2460 1187 quas
2510 1099 2669 1169 fidu-

412 1213 665 1282 cialiter
692 1232 813 1300 per
844 1215 1025 1301 ipsos
1056 1211 1244 1281 vobis
1274 1213 1710 1300 porreximus,
1743 1212 2193 1283 fauorabiliter
2230 1210 2672 1282 admittentes.

414 1319 521 1387 Ad
551 1321 671 1389 hec
700 1321 1000 1408 petimus,
1034 1327 1107 1389 vt
1135 1322 1378 1390 latores
1408 1322 1838 1408 presencium,
1874 1340 2019 1389 cum
2053 1339 2275 1390 eorum
2308 1319 2554 1389 reditus
2585 1318 2675 1386 sit

416 1428 607 1497 nobis
655 1448 967 1516 perquam
1017 1429 1442 1516 necessarius,
1498 1428 1861 1514 dignemini
1903 1428 2295 1514 quantocius
2343 1426 2674 1513 expedire.

417 1536 661 1604 Datum
697 1534 876 1622 apud
906 1534 1206 1608 Castrum
1236 1535 1542 1606 Ferreum
1574 1535 1781 1606 XVII.
1816 1533 2142 1606 kalendas
2176 1533 2575 1604 Decembris.

413 1734 625 1805 (Dudik
650 1733 798 1787 Beda
836 1733 1186 1802 szlemenye
1230 1750 1264 1786 a
1290 1734 1461 1788 romai
1485 1732 1893 1790 Vallicelli·fele
1939 1732 2208 1801 kbnyvtar
2233 1735 2402 1802 egyik
2451 1731 2681 1787 keairati

416 1825 750 1879 codex-ebb'l.
795 1826 978 1879 Jakab
1005 1821 1160 1879 barat
1191 1827 1341 1879 1247.
1370 1825 1486 1878 volt
1529 1844 1563 1878 a
1587 1825 2028 1879 ferenczrendiek
2072 1821 2514 1891 magyarorszagi
2559 1840 2678 1890 pro·

1388 1912 1715 1984 vincihlisa.)

1480 2687 1634 2757 153.

432 2866 557 2933 IV.
589 2867 749 2934 Be‘la
779 2867 1113 2955 hircilynak
1156 2866 1235 2953 Uj
1269 2867 1448 2957 Chap
1484 2873 1643 2935 nemi
1660 2868 1916 2954 s5ldbol
1962 2892 2076 2957 eqy
2107 2871 2205 2936 elce
2235 2873 2345 2937 ald
2377 2872 2520 2937 υαῖό
2551 2872 2684 2957 scil-

743 2974 845 3041 det
872 2975 1173 3063 tcirqyazd
1203 2974 1558 3062 adomdnya
1590 2975 1829 3043 de'el
1857 2978 2168 3045 szdmdra.
2199 2975 2394 3042 1247.

652 3174 816 3243 Bela
854 3171 981 3241 Dei
1031 3172 1260 3256 gracia
1308 3172 1665 3261 Hungarie,
1713 3175 2073 3261 Dalmacie,
2125 3175 2412 3262 Oroacic,
2460 3179 2687 3263 Rame,

440 3283 693 3368 Seruie,
724 3281 1021 3367 Gallicis,
1062 3278 1464 3368 Lodomerie,
1487 3280 1929 3369 unmanioque
1950 3285 2091 3353 Rex
2126 3321 2200 3334 -
2243 3322 2315 3334 -
2361 3323 2431 3336 —-
2478 3326 2554 3337 —
2590 3306 2690 3353 sa-

436 3394 643 3460 lutem
672 3390 741 3457 in
774 3408 873 3478 eo,
904 3388 1016 3474 qui
1044 3392 1228 3460 salus
1267 3390 1554 3461 omnium
1586 3410 1733 3460 esse
1783 3392 2136 3477 profitetur.
2173 3391 2689 3482 Circumspeccio

436 3500 691 3584 Regum
721 3496 1003 3586 prouida
1032 3497 1376 3585 condignis
1407 3500 1674 3587 premiis
1706 3499 1832 3568 sibi
1862 3500 2210 3587 obsequien
2251 3538 2325 3549 —
2370 3541 2443 3553 -
2490 3541 2562 3552 -
2607 3540 2681 3552 -

446 3645 523 3658 —
560 3646 634 3659 —
663 3606 999 3677 fidelitatis
1028 3625 1230 3696 opera
1255 3644 1329 3657 —
1375 3647 1447 3660 -
1488 3608 1948 3680 accendantur.
1980 3610 2085 3679 Ad
2106 3612 2549 3681 vniuersitatis
2576 3613 2693 3698 igi-

436 3725 543 3785 tur
572 3723 788 3785 uestre
816 3716 1127 3786 noticiam
1166 3718 1509 3804 peruenire
1556 3719 1856 3788 volumus
1906 3719 2315 3807 presencium
2367 3739 2481 3807 per
2521 3726 2692 3790 teno-

440 3843 620 3893 rem:
651 3823 827 3910 quod
843 3843 991 3893 cum
1008 3823 1247 3893 Daniel
1278 3824 1449 3894 filius
1484 3862 2036 3878 —————
2073 3827 2384 3914 locorum,
2415 3847 2545 3913 quo
2574 3848 2694 3896 nos

442 3931 734 4021 qualitas
762 3929 1072 4018 temporis
1103 3950 1249 4001 cum
1279 3931 1567 4002 exercitu
1591 3934 1688 4002 ire
1718 3942 2126 4022 poposcerat,
2158 3934 2436 4004 fideliter
2466 3953 2546 4003 ac
2564 3943 2694 4004 stu-

442 4041 632 4111 diose
667 4037 1069 4125 seruiuisset,
1119 4039 1296 4109 idem
1325 4062 1444 4129 pro
1475 4061 1592 4112 suo
1625 4061 1744 4111 vsu
1775 4049 1951 4113 terra
1981 4042 2220 4128 arabilj
2257 4080 2329 4095 --
2375 4081 2450 4096 -
2495 4081 2569 4094 -
2615 4081 2689 4094 —

453 4187 529 4201 —
573 4184 650 4199 —
688 4147 881 4217 nobis
925 4148 1342 4236 supplicauit,
1389 4155 1462 4218 ut
1506 4149 1591 4218 de
1640 4159 1817 4221 terra
1846 4150 2127 4239 Wichap
2160 4148 2374 4221 castri
2422 4150 2700 4220 Nitrien·

442 4257 558 4345 sis,
592 4262 1109 4325 commetaneam
1160 4276 1277 4326 sue
1321 4265 1494 4327 terre
1524 4258 1934 4346 hereditarie,
1985 4267 2225 4328 terram
2260 4258 2447 4327 vnius
2498 4260 2700 4327 aratri

446 4365 576 4434 sibi
606 4361 902 4434 conferre
920 4363 1361 4450 dignaremur.
1390 4366 1529 4436 Nos
1558 4374 1799 4453 autem,
1828 4365 1941 4453 qui
1979 4403 2051 4419 --
2097 4403 2170 4417 -
2208 4372 2281 4434 ta
2299 4366 2702 4450 singulorum

448 4473 518 4541 in
550 4471 832 4557 singulis
872 4508 946 4524 --
988 4509 1062 4522 —
1107 4507 1181 4522 -—
1221 4473 1522 4544 omnibus
1552 4476 1741 4545 nobis
1771 4473 2050 4544 subditis
2082 4474 2280 4560 digne
2308 4472 2706 4562 respondere

449 4589 765 4665 tenemur,
794 4578 1228 4650 consideratis
1260 4582 1559 4651 seruiciis
1579 4593 1645 4652 et
1675 4583 2120 4668 fidelitatibus,
2153 4602 2282 4668 que
2313 4581 2486 4650 idem
2517 4581 2706 4651 nobis

454 4696 520 4757 et
536 4689 765 4773 Regno
785 4692 1012 4756 nostro
1053 4724 2320 4741 ———————————
2360 4689 2533 4771 quod
2564 4690 2707 4776 ipse

2267 4809 2297 4863 1
2310 4808 2345 4867 5
2361 4807 2389 4837 ¹*
