3359 5250
1780 333 1914 400 234

719 534 901 602 dicta
950 533 1346 602 facultatem.
1418 532 1600 601 Nulli
1650 552 1808 618 ergo
1860 532 2118 601 omnino
2169 531 2498 600 hominum
2557 528 2753 598 liceat
2799 528 2973 598 hanc

720 643 1036 732 paginam
1066 648 1288 710 nostre
1320 639 1761 711 concessionis
1794 639 2168 728 infringere,
2199 640 2306 708 vel
2338 639 2398 708 ei
2432 659 2596 709 ausu
2625 636 2970 707 temerario

719 749 1065 820 couti-aire.
1099 749 1172 817 Si
1194 749 1341 834 quis
1362 755 1581 816 autem
1601 747 1728 815 hoc
1747 752 2137 834 attemptare
2157 746 2644 837 presumpserit,
2676 745 2974 834 indigna-

719 856 958 925 tionem
991 854 1472 943 Omnipotentis
1503 855 1647 942 Dei,
1704 858 1767 923 et
1797 854 2148 923 Beatorum
2180 854 2355 923 Petri
2382 860 2445 922 et
2475 855 2664 925 Pauli
2693 854 2972 946 Aposto-

716 966 924 1033 lorum
955 965 1098 1051 ejus
1130 983 1204 1033 se
1229 963 1483 1034 noverit
1510 953 1934 1032 incursurum.
1991 964 2234 1030 Datum
2267 961 2569 1049 Lugduni
2599 965 2708 1034 vl.
2743 966 2969 1037 kalen-

716 1071 836 1142 das
867 1072 1291 1159 Septembris,
1325 1070 1748 1140 Pontificatus
1778 1072 1987 1139 nostri
2021 1090 2191 1140 anno
2230 1073 2474 1158 quinto.

1370 1270 1684 1336 (Tursenev
1705 1274 1779 1330 id.
1808 1289 1876 1328 m.
1903 1276 1947 1329 1.
1973 1269 2090 1328 kat·
2120 1267 2209 1322 ιι.
2235 1267 2298 1336 ι)

1756 2049 1907 2144 leo.

712 2226 759 2292 I
768 2227 832 2291 V.
866 2227 1043 2295 Inczc
1065 2235 1245 2317 pdpa
1274 2231 1693 2319 belecyyezebe't
1719 2230 1892 2316 adja,
1927 2233 2092 2317 hoqy
2121 2230 2359 2298 Daniel
2382 2226 2692 2314 Galiczia,
2720 2235 2781 2296 εἰς
2815 2229 2964 2297 Wa—

707 2335 899 2401 szt'lko
928 2336 1304 2404 Lodomeria
1320 2339 1722 2425 kirdlyainak
1738 2339 2129 2425 orsqudban
2152 2362 2194 2403 a
2210 2338 2497 2402 kcrcsztes
2513 2360 2679 2424 vaqy
2708 2343 2845 2404 ηιάε
2862 2339 2966 2403 ba-

702 2443 881 2509 rdtok
918 2444 1062 2511 csak
1078 2446 1464 2532 enchelmo‘k
1481 2449 1705 2514 mellea
1721 2447 2129 2513 birhassanak
2147 2445 2730 2533 sekvdjdsquokat.
2765 2442 2966 2515 1247.

927 2642 1346 2712 Innocentius
1379 2644 1748 2733 Episcopus
1768 2661 1998 2713 servus
2022 2662 2358 2712 servorum
2376 2641 2502 2709 Dei
2534 2640 2792 2711 dilectis
2811 2641 2964 2712 filiis

712 2748 1089 2819 Illustribus
1120 2751 1383 2837 Danieli
1413 2752 1648 2822 Russie
1679 2758 1748 2821 et
1775 2751 1882 2819 W.
1913 2749 2345 2821 Laudemerie
2384 2747 2572 2816 fratri
2602 2748 2744 2817 eius
2774 2750 2964 2837 Regi-

707 2855 853 2940 bus,
887 2861 955 2924 et
982 2865 1138 2929 nato
1159 2858 1450 2945 ejusdem
1469 2859 1768 2929 Danielis
1789 2861 2069 2929 salutem
2088 2863 2155 2926 et
2173 2855 2626 2946 Apostolicam
2656 2854 2956 2925 benedic-

702 2962 963 3032 tionem.
983 2964 1414 3052 Exigentibus
1436 2974 1651 3038 vestre
1672 2966 2036 3037 devotionis
2054 2965 2303 3036 meritis
2323 2963 2494 3035 votis
2503 2962 2741 3034 vestris
2760 2965 2963 3033 liben-

706 3073 806 3137 ter
840 3072 1207 3160 annuimus,
1243 3082 1311 3156 et
1340 3075 1690 3163 petitiones
1719 3083 1999 3160 vestras,
2040 3078 2353 3162 quantum
2383 3092 2528 3142 cum
2564 3074 2710 3142 Deo
2736 3091 2962 3160 possu-

705 3194 875 3262 mus,
901 3176 1344 3251 favorabiliter
1375 3182 1780 3252 exaudimus.
1815 3181 2069 3250 Vestris
2114 3181 2336 3268 itaque
2366 3178 2956 3268 supplicationibus

712 3284 1030 3371 inclinati,
1070 3294 1145 3356 ut
1164 3287 1384 3358 nullus
1405 3287 1899 3374 Cruciferorum,
1933 3290 2041 3357 vel
2076 3288 2353 3358 aliorum
2390 3286 2844 3374 religiosorum
2892 3287 2962 3355 in

709 3390 944 3461 vestris
962 3393 1149 3462 terris
1166 3394 1522 3483 acquisitis,
1561 3402 1627 3464 et
1645 3394 2084 3482 acquirendis,
2116 3392 2200 3464 de
2232 3393 2455 3480 aliquo
2484 3413 2559 3462 se
2576 3393 2957 3463 intromitte-

705 3520 798 3587 re,
816 3502 923 3570 vel
952 3501 1434 3589 possessionem
1452 3505 1743 3589 aliquam
1765 3504 2102 3590 acquirere
2120 3503 2371 3588 absque
2399 3502 2810 3587 beneplacito
2854 3522 2961 3570 ve-

701 3618 839 3679 stro
868 3609 1113 3697 valeat,
1144 3612 1535 3681 auctoritate
1562 3611 1753 3682 vobis
1785 3610 2084 3700 predicta
2119 3610 2552 3697 indulgemus.
2592 3609 2773 3678 Nulli
2802 3629 2959 3698 ergo

703 3716 963 3787 omnino
987 3716 1319 3787 hominum
1359 3719 1559 3789 liceat
1587 3721 1758 3788 hanc
1787 3718 2103 3806 paginam
2135 3726 2355 3789 nostre
2384 3718 2831 3789 concessionis
2868 3718 2961 3787 in·

701 3824 1010 3912 fringere,
1061 3825 1169 3896 vel
1198 3827 1260 3894 ei
1297 3845 1461 3895 ausu
1492 3827 1839 3896 temerario
1870 3826 2210 3895 contraire.
2269 3827 2340 3895 Si
2372 3825 2520 3912 quis
2572 3832 2788 3896 autem
2838 3825 2964 3896 hoc

702 3938 1098 4021 attemptare
1127 3933 1616 4021 presumpserit,
1648 3932 2168 4019 indignationem
2200 3932 2678 4020 Omnipotentis
2707 3932 2856 4019 Dei,
2892 3938 2959 3999 et

704 4040 1057 4111 Beatorum
1084 4041 1262 4110 Petri
1293 4049 1359 4111 et
1385 4042 1579 4110 Pauli
1616 4041 2076 4131 Apostolorum
2106 4044 2252 4129 ejus
2282 4060 2357 4111 se
2391 4040 2649 4111 noverit
2676 4043 2964 4110 incamu-

700 4167 864 4215 rum.
917 4148 1162 4216 Datum
1193 4147 1498 4235 Lugduni
1528 4149 1639 4218 VI.
1679 4148 2006 4218 kalendas
2058 4149 2481 4235 Septembris,
2532 4148 2961 4219 Pontificatus

700 4256 907 4327 nostri
938 4275 1112 4327 anno
1145 4255 1390 4341 quinto.

1377 4452 1585 4524 (Turge
1600 4468 1704 4509 nev
1729 4456 1802 4507 id.
1821 4469 1889 4508 m.
1918 4458 1961 4510 1.
1989 4456 2102 4510 kat.
2130 4454 2295 4524 621.)
