3359 5250
1388 349 1518 416 369

311 562 513 628 super
545 542 673 629 hijs
723 550 948 611 contra
998 547 1446 615 concessionis
1495 552 1718 614 nostre
1766 549 2057 613 tenorem
2110 545 2195 611 ab
2246 543 2572 629 aliquibus

314 653 607 720 indebite
666 656 1056 739 molestare3
1123 657 1576 724 molestatores
1628 644 1999 722 huiusmodi
2051 673 2168 741 per
2229 672 2572 721 censuram

313 759 852 847 ecclesiasticam,
909 763 1365 851 appellacione
1415 764 1789 851 postposita
1809 817 1827 850 ‚
1884 761 2392 849 compescendo;
2444 782 2574 830 non

313 870 619 938 obstante
636 921 656 956 ,
704 872 764 938 si
813 870 1157 960 aliquibuS,
1209 870 1384 957 quod
1431 873 2013 957 excommunicari,
2072 870 2409 960 suspendi,
2465 869 2571 936 uel

313 977 642 1064 interdici,
698 985 812 1046 aut
841 982 1178 1051 conueniri
1229 989 1415 1049 extra
1448 988 1625 1049 certa
1654 980 1801 1049 loca
1830 1002 1960 1049 non
1992 979 2275 1066 valeant,
2327 999 2371 1046 a
2401 976 2575 1046 Sede

313 1086 703 1173 Apostolica
752 1087 839 1154 sit
885 1088 1224 1173 indultum,
1289 1095 1354 1156 et
1401 1089 1863 1158 constitutione
1918 1088 2001 1154 de
2048 1087 2305 1156 duabus
2358 1086 2576 1169 dietis,

315 1194 501 1262 edita
531 1196 598 1262 in
631 1196 925 1265 Concilio
978 1197 1308 1266 Generali.
1358 1198 1600 1267 Datum
1650 1198 1952 1283 Anagnie
1989 1198 2102 1264 IV.
2153 1214 2359 1264 nonas
2392 1192 2575 1263 Octo·

317 1308 474 1390 bris,
509 1304 932 1374 Pontificatus
967 1306 1173 1375 nostri
1205 1328 1379 1376 anno
1410 1308 1562 1375 XII.

521 1520 621 1592 (An
650 1524 853 1577 eredeti
880 1521 1011 1577 auin
1037 1526 1228 1579 Knauz
1254 1527 1302 1579 N
1307 1522 1492 1587 findor,
1519 1526 1751 1592 Magyar
1776 1526 1906 1578 Sion
1935 1527 2008 1578 11.
2036 1525 2147 1578 ket.
2174 1523 2296 1576 678.
2322 1521 2382 1590 l.)

1379 2314 1536 2383 258.

322 2516 585 2581 Roldnd
617 2517 825 2581 uddor
855 2540 894 2579 α
928 2515 972 2579 Ι
983 2514 1050 2579 V.
1082 2514 1240 2581 Be'la
1270 2515 1601 2601 hircilynak
1635 2515 1853 2602 Lapsa
1899 2522 2056 2581 mvii
2101 2516 2357 2582 birtokot
2391 2541 2433 2581 a
2469 2517 2575 2582 do·

323 2626 653 2690 morth-osok
682 2626 937 2691 vasvciri
951 2636 1302 2690 monostora
1332 2631 1629 2691 szcima'ra
1659 2629 1964 2720 ta'rquzd
1996 2627 2382 2711 adomdnydt
2395 2625 2579 2711 Χορα-

1183 2733 1494 2817 natositja.
1526 2732 1723 2799 1254.

542 2930 679 2998 Nos
712 2928 1048 2998 Rolandus
1081 2930 1424 2997 Palatinus
1459 2937 1523 2997 et
1554 2929 1791 2999 Comes
1823 2929 2243 2999 Posoniensis
2276 2928 2580 3028 omnibus

328 3050 665 3127 presentes
716 3039 1110 3127 inspecturis
1163 3038 1466 3106 duximus
1519 3039 2039 3124 significandum,
2089 3038 2263 3123 quod
2313 3056 2459 3104 cum
2499 3056 2580 3103 ex

324 3156 637 3237 precepto
689 3148 935 3217 domini
985 3150 1058 3217 B.
1110 3149 1310 3233 Regis
1363 3149 1648 3234 Vngarie
1703 3148 1870 3215 infra
1917 3147 2307 3214 Comitatum
2357 3145 2581 3212 Fer-rei

327 3257 540 3324 Castri
573 3267 780 3325 terras
813 3256 1024 3324 Castri
1059 3256 1349 3325 eiusdem
1380 3277 1422 3322 a
1448 3255 1679 3324 Castro
1712 3255 2001 3324 indebite
2044 3256 2367 3322 alienatas
2401 3273 2579 3321 reuo·

327 3385 625 3434 caremus
672 3364 901 3434 ordine
948 3365 1332 3450 iudiciario;
1383 3366 1549 3433 inter
1598 3370 1818 3432 cetera
1863 3364 2237 3453 Capitulum
2288 3361 2583 3430 Ecclesie

327 3472 557 3540 Sancti
587 3474 884 3541 Micaelis
933 3472 1017 3541 de
1047 3474 1290 3542 Ferreo
1324 3472 1552 3541 Castro
1606 3473 1898 3541 exhibuit
1927 3473 2116 3541 nobis
2164 3471 2580 3560 priuilegium

325 3583 399 3649 B.
436 3583 657 3668 Regis.
693 3581 893 3650 Cuius
920 3588 1109 3649 tenor
1138 3583 1294 3651 talis
1327 3591 1503 3650 erat:

548 3691 709 3757 Bela
741 3691 866 3759 Dei
914 3690 1146 3777 gracia
1192 3689 1319 3758 stb.
1372 3689 1799 3777 (kevetkezik
1849 3690 2013 3756 Bela
2060 3687 2417 3777 kiralynak
2472 3688 2584 3755 ok-

329 3800 595 3886 manya,
629 3799 790 3867 mint
819 3799 1084 3869 fentebb
1122 3803 1273 3870 102.
1306 3820 1396 3868 sz.
1432 3801 1524 3888 a.)

549 3910 687 3978 Nos
716 3909 919 3996 igitur
939 3909 1411 3979 continenciam
1433 3908 1724 3978 eiusdem
1756 3907 2083 3996 priuilegii
2114 3912 2325 3974 ratam
2345 3905 2584 3973 baben·

326 4025 430 4087 tes
465 4024 530 4085 et
560 4017 830 4104 firmam,
863 4025 1107 4086 terram
1139 4019 1660 4105 prenominatam
1693 4040 1813 4106 pro
1845 4020 1988 4085 iure
2019 4015 2312 4082 Ecclesie
2356 4035 2583 4102 supra·

329 4126 532 4213 dicte,
566 4127 965 4195 inmobiliter
982 4134 1157 4195 stare
1176 4128 1627 4215 permisimus3
1665 4134 1733 4194 et
1758 4128 1912 4194 licet
1944 4126 2152 4212 ipsum
2173 4121 2586 4210 priuilegium

328 4234 664 4303 sufficiens
697 4236 1042 4304 videbatur
1094 4257 1241 4305 esse
1273 4258 1389 4325 per
1421 4237 1640 4305 omnia
1670 4235 1758 4303 ad
1790 4237 1913 4303 hoc
1952 4232 2316 4318 negocium,
2369 4239 2586 4299 tamen

330 4344 418 4412 ad
451 4346 764 4413 maiorem
796 4345 1084 4414 eiusdem
1119 4347 1216 4413 rei
1250 4347 1596 4432 cautelam,
1648 4352 1714 4413 et
1747 4345 1832 4412 ad
1865 4342 2257 4411 instanciam
2289 4339 2587 4408 Fratrum

327 4452 822 4520 Predicatorum
872 4460 1211 4538 presentes
1263 4454 1516 4521 litteras
1551 4472 1696 4519 cum
1725 4450 2081 4518 munimine
2126 4447 2331 4517 nostri
2379 4449 2588 4534 sigilli

329 4561 637 4648 Capitulo
673 4561 888 4629 Oastri
920 4563 1142 4631 Fer-rei
1178 4563 1262 4631 de
1294 4562 1596 4631 Ecclesia
1621 4562 1844 4629 Sancti
1866 4559 2163 4627 Micaelis
2194 4558 2261 4624 in
2298 4558 2586 4625 testimo-

331 4670 507 4737 nium
560 4671 901 4760 priuilegii
950 4670 1194 4739 domini
1227 4672 1424 4759 Regis
1478 4672 1783 4740 duximus
1817 4667 2290 4738 concedendas.
2339 4668 2581 4735 Datum

429 4808 636 4846 norrun.
668 4809 834 4847 nune.
866 4809 1005 4846 mar.
1045 4820 1117 4830 —-
1159 4810 1303 4846 mn..
1343 4805 1390 4841 1²
1717 4834 1727 4846 ,
2046 4826 2051 4831 ,
2181 4786 2261 4841 24
