3359 5250
1814 351 1947 417 432

1800 993 1957 1064 304.

758 1201 802 1266 Ι
812 1200 878 1265 V.
902 1199 1059 1265 Be'la
1089 1195 1422 1283 leirdlynak
1440 1194 1624 1260 Seeck
1657 1190 2016 1276 (Slatvina)
2038 1191 2302 1258 biv-tolcdt
2332 1194 2632 1279 tcirqyazd
2649 1193 3013 1280 adomdnya

1523 1304 1665 1371 Fila
1694 1308 2008 1369 szcimdra.
2049 1299 2237 1366 1256.

988 1524 1154 1590 Bela
1197 1520 1324 1588 Dei
1371 1519 1599 1605 gracia
1636 1517 1993 1603 Hungarie,
2042 1517 2401 1601 Dalmacie,
2443 1515 2735 1603 Croacie,
2780 1519 3013 1602 Rame,

756 1632 1004 1716 Seruie,
1035 1628 1330 1713 Gallieie‚
1353 1625 1763 1710 Lodomerie‚
1796 1623 2237 1709 Cumanieque
2261 1627 2400 1692 Rex
2433 1625 2733 1693 omnibus
2766 1625 3011 1693 Christi

755 1742 1057 1810 fidelibus
1105 1744 1242 1805 tam
1289 1735 1707 1823 presentibus
1757 1754 1951 1819 quam
1997 1732 2232 1800 futuris
2284 1743 2654 1820 presentem
2692 1736 3009 1823 paginam

757 1846 1146 1937 inspecturis
1196 1846 1475 1913 salutem
1521 1842 1589 1909 in
1641 1840 1928 1912 omnium
1979 1843 2325 1911 saluatore.
2379 1841 2571 1921 Quod
2615 1842 2825 1926 Regia
2863 1842 3011 1909 Cel-

763 1957 979 2027 situdo
1010 1952 1099 2021 ad
1130 1951 1485 2019 remedium
1519 1950 1955 2018 subiectorum
1979 1948 2250 2035 prouide
2278 1949 2538 2016 duxerit
2556 1947 3012 2032 ordinandum,

759 2067 1124 2134 litterarum
1154 2059 1493 2130 consueuit
1542 2057 1910 2126 testimonio
1943 2056 2332 2141 confirmari,
2384 2078 2467 2124 ne
2497 2076 2805 2144 processu
2855 2065 3013 2124 tem-

759 2193 986 2261 porum
1018 2170 1367 2258 injrritum
1398 2166 1811 2253 aliquatenus
1842 2171 2198 2235 reuocetur.
2242 2163 2524 2235 Proinde
2555 2166 2642 2233 ad
2678 2166 3013 2233 vniuerso-

759 2302 899 2349 rum
931 2278 1242 2347 noticiam
1294 2277 1593 2343 volumus
1626 2274 1990 2360 peruenire,
2043 2274 2214 2358 quod
2245 2294 2391 2341 cum
2422 2294 2543 2342 nos
2589 2273 3011 2342 consideran-

758 2396 858 2456 tes
888 2386 1083 2455 fidele
1134 2382 1478 2452 seruicium
1510 2383 1678 2468 Fylo
1712 2381 1828 2467 filij
1861 2382 2072 2468 Filey,
2123 2381 2508 2450 contulimus
2539 2381 2668 2450 sibi
2700 2382 2767 2447 in
2797 2381 3012 2449 Secek

759 2505 1001 2563 terram
1033 2493 1119 2560 ad
1150 2491 1278 2559 tria
1307 2497 1534 2558 aratra
1564 2489 2015 2574 sufficientem,
2067 2488 2151 2556 de
2181 2507 2311 2575 qua
2341 2488 2553 2557 fidelis
2590 2496 2812 2559 noster
2840 2490 3016 2574 Aba,

761 2623 953 2691 quem
986 2622 1103 2688 pro
1126 2597 1507 2668 ordinandis
1538 2597 1734 2666 terris
1754 2598 1824 2664 in
1846 2597 2092 2683 Scepus
2113 2596 2517 2682 miseramus,
2560 2598 2780 2667 retulit
2796 2598 3014 2686 nobis,
3074 2580 3087 2589 ’

759 2708 933 2795 quod
981 2709 1051 2775 in
1084 2708 1312 2793 aliqua
1361 2713 1548 2793 parte
1578 2711 1754 2774 esset
1785 2726 2149 2790 nemorosa,
2200 2703 2526 2791 lapidosa,
2574 2725 2695 2772 nec
2735 2706 3018 2792 piscinis

758 2817 1025 2900 habilis,
1058 2835 1180 2882 nec
1211 2813 1641 2899 molendinis3
1696 2814 1907 2881 dictus
1939 2814 2072 2882 iam
2109 2813 2253 2881 File
2281 2814 2401 2881 tali
2452 2814 2836 2883 condicione
2869 2833 3013 2880 eam

759 2924 1140 3011 assumpsit,
1193 2923 1366 3008 quod
1406 2943 1524 3010 pro
1575 2924 1784 2990 tribus
1835 2925 2073 2990 aratris
2124 2923 2207 2990 de
2256 2942 2337 2990 ea
2378 2922 2671 3005 seruiret,
2724 2930 2792 2990 et
2838 2922 3016 3007 quod

760 3033 1021 3101 racione
1073 3032 1362 3100 eiusdem
1394 3039 1563 3099 terre
1603 3030 1792 3099 nobis
1827 3036 2118 3098 teneatur
2144 3031 2235 3097 ad
2269 3030 2626 3098 exercitum
2657 3029 3011 3117 proficisci,

759 3161 840 3208 ac
872 3160 990 3228 per
1020 3138 1242 3207 omnia
1289 3138 1464 3206 idem
1496 3138 1844 3207 seruicium
1895 3138 2227 3224 exhibere,
2274 3138 2447 3223 quod
2478 3138 2592 3223 alij
2619 3138 3016 3221 jobagiones

762 3248 845 3315 de
893 3250 1139 3335 Scepus
1192 3244 1406 3313 facere
1460 3254 1973 3332 consueverunt,
2015 3246 2182 3324 sicut
2231 3246 2297 3311 in
2346 3244 2635 3332 ipsorum
2687 3245 3017 3312 communi

762 3353 1109 3442 priuilegio
1131 3373 1327 3439 super
1357 3353 1659 3420 libertate
1682 3372 1806 3420 sua
1835 3352 2082 3437 habita,
2116 3354 2375 3440 plenius
2393 3344 2776 3421 continetur.
2811 3352 3014 3421 Cuius

760 3470 932 3530 terre
982 3460 1198 3547 prima
1246 3467 1453 3547 meta,
1517 3467 1712 3546 prout
1759 3460 1827 3527 in
1876 3459 2113 3528 litteris
2161 3460 2463 3545 Magistri
2511 3460 2657 3527 Abe
2706 3460 3015 3544 vidimus,

760 3569 989 3657 incipit
1037 3589 1079 3636 a
1110 3574 1319 3656 prato,
1369 3565 1691 3636 veniendo
1742 3567 1824 3634 de
1854 3569 2024 3635 Foro
2063 3568 2382 3636 Sabbathi
2433 3570 2500 3636 in
2551 3569 2787 3637 semita
2829 3569 3021 3637 vadit

762 3698 882 3767 per
913 3684 1197 3746 montem
1219 3675 1376 3745 Cost
1404 3676 1802 3744 transeundo
1823 3675 2099 3743 riuulum
2120 3676 2364 3761 Scunk,
2398 3676 2695 3744 ascendit
2726 3677 2815 3744 ad
2841 3698 3014 3745 mon-

760 3794 891 3854 tem
924 3804 1132 3870 usque
1159 3785 1245 3851 ad
1278 3784 1453 3851 viam
1481 3806 1498 3867 ς
1532 3783 1774 3851 ibidem
1806 3784 2041 3852 transit
2071 3784 2275 3852 alium
2312 3792 2593 3853 montem
2627 3784 2804 3867 Cost,
2838 3784 3019 3851 cadit

760 3894 825 3960 in
860 3892 1140 3960 riuulnm
1170 3890 1548 3977 Melpotok3
1584 3890 1737 3958 inde
1768 3891 2001 3959 transit
2030 3910 2260 3959 versus
2294 3893 2590 3959 Saxones
2639 3891 2723 3959 de
2753 3892 3013 3979 Poprad

761 4000 845 4067 ad
881 4000 1206 4084 quoddam
1238 4004 1520 4087 pratum,
1572 4007 1635 4066 et
1668 4000 1736 4065 in
1767 3997 2060 4067 eiusdem
2090 3998 2259 4086 prati
2291 4000 2503 4067 riuulo
2552 3999 2894 4067 descendit
2924 4001 3013 4067 ad

760 4109 1095 4194 quandam
1128 4106 1473 4194 paludem3
1531 4106 1686 4173 inde
1715 4107 1925 4174 tendit
1955 4107 2044 4174 ad
2073 4107 2336 4193 fontem,
2390 4116 2457 4175 et
2486 4108 2656 4175 redit
2685 4109 2772 4176 ad
2804 4115 3017 4177 metas

759 4214 1147 4283 antedictas.
1199 4214 1285 4281 Vt
1317 4214 1514 4298 igitur
1542 4219 1771 4282 nostra
1817 4216 2222 4283 confirmacio
2254 4215 2446 4283 fidem
2493 4216 2824 4300 roburque
2870 4236 3011 4302 per·

759 4330 954 4412 petue
1007 4321 1331 4391 firmitatis
1363 4322 1673 4407 obtineat,
1727 4329 2064 4410 presentes
2096 4323 2350 4392 litteras
2398 4330 2658 4393 nostras
2710 4321 3015 4391 dedimus
3082 4391 3107 4410 ,

761 4432 1083 4518 dupplicis
1117 4431 1321 4516 sigilli
1353 4432 1559 4499 nostri
1591 4431 1946 4499 munimine
1976 4432 2341 4501 roboratas.
2376 4435 2616 4499 Datum
2642 4452 2758 4519 per
2777 4451 3014 4499 manus

760 4540 1057 4624 Magistri
1109 4537 1458 4622 Smaragdi
1487 4537 1796 4605 Albensis
1848 4540 2171 4625 Prepositi
2219 4543 2370 4609 aule
2416 4547 2634 4610 nostre
2665 4538 3015 4607 vice-Can-

758 4645 1033 4731 cellarij,
1086 4664 1256 4714 anno
1291 4646 1555 4714 Domini
1593 4646 1939 4716 millesimo
1992 4646 2436 4718 ducentesimo
2468 4649 3015 4734 quinquagesimo
