3359 5250
1421 378 1552 446 459

1358 473 1454 480 -0
1467 472 1676 480 β,-

1419 959 1577 1028 325.

368 1161 491 1226 IV.
540 1162 708 1229 Βέία.
741 1160 950 1246 kirdly
989 1186 1032 1226 α
1079 1158 1343 1246 Gyiiryy
1368 1160 1799 1247 fbldbe’rtokos
1829 1168 1894 1230 e's
1925 1189 1965 1230 a
1995 1169 2298 1255 caepereyi
2326 1166 2631 1254 vende'yek

871 1266 1030 1334 kvzti
1074 1267 1461 1335 binokcsere't
1505 1271 1871 1355 meyerb'se'tz‘.
1919 1276 2112 1340 1257.

582 1464 746 1530 Bela
795 1463 918 1530 Dei
963 1463 1183 1548 gracie
1235 1465 1589 1551 Hungaric,
1641 1466 2001 1555 Dalmaeie,
2056 1469 2346 1557 Croaeie,
2402 1474 2620 1557 Rame,

361 1576 605 1659 Seruie,
659 1572 960 1658 Gallicie‚
1011 1572 1409 1657 Lodomerie,
1475 1575 1913 1660 Clunanieque
1944 1580 2078 1645 Rex
2130 1581 2426 1647 omnibus
2485 1601 2620 1667 pre-

357 1692 577 1751 sentes
611 1682 862 1750 litteras
895 1682 1285 1768 inspecturis
1333 1716 2619 1737 ———————————

357 1829 447 1842 --
477 1827 565 1841 -—
598 1828 687 1842 --
717 1829 805 1841 —
837 1792 923 1860 tis
955 1792 1091 1859 suis
1113 1828 1198 1839 —
1233 1828 1320 1839 —
1353 1828 1440 1839 —-
1472 1828 1559 1841 —
1594 1793 1807 1880 ndem,
1842 1802 1909 1862 vt
1941 1804 2005 1864 et
2036 1797 2192 1864 illas
2224 1798 2289 1864 in
2326 1819 2617 1866 concam-

355 1901 467 1968 bio
532 1901 835 1969 consulat
894 1901 1280 1987 competenti
1333 1937 2617 1956 ————————————

357 2154 688 2168 ...-.....,
745 2137 895 2201 gam
947 2118 2138 2186 harum—————--·—-
2188 2161 2249 2170 -
2300 2098 2618 2171 ——-'--

354 2248 553 2313 quam
587 2248 705 2313 pro
726 2227 1022 2315 seruicijs
1054 2235 1119 2295 ct
1137 2226 1535 2297 fideliatibus
1565 2230 1755 2297 nobis
1785 2230 2096 2316 impensis
2119 2231 2401 2316 Geor-gio
2423 2269 2512 2280 —
2530 2268 2619 2281 —-

358 2371 1269 2385 ————————
1301 2338 1802 2423 contuleramus,
1825 2375 1912 2388 —-
1932 2373 2021 2388 --
2041 2360 2194 2425 pum
2217 2341 2261 2407 d
2292 2378 2379 2388 —
2409 2377 2497 2389 --
2530 2378 2618 2390 --

355 2481 447 2493 —-·
479 2480 568 2492 —
598 2480 687 2493 --
719 2451 788 2511 ta
820 2438 1184 2531 hospitibus
1217 2443 1298 2510 de
1327 2442 1662 2531 Chepereg
1695 2483 2618 2500 ————————

352 2555 570 2640 ipsam
603 2560 842 2620 terram
894 2553 1133 2621 nostris
1167 2551 1533 2640 hospitibus
1566 2553 1759 2625 dictis
1798 2552 1881 2622 de
1911 2557 2245 2644 Ohepereg
2275 2559 2619 2644 assignan-

352 2671 380 2729 t
402 2699 1437 2713 —————————
1458 2665 1688 2749 lentes,
1712 2672 1951 2733 terram
1974 2668 2232 2735 Erunsd
2250 2668 2319 2735 in
2342 2668 2619 2736 confinio

354 2769 737 2839 existentem
789 2771 1214 2839 sufficientem
1242 2806 1331 2821 —-
1373 2809 1438 2819 -
1482 2808 1571 2822 --
1621 2771 1841 2839 decem
1893 2780 2257 2843 aratrorum
2296 2811 2379 2824 —
2415 2812 2490 2822 —
2531 2812 2619 2824 —-

356 2918 448 2928 —
480 2914 547 2927 -
592 2880 872 2965 Georgio
905 2886 1215 2967 perpetuo
1251 2878 1552 2948 duximus
1584 2881 2008 2948 statuendam
2056 2882 2125 2949 in
2174 2882 2387 2966 ipsius
2420 2888 2484 2949 et
2515 2883 2618 2950 he·

354 2994 589 3062 redum
641 3013 906 3063 suorum
942 3028 1864 3042 ————————
1895 3015 2025 3061 am.
2109 2995 2308 3062 Cuius
2358 2995 2616 3080 quidem

353 3111 547 3187 mete,
581 3109 773 3189 prout
801 3102 870 3169 in
905 3100 1142 3169 litteris
1174 3099 1458 3188 Nicolay
1492 3099 1766 3168 Comitis
1800 3102 2015 3169 Castri
2044 3103 2264 3169 Ferrei
2299 3102 2523 3169 dilecti
2555 3109 2620 3169 et

354 3211 572 3279 fidelis
605 3210 809 3280 nostri
832 3209 1146 3278 contineri
1168 3208 1467 3297 vidimus,
1501 3209 1624 3277 hoc
1655 3208 1879 3278 ordine
1898 3209 2370 3296 distinguntur:
2399 3210 2619 3277 Prima

353 3327 535 3386 meta
564 3320 800 3405 incipit
833 3320 1021 3387 iuxta
1060 3318 1373 3404 Loponch
1405 3338 1601 3408 super
1635 3319 1803 3388 duas
1832 3320 2121 3405 arbores,
2162 3319 2470 3387 videlicet
2498 3344 2622 3406 nyv-

357 3437 424 3495 et
457 3426 705 3495 silicem
728 3451 743 3514 ;
775 3434 838 3493 et
858 3425 1096 3495 abhinc
1118 3425 1449 3512 egreditur
1479 3427 1564 3493 ad
1593 3434 1815 3512 partes
1835 3426 2205 3514 orientales,
2235 3434 2300 3494 et
2326 3411 2625 3513 peruenit

354 3535 444 3604 ad
485 3535 754 3603 fluuium
787 3535 1148 3621 Eztermeg‚
1199 3535 1385 3602 iuxta
1437 3553 1622 3620 quem
1656 3542 1811 3603 sunt
1859 3535 1983 3602 due
2032 3543 2201 3603 mete
2230 3556 2426 3623 super
2456 3534 2620 3604 dua-s

353 3644 623 3732 silices;
668 3643 820 3711 inde
852 3644 1182 3713 transiens
1212 3644 1427 3729 ipsum
1478 3643 1745 3711 fluuium
1779 3645 1957 3712 venit
2002 3645 2071 3712 in
2103 3645 2281 3713 valle
2309 3644 2396 3711 ad
2427 3663 2620 3730 quen-

363 3754 520 3820 dam
553 3772 834 3838 pomum,
894 3751 1004 3819 uhi
1037 3759 1188 3819 sunt
1219 3751 1344 3819 due
1381 3760 1589 3839 mete;
1653 3752 1898 3821 abhinc
1945 3751 2306 3821 ascendens
2335 3758 2617 3820 montem

354 3860 544 3928 uadit
576 3859 662 3926 ad
695 3859 946 3927 silicem
979 3880 1193 3946 Vnam,
1225 3866 1290 3926 et
1323 3861 1409 3927 ad
1441 3859 1737 3928 fruticem
1769 3861 2069 3948 rakatya,
2100 3861 2209 3928 ubi
2237 3859 2444 3928 eciam
2470 3868 2621 3928 sunt

350 3970 487 4036 due
519 3975 727 4052 mete3
761 3967 1001 4036 deinde
1031 3966 1307 4035 tendens
1338 3968 1427 4035 ad
1457 3976 1682 4055 partes
1713 3967 2175 4035 meridionales
2207 3967 2504 4055 peruenit
2531 3966 2619 4034 ad

354 4079 525 4145 duas
559 4077 799 4161 silices,
854 4076 964 4145 ubi
992 4083 1146 4145 sunt
1196 4075 1324 4144 due
1355 4083 1566 4164 mete3
1628 4076 1865 4143 deinde
1895 4074 2102 4144 tendit
2130 4075 2216 4143 ad
2249 4095 2442 4144 vuam
2482 4097 2616 4144 ma-

353 4206 552 4273 gnam
587 4184 836 4251 silicem
872 4204 1070 4271 snper
1103 4204 1295 4252 vnam
1325 4192 1604 4271 metam3
1665 4184 1904 4253 abhinc
1952 4185 2181 4253 iterum
2215 4183 2398 4251 vadit
2425 4203 2617 4271 super

354 4298 523 4364 duas
557 4312 838 4378 magnas
871 4293 1118 4378 silices,
1166 4291 1277 4362 ubi
1309 4300 1460 4362 sunt
1487 4301 1692 4381 mete3
1746 4293 1987 4360 abhinc
2024 4293 2231 4360 eciam
2270 4293 2619 4361 reflectitur

352 4406 443 4473 ad
484 4409 708 4489 partes
737 4402 1195 4488 occidentales,
1244 4409 1311 4470 et
1345 4402 1524 4469 uenit
1553 4403 1643 4470 ad
1675 4401 1997 4487 quendam
2028 4400 2292 4486 fontem,
2331 4400 2442 4469 ubi
2467 4406 2619 4468 sunt

352 4522 523 4582 mete
553 4518 677 4584 sub
708 4515 941 4584 arbore
969 4514 1195 4580 leem-ue
1212 4537 1239 4589 ,·
1285 4510 1519 4581 deinde
1550 4510 1808 4580 rediens
1840 4509 1927 4580 ad
1957 4508 2317 4596 predictum
2346 4508 2612 4576 fluuium

352 4626 715 4710 Eztermeg‚
765 4622 876 4692 ubi
916 4628 1068 4692 sunt
1098 4622 1224 4690 due
1271 4628 1444 4691 mete
1473 4622 1593 4690 sub
1643 4619 1899 4690 duabus
1936 4616 2276 4686 arboribus
2327 4641 2479 4706 eym-
2507 4609 2613 4685 vo'·

354 4734 558 4821 catis;
606 4733 715 4801 vbi
765 4731 973 4800 eciam
1022 4731 1347 4802 transiens
1396 4730 1609 4819 ipsum
1647 4728 1916 4830 fluuium
1945 4726 2295 4800 reuertitur
2330 4726 2418 4794 ad
2448 4717 2614 4795 duas
