3359 5250
1950 351 2076 417 156

876 565 1020 614 rum
1047 546 1272 614 Sancti
1303 543 1667 631 Sepulchri,
1722 552 1788 613 et
1817 542 2197 614 intransitu
2226 545 2335 614 vie
2373 553 2524 616 sunt
2561 554 2694 616 tres
2722 554 2935 633 mete;
2986 549 3145 619 hinc

876 672 997 741 per
1024 652 1201 720 viam
1248 652 1452 736 illam,
1504 671 1630 737 que
1667 652 1902 721 transit
1948 652 2233 739 priorem
2281 654 2460 722 viam
2508 653 2966 726 descendendo
3015 676 3140 744 per

873 767 1084 829 metas
1114 768 1382 844 terreas,
1414 757 1598 827 vadit
1629 760 1719 826 ad
1747 760 1976 828 villam
2007 759 2483 831 Gruciferornm
2511 761 2969 850 predictorum,
3004 784 3137 851 qne

874 868 1248 938 Strasischa
1278 873 1571 952 vocatur,
1607 875 1674 936 et
1704 868 1799 935 ibi
1831 876 1933 936 est
1951 875 2130 937 meta
2157 875 2377 937 terrea
2406 868 2476 937 in
2506 870 2686 938 exitu
2714 871 2876 939 ville
2905 872 2975 939 in
3000 872 3136 958 via,

875 983 941 1044 et
968 994 1088 1063 per
1115 976 1334 1063 ipsam
1361 972 1542 1040 viam
1573 993 1851 1061 paruum
1883 976 2096 1043 eundo
2133 976 2322 1045 iuxta
2349 975 2681 1063 quandam
2711 976 3028 1047 fossatam
3047 978 3138 1049 de

873 1084 1025 1171 ipsa
1057 1083 1168 1150 via
1198 1083 1337 1150 exit
1366 1081 1454 1148 ad
1477 1088 1763 1149 montem
1794 1082 1982 1150 iuxta
2008 1083 2236 1151 vineas
2268 1090 2333 1152 et
2363 1084 2696 1154 asscendit
2723 1084 2940 1173 ipsum
2957 1107 3137 1158 mon·

871 1201 1004 1261 tem
1049 1211 1170 1278 per
1198 1197 1431 1273 metas,
1482 1208 1612 1274 que
1662 1196 1816 1257 sunt
1846 1192 1968 1259 sub
2001 1192 2270 1275 cerasis,
2302 1190 2391 1258 ad
2421 1200 2684 1277 metam,
2716 1212 2844 1278 que
2876 1201 2980 1261 est
3007 1196 3135 1262 sub

874 1300 1019 1387 piro
1067 1298 1135 1365 in
1189 1297 1430 1366 vertice
1464 1298 1700 1365 montis
1731 1298 1911 1365 illius
1940 1299 2127 1365 iuxta
2153 1299 2422 1386 vineas3
2461 1298 2617 1368 inde
2646 1301 2989 1370 deseendit
3014 1323 3138 1390 per

872 1407 1219 1492 indagines
1241 1407 1578 1473 vinearum
1599 1405 1688 1472 ad
1706 1405 2032 1490 quendam
2050 1405 2351 1490 riuulum,
2367 1407 2479 1474 vbi
2498 1416 2600 1476 est
2617 1414 2812 1493 meta,
2841 1414 2910 1476 et
2926 1417 3135 1479 trans-

872 1517 1013 1583 iens
1044 1515 1325 1581 riuulum
1356 1513 1689 1581 asscendit
1719 1514 1786 1581 in
1818 1522 2099 1581 montem
2130 1512 2219 1580 ad
2250 1514 2583 1598 quandam
2612 1515 2851 1600 ilicem,
2898 1515 2968 1583 in
2998 1537 3135 1601 qua

871 1629 974 1691 est
1003 1623 1259 1708 signum
1291 1622 1504 1688 crucis
1531 1621 1721 1689 iuxta
1755 1623 2024 1707 vineas3
2062 1621 2222 1689 inde
2256 1622 2555 1709 superius
2587 1623 2676 1689 ad
2703 1622 3016 1690 maiorem
3035 1623 3135 1689 iii·

870 1750 1012 1798 cem
1042 1733 1370 1816 signatam
1402 1747 1593 1795 cruce
1623 1727 1691 1795 in
1722 1730 2058 1796 cacumine
2100 1728 2380 1813 montis;
2414 1736 2479 1795 et
2509 1727 2966 1797 descendendo
2999 1737 3133 1797 tm·

869 1837 969 1906 dit
998 1838 1087 1906 ad
1134 1838 1312 1905 viam
1342 1856 1469 1920 que
1501 1841 1602 1904 est
1652 1837 1774 1903 sub
1826 1844 2045 1903 monte
2080 1834 2467 1922 Podholyn3
2518 1835 2671 1903 hinc
2701 1856 2821 1923 per
2850 1837 3133 1904 eandem

869 1949 1048 2016 viam
1067 1942 1478 2032 procedendo
1498 1943 1689 2010 iuxta
1708 1942 1885 2010 viam
1909 1951 2010 2011 est
2028 1951 2205 2010 meta
2221 1949 2455 2026 terrea,
2479 1952 2546 2011 et
2564 1944 2891 2012 modicum
2910 1941 3130 2012 eundo

870 2056 1054 2122 iuxta
1098 2054 1272 2120 latus
1321 2051 1581 2136 montis,
1630 2051 1746 2135 qui
1792 2050 2027 2118 dicitur
2058 2051 2300 2136 Holyn‚
2353 2052 2560 2119 tendit
2596 2049 2688 2118 ad
2715 2051 2895 2139 piros
2926 2052 2994 2119 in
3026 2071 3132 2120 su-

869 2163 1112 2249 periori
1161 2167 1352 2247 parte
1402 2159 1593 2227 vinee
1624 2159 1874 2244 Zeder3
1925 2159 2081 2225 inde
2132 2158 2471 2226 descendit
2508 2157 2598 2227 ad
2630 2160 2941 2227 minorem
2972 2158 3129 2228 Glo-

869 2271 1128 2355 goncha
1147 2268 1235 2336 ad
1251 2268 1487 2354 pirum,
1517 2267 1637 2334 sub
1658 2287 1789 2352 qua
1808 2274 1910 2334 est
1925 2274 2161 2353 puteus
2181 2292 2197 2353 3
2236 2267 2392 2334 inde
2411 2267 2745 2335 asscendit
2773 2287 2892 2353 per
2921 2268 3129 2334 aliam

867 2378 1079 2465 pirum
1111 2379 1181 2444 in
1212 2376 1455 2443 vertice
1475 2375 1712 2445 montis
1747 2374 2052 2444 Graduch
2082 2397 2201 2463 per
2218 2378 2560 2462 antiquum
2581 2378 2908 2445 cumulum
2924 2383 3125 2459 terre,

868 2487 979 2571 qui
1027 2500 1274 2553 ettowen
1322 2482 1596 2569 dicitur-3
1646 2484 1800 2550 hinc
1844 2489 1964 2570 p'er
2012 2484 2365 2551 declinium
2402 2484 2641 2552 montis
2682 2484 3053 2571 separando
3084 2504 3132 2552 a

865 2601 1041 2663 terra
1071 2592 1352 2661 Emerici
1406 2589 1748 2660 descendit
1797 2592 1884 2658 ad
1915 2591 2248 2677 quandam
2277 2592 2593 2677 arborem,
2644 2611 2771 2679 que
2801 2596 2943 2659 ibor
2969 2592 3129 2660 dici-

865 2710 969 2769 tur
1018 2703 1215 2769 sitam
1264 2702 1448 2769 iuxta
1496 2701 1711 2767 riuum
1762 2698 2122 2787 predictum
2173 2700 2575 2786 Glogoncha,
2628 2708 2694 2769 et
2731 2701 3026 2769 cadendo
3056 2701 3127 2768 in

865 2809 1080 2895 ipsum
1111 2809 1380 2875 fluuium
1411 2815 1476 2875 et
1508 2828 1765 2875 sursum
1799 2809 2010 2877 eundo
2043 2811 2385 2876 reuertitur
2419 2810 2507 2876 ad
2537 2809 2821 2896 priorem
2855 2816 3122 2894 metam,

866 2924 932 2984 et
980 2918 1078 2983 sic
1127 2915 1528 2982 terminatur.
1581 2916 1685 2982 Ne
1732 2915 1932 3000 igitur
1980 2915 2353 3001 sepedictus
2399 2916 2761 3001 Dyonisius
2796 2918 3020 2984 Banus
3051 2924 3123 2984 et

864 3026 1034 3108 Dux,
1068 3024 1172 3090 vel
1206 3023 1307 3089 sui
1337 3021 1614 3089 heredes
1645 3021 2085 3105 heredumque
2102 3041 2514 3090 successores
2545 3042 2743 3110 super
2773 3022 3124 3091 antedictis

862 3131 1390 3220 possessionibus
1410 3138 1772 3216 temporum
1806 3129 2122 3198 curriculo
2142 3150 2185 3196 a
2203 3131 2434 3213 quouis
2462 3131 2811 3214 inquietari
2828 3131 3121 3216 valeant,

861 3243 968 3307 vel
999 3240 1415 3324 aliquatenus
1447 3237 1805 3319 molestari,
1837 3234 1956 3303 sed
1987 3236 2085 3302 eis
2116 3237 2412 3304 omnibus
2446 3235 2671 3303 eedem
2705 3244 3020 3323 perpetuo
3054 3246 3123 3306 et

859 3345 1373 3412 irreuocabiliter
1422 3351 1861 3429 perseuerent,
1916 3350 2252 3427 presentes
2281 3343 2353 3410 in
2383 3350 2768 3429 perpetuam
2797 3344 3122 3412 stabilita-

858 3463 987 3523 tem
1039 3451 1422 3521 donacionis
1470 3458 1692 3518 nostre
1750 3453 2188 3519 concessimus
2228 3451 2482 3519 litteras
2534 3451 2988 3520 eminencioris
3036 3453 3123 3519 si-

857 3562 1007 3646 gilli
1052 3560 1259 3630 nostri
1286 3560 1488 3644 aurei,
1538 3576 1738 3624 auree
1774 3556 2084 3624 videlicet
2123 3556 2294 3625 bulle
2344 3566 2565 3625 nostre
2595 3565 2927 3624 caractere
2965 3558 3123 3626 insi-

858 3673 1096 3757 gnitas.
1151 3671 1390 3735 Datum
1441 3664 1621 3751 apud
1657 3670 1941 3733 castrum
1980 3663 2229 3732 Galaas
2278 3685 2397 3752 per
2435 3684 2667 3733 manus
2719 3665 3123 3733 venerabilis

855 3780 1062 3865 patris
1094 3775 1393 3861 Magistri
1421 3772 1759 3842 Benedicti
1778 3773 2292 3861 Archyepiscopi
2322 3772 2701 3842 colocensis
2732 3775 2885 3841 aule
2908 3775 3122 3859 Regie

855 3886 1283 3971 cancellarij3
1334 3881 1698 3949 venerabili
1731 3880 2063 3967 Stephano
2116 3879 2649 3968 Archyepiscopo
2680 3881 3121 3965 Strigoniensi

852 3993 1173 4061 existente
1190 4044 1209 4077 ,
1263 3989 1448 4057 Gleto
1499 3987 1808 4074 Agriensi
1830 4038 1847 4071 ‚
1894 3986 2354 4056 Bartholomeo
2406 3985 3121 4072 Quinqueecclesiensi,

849 4100 1181 4187 Stephano
1195 4095 1645 4182 Zagrabiensi,
1666 4095 2024 4163 Benedicto
2042 4093 2509 4179 Ohanadiensi‚
2523 4093 2878 4161 Benedicto
2898 4093 3122 4180 Gyen-

847 4208 1067 4291 riensi‚
1100 4208 1440 4292 Heymone
1473 4203 1848 4289 Wacyensi,
1879 4202 2199 4290 Artulpho
2230 4201 2689 4286 Transiluano‚
2739 4199 2957 4268 Adam
2999 4204 3122 4273 Ni-

845 4314 1080 4385 triensi
1125 4313 1471 4401 Episcopis
1503 4313 1838 4379 Ecclesias
1889 4312 2015 4379 Dei
2046 4310 2321 4381 feliciter
2365 4311 2918 4397 gubernantibus3
2952 4312 3121 4380 Ves-

846 4423 1182 4513 primiensi
1211 4421 1513 4489 Ecclesia
1543 4427 1842 4505 vacante,
1871 4420 2219 4489 Vincencio
2250 4420 2590 4507 Preposito
2622 4421 2690 4487 in
2707 4419 3120 4507 Episcopum

848 4530 1345 4599 waradiensem
1379 4531 1586 4598 electo
1609 4553 1623 4614 ;
1657 4526 1974 4595 Ladizlao
1992 4529 2299 4598 Palatino
2318 4537 2384 4597 et
2404 4528 2655 4598 Comite
2682 4528 3114 4618 SymigiensL

847 4639 1109 4707 Matheo
1140 4638 1456 4723 Magistro
1473 4636 2008 4703 Tawarnicorum
2039 4645 2106 4705 et
2136 4636 2388 4707 comite
2417 4635 2824 4721 Posoniensi,
2854 4637 3116 4723 Dyoni-
