3359 5250
1778 422 1821 431 -,
1878 335 1999 432 [2ξῖ
2066 425 2085 431 -

803 534 971 602 cium
1023 531 1326 599 noticiam
1378 528 1700 598 habituris
1754 530 2028 596 salutem
2083 535 2145 595 ct
2179 551 2367 598 omne
2422 533 2680 600 bonum.
2732 533 3054 599 Noueriut

801 640 1106 725 vniuersi,
1160 638 1393 726 quibus
1444 636 1608 704 scire
1660 636 2040 724 expedierit,
2095 637 2268 722 quod
2318 659 2461 706 cum
2515 648 2725 708 terras
2756 640 3054 708 Johance

801 749 916 835 filij
952 747 1242 835 Georgij,
1297 746 1666 814 decedentis
1719 746 1857 813 sine
1890 746 2152 833 herede,
2185 749 2445 815 nomine
2492 750 2768 834 Mycola,
2821 748 3054 830 Maria,

800 880 944 927 cum
965 859 1099 926 suis
1119 855 1539 944 pertinencijs
1564 877 1640 922 ac
1661 855 1895 939 vineis,
1932 854 2020 923 ad
2050 855 2441 943 peticionem
2471 858 2807 926 karissimi
2828 856 3051 925 fratris

797 966 1002 1038 nostri
1032 966 1320 1054 piissime
1353 964 1833 1032 recordacionis
1868 964 2067 1050 Regis
2103 964 2464 1052 colomani,
2502 967 2756 1035 dilectis
2789 988 2867 1034 ac
2900 966 3054 1033 fide·

797 1075 967 1143 libus
1028 1072 1270 1143 nostris
1318 1070 1482 1158 Fyle
1533 1072 1876 1158 Preposito
1939 1072 2370 1158 Zagrabiensi
2434 1081 2496 1140 et
2548 1075 2681 1141 suis
2745 1073 3053 1141 fratribus

796 1184 1041 1253 Thome
1094 1182 1326 1251 Comiti
1378 1186 1443 1246 et
1472 1182 1664 1247 Petro
1718 1182 2252 1267 contulissemus;
2307 1183 2594 1250 Thomas
2644 1182 2813 1250 filius
2866 1183 3052 1248 Lam·

797 1292 963 1381 perti
998 1300 1062 1360 et
1095 1291 1211 1376 alij
1244 1292 1324 1358 de
1374 1291 1808 1374 generacionc
1847 1311 1985 1378 sua,
2040 1311 2161 1359 nec
2192 1313 2319 1358 non
2350 1292 2784 1379 Wyncencius
2816 1295 3053 1378 Prepo-

796 1402 956 1470 situs
989 1408 1055 1468 et
1084 1399 1314 1484 Bagyn
1347 1416 1465 1484 pro
1498 1395 1631 1465 filio
1665 1398 1925 1464 Martini
1960 1399 2174 1465 mariti
2208 1402 2451 1467 sororis
2486 1419 2708 1468 eorum
2744 1399 2823 1466 de
2855 1419 3049 1484 gene-

794 1511 1055 1578 racione
1087 1506 1316 1576 eadem
1348 1507 1434 1573 ad
1465 1528 1584 1574 nos
1618 1507 2002 1574 accedentes
2038 1509 2103 1575 in
2136 1508 2554 1592 querimoniis
2588 1517 3049 1596 exposuerunt,

796 1620 970 1707 quod
1024 1617 1353 1705 predictus
1385 1616 1702 1703 Magister
1734 1617 1901 1702 Fyla
1952 1622 2016 1683 et
2050 1617 2286 1685 fratres
2320 1619 2419 1685 sui
2472 1625 2678 1685 terras
2719 1614 3052 1705 supradic-

790 1736 893 1795 tas
925 1727 1134 1794 minus
1170 1726 1336 1793 iuste
1371 1724 1743 1812 peciissent,
1780 1745 1924 1792 cum
1954 1732 2123 1793 terre
2154 1727 2265 1793 ille
2299 1727 2523 1812 pocius
2558 1724 2644 1792 ad
2679 1745 2812 1810 cos,
2846 1745 3047 1810 quam

794 1838 882 1904 ad
916 1835 1083 1905 alios
1118 1842 1482 1921 extraneos,
1517 1834 1776 1903 deuolui
1811 1833 2205 1905 debuissent.
2257 1836 2396 1903 Nos
2429 1835 2643 1923 igitur,
2685 1853 2828 1900 cum
2880 1832 3047 1900 nulli

792 1946 858 2011 in
893 1944 1033 2011 iure
1086 1964 1200 2011 svo
1235 1943 1460 2011 deesse
1497 1941 1878 2029 debeamus,
1932 1944 2343 2030 svpradictos
2394 1944 2776 2029 Magistrum
2808 1941 3044 2028 Fylam

793 2061 857 2121 et
887 2054 1120 2122 fratres
1171 2073 1323 2120 suos
1356 2052 1442 2119 ad
1475 2058 1763 2120 nostram
1814 2054 2219 2139 presenciam
2262 2054 2528 2122 fecimus
2581 2052 2879 2137 euocari;
2931 2052 3045 2135 qui

792 2165 1290 2248 comparuerunt
1340 2157 1586 2225 eisdem
1635 2159 1850 2246 parati
1904 2159 2317 2247 respondere.
2374 2161 2431 2225 A
2484 2159 2738 2245 quibus,
2789 2159 3048 2228 Thoma

789 2269 1097 2338 videlicet
1148 2275 1211 2334 et
1248 2267 1396 2353 alijs
1430 2288 1508 2333 ex
1542 2288 1671 2335 vna
1705 2277 1910 2354 parte,
1964 2289 2041 2334 ac
2073 2269 2414 2356 Preposito
2449 2275 2513 2336 et
2552 2269 2689 2336 suis
2728 2267 3045 2335 fratribus

790 2398 872 2445 ex
905 2376 1130 2457 altera,
1170 2394 1312 2441 cum
1345 2373 1628 2461 plurima
1661 2374 1939 2442 fuissent
1972 2374 2298 2461 allegata3
2340 2376 2603 2444 tandem
2635 2374 3045 2461 prenomina-

786 2494 890 2554 tus
923 2484 1232 2568 Thomas,
1289 2490 1353 2550 et
1386 2481 1521 2568 alij,
1557 2482 1667 2567 qui
1720 2503 1864 2550 cum
1897 2503 1974 2551 eo
2005 2493 2211 2568 erant,
2264 2490 2473 2551 terras
2524 2493 3043 2570 prememoratas

782 2595 1003 2665 fratris
1056 2614 1277 2664 eorum
1309 2591 1600 2661 Johancc
1638 2593 1776 2660 fore
1812 2590 2151 2681 empticias
2205 2600 2350 2661 sunt
2401 2591 2720 2677 confessi,
2774 2612 2816 2660 a
2846 2591 3041 2661 nobis

784 2707 851 2772 in
893 2706 1044 2789 jure
1094 2700 1404 2788 requisiti.
1459 2700 1637 2780 Quas
1688 2722 1808 2769 nos
1861 2722 2004 2769 cum
2057 2723 2136 2768 ex
2186 2703 2458 2788 antiqua
2506 2702 3041 2788 predecessorum

787 2819 1152 2882 nostrorum
1206 2830 1282 2876 ac
1315 2810 1522 2895 Regni
1574 2809 2038 2877 consuetudine
2075 2810 2140 2876 iu
2191 2810 2561 2879 huiusmodi
2611 2810 2801 2878 terris
2852 2807 3042 2876 dece·

791 2918 1088 2988 dencium
1121 2920 1261 2985 sine
1281 2918 1462 3005 prole
1482 2918 1908 3004 conferendis,
1931 2920 2192 3005 plenam
2211 2920 2599 2988 haberemus
2622 2924 3037 3006 potestatem,

783 3028 1131 3119 sepedictis
1181 3026 1495 3113 Magistro
1529 3026 1693 3112 Fyle
1746 3036 1809 3094 ct
1849 3027 1984 3094 suis
2036 3028 2343 3097 fratribus
2392 3051 2473 3096 ex
2524 3038 2701 3097 certa
2752 3027 3043 3097 sciencia

783 3137 1108 3206 contulimt
1141 3158 1172 3203 s
1222 3142 1534 3224 perpetuo
1586 3136 1859 3223 pacifice
1892 3135 2344 3223 possidendas.
2403 3140 2485 3205 Vt
2520 3144 2736 3205 autem
2775 3136 2895 3205 hec
2925 3157 3038 3205 no·

781 3258 922 3316 stra
973 3243 1248 3319 donacio
1311 3243 1473 3331 ipsis
1527 3250 1838 3330 perpetuo
1894 3252 2267 3330 perseueret
2319 3246 2724 3329 inconcussa,
2777 3261 2898 3313 nec
2947 3246 3037 3311 ab

782 3355 998 3442 aliquo
1033 3354 1432 3440 inposterum
1464 3372 1659 3439 super
1692 3352 1923 3420 cadem
1972 3354 2322 3440 inquietari
2354 3355 2574 3422 ualeat
2606 3356 2711 3422 uel
2747 3357 3035 3443 moueri3

783 3469 1121 3551 presentes
1175 3460 1421 3529 eisdem
1474 3462 1913 3529 concessimus
1963 3462 2214 3531 litteras
2247 3463 2309 3530 in
2342 3464 2534 3531 huius
2584 3463 2677 3531 rei
2716 3463 3038 3533 stabilita·

778 3584 929 3660 tem,
966 3571 1247 3659 duplicis
1280 3570 1480 3657 sigilli
1513 3571 1718 3639 nostri
1752 3571 2101 3640 munimine
2147 3574 2460 3660 perhenni
2495 3574 2724 3641 robore
2756 3594 3036 3642 commu·

779 3682 973 3749 nitas.
1007 3681 1246 3747 Datum
1279 3678 1457 3765 apud
1486 3678 1757 3747 Pontem
1777 3678 2077 3766 Mauricij
2112 3700 2228 3766 per
2260 3701 2489 3748 manus
2524 3679 2742 3749 dilecti
2768 3702 2847 3748 ac
2880 3680 3038 3750 fide-

778 3790 862 3856 lis
911 3786 1115 3855 nostri
1167 3785 1465 3870 Magistri
1497 3786 1835 3854 Benedicti
1883 3787 2208 3875 Prepositi
2256 3788 2561 3857 Albensis
2610 3790 2756 3857 aule
2807 3795 3035 3858 nostre

778 3895 1171 3981 Cancellarij
1207 3914 1379 3963 anno
1431 3896 1517 3962 ab
1549 3896 2020 3965 Incarnacione
2053 3896 2317 3964 Domini
2352 3896 2690 3967 millesimo
2732 3897 3039 3967 ducente·

778 4006 942 4075 simo
976 4005 1120 4070 XL⁰
1140 4004 1270 4091 11⁰„
1309 4005 1385 4070 V.
1421 4024 1628 4072 nonas
1652 4003 1951 4074 Octobris
1984 4005 2194 4090 Regni
2226 4012 2441 4074 autem
2480 4006 2686 4074 nostri
2726 4025 2897 4075 anno
2931 4027 3038 4074 se-

774 4116 996 4203 ptimo.

773 4315 1048 4383 (Er-edetis
1095 4310 1439 4382 bb‘rhkrtyan,
1487 4330 1520 4365 a
1543 4313 1726 4381 pecset
1750 4314 2004 4371 tdredcke
2032 4314 2680 4387 vsrossfirga-violaszinu
2724 4316 3037 4385 selyemzsi-

1196 4404 1366 4457 noron
1397 4404 1532 4472 fugg
1560 4421 1592 4456 a
1620 4407 1787 4459 budai
1815 4409 1917 4459 kir.
1946 4409 2191 4461 kamarai
2214 4407 2594 4476 leveltarban.)

1639 4697 1741 4706 ——Q
1758 4702 1773 4706 -
1814 4700 2125 4712 -.ῄψ-ἭἸ*
2142 4702 2163 4710 .-
