3359 5250
1433 285 1562 353 551

368 482 630 551 nomine
660 481 874 552 Urecb
906 489 1175 570 propter
1208 481 1473 549 divitias
1507 480 1913 568 expugnavit
1942 489 2009 550 et
2046 480 2306 549 devicit.
2361 479 2490 560 Qui
2516 480 2627 547 de—

369 591 579 658 victns
610 611 757 659 cum
780 590 1032 658 duobus
1061 590 1218 658 filiis
1249 590 1406 676 suis,
1441 595 1506 657 et
1536 588 1766 677 paucis
1790 588 2201 675 quibusdam,
2237 588 2346 672 qui
2370 589 2454 657 de
2471 588 2630 655 belli

369 698 659 786 periculo
710 705 1083 784 evaserunt,
1134 697 1222 766 ad
1269 695 1513 766 dictum
1545 696 1908 764 Soldanum
1961 696 2044 763 de
2076 695 2380 767 Hornach
2421 704 2629 764 trans-

371 806 563 891 fugit.
596 805 924 874 Soldanus
957 826 1110 875 vero
1145 805 1401 890 iniurie,
1436 825 1632 890 quam
1664 805 1795 873 sibi
1824 805 1997 873 forte
2035 804 2361 892 quondam
2392 804 2626 872 intule-

369 919 490 1000 rat,
513 913 963 1003 reminiscens,
995 916 1150 1000 quia
1169 914 1427 983 vicinus
1447 915 1685 999 fuerat,
1707 921 2043 1002 receptum
2062 914 2127 982 in
2146 920 2341 1002 porta
2359 933 2625 1001 suspen—

370 1022 485 1109 dit,
521 1028 588 1087 et
605 1022 916 1109 populum
948 1041 1137 1089 suum
1158 1020 1445 1090 dominio
1478 1040 1598 1089 suo
1623 1019 2023 1105 subiugavit.
2044 1022 2193 1091 Duo
2223 1021 2343 1089 filii
2358 1020 2627 1108 Witoph

365 1130 594 1215 fugam
624 1132 921 1218 protinus
952 1130 1386 1216 arripuerunt.
1420 1133 1506 1198 Et
1535 1130 1693 1216 quia
1712 1131 2039 1217 refugium
2072 1130 2242 1199 alias
2274 1150 2408 1200 non
2424 1128 2626 1197 habu·

366 1247 580 1327 erunt,
632 1240 716 1306 ad
749 1240 1073 1327 prefatum
1103 1238 1338 1326 Urecb,
1390 1242 1501 1327 qui
1533 1249 1791 1327 patrem
1830 1241 2117 1325 ipsorum
2168 1245 2235 1307 et
2263 1240 2443 1327 ipsos
2490 1238 2626 1306 iam

369 1352 569 1415 antea
616 1348 1043 1436 spoliaverat,
1095 1354 1247 1416 sunt
1275 1348 1543 1416 reversi.
1595 1347 1723 1428 Qui
1754 1348 1952 1417 ferati
2002 1350 2366 1417 concitatus
2417 1346 2626 1431 rabie,

369 1474 518 1523 cum
550 1457 735 1541 equis
784 1455 1096 1524 maiorem
1136 1458 1403 1544 rapiens
1445 1456 1796 1525 interfecit.
1849 1456 2061 1523 Minor
2096 1464 2314 1525 autem
2364 1454 2626 1540 fugiens

367 1563 489 1630 ivit
519 1563 610 1632 ad
640 1563 1051 1649 Gurgutham
1084 1567 1329 1651 Regem
1360 1565 1804 1650 Tartarorum,
1838 1584 2083 1654 rogans
2116 1584 2265 1632 eum
2297 1560 2625 1648 obnixius,

369 1679 440 1739 ut
471 1672 556 1740 de
582 1672 708 1759 bis,
743 1674 854 1760 qui
886 1681 1144 1761 patrem
1174 1675 1313 1742 eius
1345 1680 1412 1742 et
1441 1675 1714 1742 fratrem
1748 1672 2234 1760 interfecerunt,
2265 1672 2626 1740 vindictam

371 1789 722 1867 exerceret,
777 1783 1024 1867 dicens,
1076 1783 1250 1869 quod
1298 1782 1411 1850 isti
1440 1784 1629 1869 Duci,
1664 1782 1973 1851 videlicet
2009 1782 2369 1868 Gurguthe,
2419 1781 2627 1849 honor

371 1895 758 1975 remaneret,
809 1889 867 1957 si
899 1888 1026 1956 sibi
1058 1908 1178 1974 pro
1209 1908 1370 1956 nece
1419 1889 1630 1977 patris
1662 1897 1731 1958 et
1759 1889 1970 1976 spolio
2018 1887 2243 1955 fratris
2287 1886 2627 1955 retributio

371 1998 558 2064 fieret
588 2003 653 2064 et
684 1996 995 2065 vindicta.
1032 1997 1219 2077 Quod
1253 2004 1319 2064 et
1333 1996 1579 2065 factum
1612 2004 1731 2081 661,
1766 2016 1846 2062 ac
1876 1994 2104 2063 habita
2123 1983 2400 2063 victoria
2431 2014 2624 2079 roga-

369 2104 466 2170 vit
501 2104 735 2173 iterum
786 2104 1197 2190 Gurgutham
1245 2108 1494 2172 Ducem
1533 2103 1800 2191 Juvenis
1851 2101 2363 2191 prenominatae,
2420 2108 2493 2170 ut
2540 2100 2626 2169 de

371 2210 660 2279 Soldane
691 2212 774 2280 de
804 2212 1108 2281 Hornach
1141 2212 1495 2281 vindictam
1524 2212 1849 2301 acciperet
1869 2232 1987 2300 pro
2019 2211 2380 2297 miserabili
2417 2210 2625 2299 patris

372 2342 551 2408 nece,
605 2321 852 2407 dicem,
903 2322 1075 2408 quod
1111 2327 1176 2389 et
1208 2324 1489 2410 populus
1520 2323 1786 2391 relictus
1819 2343 1861 2390 a
1892 2330 2102 2409 patre,
2153 2322 2269 2408 qui
2314 2321 2406 2388 ibi
2435 2323 2625 2408 quasi

370 2433 674 2519 captivus
722 2433 1086 2519 tenebatur,
1137 2440 1313 2501 esset
1343 2433 1471 2501 sibi
1518 2432 1812 2520 presidio
1863 2432 1967 2502 sui
1997 2432 2323 2501 exercitus
2372 2432 2442 2499 in
2472 2452 2623 2520 pro-

369 2560 621 2626 gressu.
672 2540 797 2608 Ille
827 2540 909 2607 de
939 2541 1215 2609 victoria
1264 2542 1397 2609 iam
1431 2542 1723 2631 dupplici
1752 2542 2158 2611 debachatus
2203 2540 2433 2610 sedulo
2467 2561 2622 2609 con-

373 2651 592 2737 cessit,
622 2650 797 2735 quod
818 2649 1085 2735 juvenis
1116 2650 1486 2738 suplicavit.
1527 2653 1612 2719 Et
1642 2670 1954 2737 egressus
1985 2656 2214 2718 contra
2243 2649 2621 2734 Soldanum,

373 2757 711 2826 victoriam
757 2760 990 2828 habuit
1039 2761 1168 2828 sibi
1216 2761 1578 2847 glorificam
1627 2767 1696 2828 et
1742 2761 2107 2830 honestam.
2176 2759 2384 2845 Igitur
2431 2758 2622 2846 quasi

372 2867 657 2952 undique
688 2866 962 2936 victoria
1009 2869 1214 2937 fretus
1243 2867 1587 2952 laudabili,
1640 2869 1985 2954 Gurgutha
2022 2868 2440 2955 supradictus
2471 2869 2623 2935 Dux

372 2979 791 3044 Tartarorum
842 2996 989 3045 cum
1038 2983 1175 3046 toto
1225 2977 1469 3065 impetu
1520 2978 1678 3046 belli
1728 2996 2143 3064 progressum
2194 2976 2353 3044 fecit
2395 2983 2626 3045 eontra

373 3087 614 3152 Persas
647 3090 911 3170 propter
941 3084 1266 3169 quasdam
1297 3104 1592 3170 guerras,
1644 3104 1810 3169 quas
1848 3083 2147 3172 primitus
2186 3083 2509 3152 habuerat
2540 3084 2626 3152 ad

369 3193 668 3280 invicem,
703 3191 816 3258 ubi
846 3193 1190 3260 victoriam
1225 3192 1502 3259 obtinuit
1531 3192 2016 3281 perhonestum,
2056 3198 2121 3260 et
2150 3193 2446 3279 Regnum
2476 3193 2621 3260 Per⁴

368 3322 587 3370 sarum
618 3300 745 3368 sibi
791 3300 1055 3387 penitus
1104 3299 1500 3386 subiugavit.
1550 3301 1652 3368 Ex
1701 3301 1806 3369 his
1847 3298 2161 3370 audacior
2212 3300 2504 3387 effectus,
2559 3307 2625 3368 et

370 3411 707 3479 fortiorem
727 3429 800 3478 se
820 3415 1156 3497 reputans,
1197 3409 1495 3477 omnibus
1516 3428 1937 3497 progressum
1974 3408 2147 3498 cepit
2164 3408 2381 3477 facere
2400 3417 2628 3478 contra

369 3519 619 3604 Regna,
670 3522 876 3587 totum
924 3518 1234 3586 mundum
1285 3518 1415 3585 sibi
1448 3519 1805 3604 subiugare
1853 3536 2245 3610 proponens.
2297 3518 2488 3587 Unde
2538 3518 2626 3587 ad

369 3633 611 3694 terram
643 3627 1078 3697 Cumanorum
1110 3624 1452 3711 accedens,
1504 3625 1687 3713 ipsos
1720 3624 2048 3696 Cumanos
2083 3625 2443 3714 superavit,
2493 3633 2623 3696 ter-

371 3754 511 3801 ram
545 3735 672 3803 sibi
720 3733 1084 3821 subiugans
1133 3754 1375 3803 eorum.
1431 3733 1593 3801 Inde
1641 3734 1891 3801 reversi
1942 3734 2032 3800 ad
2061 3735 2374 3817 Magnam
2405 3735 2623 3821 Unga-

368 3843 558 3928 riam,
611 3844 693 3913 de
722 3863 856 3928 qua
885 3842 1089 3913 nostri
1119 3844 1377 3930 Ungari
1408 3842 1728 3929 originem
1759 3841 2146 3927 habuerunt,
2193 3847 2263 3909 et
2291 3860 2626 3929 expugna-

371 3957 602 4019 verunt
632 3971 744 4020 eos
776 3951 1270 4035 quatuordecim
1301 3949 1513 4036 annis,
1549 3956 1615 4017 et
1645 3948 1714 4016 in
1747 3949 2230 4035 quintodecimo
2260 3970 2434 4020 anno
2468 3950 2626 4020 obti-

369 4068 649 4129 nuerunt
699 4080 837 4146 eos,
889 4060 1060 4127 sicut
1090 4059 1221 4147 ipsi
1272 4059 1521 4147 pagani
1552 4059 1810 4144 Ungari
1841 4058 1997 4125 viva
2035 4079 2197 4126 voce
2245 4060 2624 4130 retulerunt.

369 4159 512 4237 Illis
545 4169 832 4237 obtentis
863 4169 1114 4237 reversi
1135 4189 1362 4237 versus
1396 4169 1819 4255 occidentem,
1852 4169 2077 4255 spacio
2111 4169 2300 4237 unius
2333 4169 2491 4236 anni
2520 4170 2626 4236 vel

371 4298 607 4365 parum
656 4277 944 4365 amplius
991 4278 1276 4365 quinque
1308 4280 1538 4362 Regna
1586 4297 1994 4366 paganorum
2044 4277 2334 4345 maxima
2379 4277 2627 4350 obtinu-

372 4394 595 4475 erunt;
628 4388 994 4475 Faschiam,
1027 4388 1406 4475 Meroviam,
1427 4390 1725 4475 Regnum
1757 4392 2221 4476 expugnarunt
2244 4388 2623 4474 Bulgarum,

372 4497 547 4584 quod
575 4496 1014 4583 quadraginta
1031 4504 1253 4566 castra
1269 4497 1713 4565 munitissima
1730 4497 2107 4567 continebat
2125 4503 2260 4564 tam
2280 4497 2629 4584 populosa,

371 4605 547 4698 quod
596 4603 680 4673 de
711 4626 840 4696 nno
872 4612 1177 4692 poterant
1207 4608 1387 4677 exire
1418 4608 1659 4694 quinqu
1668 4605 1900 4694 aginta
1948 4606 2161 4674 millia
2197 4609 2630 4691 armatorum3
