3359 5250
1850 349 1938 412 52

771 545 909 612 riae
956 553 1220 614 nostrae
1250 543 1552 612 civitatis
1603 543 1950 629 plurimum
1982 540 2278 625 indigeat
2309 537 2749 626 reparatione,
2805 557 2928 604 nec
2957 537 3030 602 in

767 654 976 739 ipsius
1007 650 1306 720 aedificio
1338 651 1642 737 propriae
1674 648 1999 717 sufficiant
2027 646 2417 733 facultates3
2451 665 2571 715 nos
2593 647 2679 713 de
2707 663 3028 713 consensu

771 768 837 828 et
866 760 1171 827 concordi
1200 760 1537 826 voluntate
1567 757 1816 825 domini
1846 755 2140 841 comitis,
2175 763 2241 822 et
2271 755 2473 824 totius
2505 753 3029 837 communitatis,

772 878 839 937 et
870 867 1138 935 maioris
1190 866 1401 954 partis
1432 866 1884 934 Praelatorum
1934 870 1998 930 et
2045 863 2245 932 totius
2277 863 2588 950 Capituli,
2640 861 3032 930 unanimiter

770 976 1222 1063 possessiones
1285 973 1770 1062 suprascriptae
1820 971 2158 1040 Ecclesiae
2206 971 2276 1038 in
2327 992 2513 1039 usum
2563 976 2629 1038 et
2678 970 3027 1037 utilitatem

774 1084 1057 1150 Sanctae
1088 1083 1340 1148 Mariae
1370 1079 1783 1148 Cathedralis
1815 1080 2153 1147 Ecclesiae
2184 1085 2450 1148 nostrae
2496 1075 3030 1147 condonavimus.

772 1192 1014 1259 Verum
1045 1189 1204 1275 quia
1234 1189 1482 1273 elapsis
1514 1188 1768 1255 duobus
1798 1185 2009 1271 annis,
2044 1207 2128 1253 ex
2162 1207 2289 1272 quo
2320 1184 2625 1253 Ecclesia
2654 1184 3033 1272 supradicta

777 1297 1143 1385 capellano
1174 1299 1478 1382 vacabat,
1529 1294 1829 1362 dominus
1859 1292 2199 1362 Jadrensis
2238 1292 2786 1379 Archiepiscopus
2836 1290 3036 1357 domi-

777 1426 930 1473 num
984 1405 1342 1473 Jordanum
1375 1405 1775 1490 Episcopum
1827 1409 2119 1469 nostrum
2166 1402 2539 1469 instituerat
2580 1399 3033 1489 capellanum,

781 1512 956 1598 quod
1004 1512 1222 1580 facere
1252 1512 1515 1579 minime
1566 1509 1920 1594 debuerat,
1974 1510 2151 1596 quia,
2203 1510 2372 1577 sicut
2421 1510 2726 1593 diximus,
2781 1508 3035 1576 duobus

781 1618 971 1686 annis
1020 1619 1154 1685 iam
1187 1619 1433 1704 elapsis
1482 1615 1807 1685 institutio
1840 1617 2183 1703 capellani
2234 1638 2363 1684 non
2395 1618 2480 1685 ad
2511 1618 2747 1703 ipsum,
2796 1614 2917 1683 sed
2946 1614 3036 1680 ad

779 1726 1112 1793 dominum
1162 1725 1610 1812 Apostolicum
1661 1724 1748 1791 de
1787 1726 1940 1809 jure
1988 1725 2367 1811 spectabat3
2424 1745 2557 1810 qua
2604 1725 2686 1792 de
2740 1743 2810 1789 re
2859 1721 3037 1790 idem

782 1835 1148 1921 Episcopus
1182 1841 1403 1902 noster
1434 1834 1599 1900 duos
1631 1832 1999 1900 canonicos
2031 1833 2111 1898 D.
2145 1840 2211 1899 et
2241 1834 2325 1899 M.
2362 1833 2688 1900 malitiose
2736 1831 3034 1912 sociavit,

781 1943 850 2008 in
885 1960 1046 2026 quos
1081 1961 1122 2006 a
1154 1937 1543 2023 quibusdam
1575 1937 1808 2024 paucis
1839 1937 2294 2006 fundatoribus
2332 1938 2564 2005 electio
2598 1936 2833 2004 dicitur
2862 1934 3040 2002 facta

780 2047 1003 2130 fuisse,
1058 2047 1284 2114 volens
1336 2064 1481 2111 cum
1528 2044 1695 2131 ipsis
1747 2046 1815 2111 in
1860 2050 1991 2111 tres
2042 2050 2263 2132 partes
2315 2043 2610 2112 dividere
2662 2040 3038 2132 praedictas

783 2153 1255 2240 possessiones,
1308 2152 1540 2222 maiori
1587 2153 1889 2220 Ecclesia
1920 2150 2331 2221 defraudata.
2383 2153 2521 2221 Nos
2551 2153 2750 2238 igitur
2795 2157 3037 2219 statum

786 2270 853 2327 et
882 2262 1193 2328 honorem
1224 2258 1642 2328 Gathedralis
1674 2261 2013 2328 Ecclesiae
2046 2261 2401 2328 sublimare
2434 2262 2750 2346 volentes,
2793 2281 2911 2345 pro
2942 2278 3039 2325 re·

787 2370 1190 2436 stauratioue
1238 2375 1303 2435 et
1332 2368 1669 2438 commodo
1702 2389 1908 2455 saepe
1957 2370 2173 2437 dictae
2203 2370 2564 2454 Ecclesiae,
2612 2371 2747 2436 iam
2795 2368 3040 2434 dictam

786 2479 1151 2546 Ecclesiam
1183 2478 1410 2546 Sancti
1440 2477 1703 2545 Martini
1754 2498 1899 2545 cum
1932 2479 2068 2545 suis
2113 2479 2432 2546 reditibus
2482 2478 2925 2563 refutavimus,
2977 2480 3041 2542 et

788 2586 1297 2657 condonavimus
1331 2587 1705 2655 nominatae
1724 2589 2011 2656 Sancae
2028 2588 2298 2673 Mariae,
2332 2594 2623 2657 nostrum
2643 2587 3042 2674 Episcopum

787 2696 1212 2782 postulantes,
1249 2704 1320 2763 ut
1348 2714 1544 2782 super
1572 2695 1698 2763 hoc
1730 2693 2056 2764 canonico
2080 2697 2231 2780 ,iure
2269 2695 2778 2765 confirmationis
2810 2713 3041 2761 munus

790 2804 1154 2889 praeberet,
1204 2804 1379 2890 quod
1410 2803 1583 2870 idem
1632 2803 1851 2871 facere
1901 2823 2012 2871 ren
2023 2805 2151 2888 uit,
2205 2804 2327 2871 sed
2364 2804 2538 2888 quod
2586 2803 2869 2871 deterius
2917 2808 3041 2884 est,

789 2916 993 2979 totam
1024 2920 1266 2979 terram
1318 2919 1608 2979 nostram
1641 2911 1989 2998 supposuit
2037 2910 2384 2979 interdicto
2414 2911 2483 2977 in
2514 2920 2806 2979 nostrum
2855 2928 3042 2998 prae·

790 3016 1098 3085 iudicium
1130 3025 1195 3086 et
1226 3040 1356 3088 non
1408 3019 1734 3085 modicum
1762 3038 2147 3105 grauamen,
2198 3040 2242 3086 a
2272 3038 2400 3103 quo
2450 3039 2572 3087 nos
2604 3017 2840 3086 Sedem
2872 3020 3046 3106 Apo-

788 3127 1092 3195 stolicam
1125 3126 1632 3214 appellauimus.
1679 3129 1861 3193 Haec
1891 3132 2042 3192 sunt
2073 3126 2271 3212 igitur
2298 3125 2562 3195 nomina
2591 3125 3042 3192 fundatorum:

791 3235 1296 3321 Christophorus
1326 3235 1612 3303 Maldius
1643 3240 1885 3320 noster,
1907 3233 2413 3321 Christophorus
2432 3235 2666 3321 Judex,
2710 3234 3043 3316 Albertus,

791 3344 1069 3409 Duimus
1091 3350 1212 3409 etc.
1249 3342 1493 3409 Omnes
1527 3343 1789 3427 quidem
1819 3341 2252 3429 suprascripti
2281 3340 2678 3426 fundatores,
2714 3340 2882 3408 sicut
2909 3340 3045 3406 iam

794 3450 1061 3538 saepius
1096 3454 1553 3536 praetaxatum
1586 3457 1709 3534 cst,
1760 3448 1842 3516 de
1873 3450 2160 3535 propria,
2196 3457 2262 3517 et
2291 3448 2459 3537 pari,
2508 3458 2574 3516 et
2604 3447 2900 3518 corcordi
2938 3469 3045 3514 vo·

791 3558 1043 3625 luntate
1092 3556 1337 3625 domini
1368 3554 1661 3643 comitis,
1716 3563 1782 3624 et
1813 3557 2078 3625 maioris
2127 3559 2336 3645 partis
2374 3557 2683 3646 Capituli,
2734 3565 2800 3626 et
2844 3557 3046 3626 totius

797 3666 1293 3736 communitatis
1343 3664 1659 3732 Arbensis
1693 3666 2057 3734 Ecclesiam
2108 3666 2626 3753 suprascriptam
2665 3666 2851 3734 Beati
2881 3666 3048 3732 Mar·

794 3775 915 3843 tini
946 3776 1029 3842 de
1060 3774 1348 3842 Barbato
1379 3793 1527 3841 cum
1563 3774 1866 3843 omnibus
1898 3776 2217 3843 reditibus
2238 3775 2377 3843 suis
2408 3776 2782 3859 refutamus,
2814 3771 3049 3841 condo-

792 3903 1025 3952 namus
1072 3884 1143 3950 in
1193 3903 1380 3950 usum
1429 3891 1497 3951 et
1545 3884 1894 3951 utilitatem
1947 3904 2027 3950 ac
2077 3885 2618 3952 restaurationem
2667 3881 3047 3951 Cathedrali

792 3992 1092 4060 Eclesiae
1139 3992 1422 4058 Sanctae
1471 3992 1720 4059 Mariae
1777 3993 1995 4077 quiete
2051 4011 2131 4059 ac
2180 4001 2493 4079 perpetuo
2555 3989 3046 4079 possidendam.

794 4098 1004 4178 Quam
1051 4099 1509 4167 refutationem
1561 4104 1627 4166 et
1657 4099 2226 4185 condonationem,
2280 4101 2436 4185 quia
2483 4100 2781 4168 dominus
2811 4097 3050 4167 Jorda-

794 4226 918 4274 nus
968 4206 1335 4293 Episcopus
1384 4207 1594 4275 noluit
1642 4205 2046 4296 confirmare,
2086 4208 2472 4295 Apostolico
2519 4209 2799 4294 petimus
2848 4206 3051 4273 muni-

792 4314 965 4380 mine
1005 4313 1319 4380 roborari.

1008 4421 1151 4505 Ego
1171 4421 1677 4508 christophorus
1689 4419 2073 4508 cotopagne
2094 4425 2521 4492 Examinator
2539 4429 2604 4490 et
2612 4423 2654 4490 J
2657 4423 2826 4490 udex
2849 4441 3050 4489 manu

797 4547 943 4594 mea
973 4547 1229 4613 scnpsr.

1006 4637 1091 4702 Et
1121 4657 1243 4722 ego
1275 4640 1543 4725 Sergius
1576 4641 1891 4707 Arbensis
1924 4640 2234 4707 Notarius
2284 4641 2367 4708 de
2419 4645 2767 4728 praecepto
2820 4658 3048 4726 supra-
