3359 5250
1432 366 1563 432 287

360 559 474 647 qui
497 567 598 630 est
627 562 808 629 salus
840 562 1147 630 omnium.
1189 562 1278 629 Vt
1309 563 1698 649 scrupulosa
1726 563 2078 630 multorum
2108 561 2389 631 intencio
2428 570 2624 632 mate-

363 669 532 736 riam
582 671 651 736 in
698 676 1033 758 posterum
1082 670 1327 737 habere
1376 690 1507 738 non
1564 671 1787 737 valeat
1817 671 2126 757 accionis,
2180 672 2449 756 dignum
2498 672 2625 741 sibi

365 777 584 862 Regia
612 779 840 847 statuit
870 778 1225 863 Oelsitudo,
1277 785 1346 845 vt
1381 784 1700 846 tractatus
1752 778 2155 848 subditorum
2206 799 2465 847 suorum
2514 800 2624 846 au·

361 883 671 952 thoritate
703 886 1064 955 litterarum
1094 884 1626 954 testimonialium
1658 885 1956 954 stabiliat
1987 892 2054 952 et
2082 887 2432 954 confirmet.
2473 886 2621 955 Pro-

361 991 517 1060 inde
550 994 637 1061 ad
668 995 1118 1064 vniuersorum
1167 1002 1300 1062 tam
1332 995 1742 1083 presencium
1780 1013 1977 1080 quam
2027 1000 2430 1082 posterorum
2459 994 2619 1062 noti-

363 1099 536 1166 ciam
570 1100 796 1168 barum
829 1101 998 1169 serie
1029 1101 1323 1169 volumus
1346 1100 1726 1187 peruenire3
1762 1101 1936 1185 quod
1966 1100 2351 1169 constitutus
2373 1101 2442 1167 iu
2473 1121 2615 1189 pre·

364 1208 592 1275 sencia
638 1217 866 1276 nostra
914 1211 1143 1275 Petrus
1194 1209 1365 1276 filius
1398 1209 1682 1277 Zobuslo
1733 1209 2003 1276 Comitis
2054 1209 2288 1296 petiuit
2336 1229 2380 1276 a
2429 1209 2619 1277 nobis

363 1314 699 1384 humiliter
728 1322 794 1382 et
825 1317 1078 1403 deuote,
1112 1323 1185 1382 vt
1212 1316 1685 1403 possessiones,
1724 1337 1888 1401 quas
1921 1319 2266 1385 asserebat
2292 1315 2618 1385 heredita-

361 1423 457 1490 rie
488 1425 845 1512 possidere,
898 1443 1044 1492 cum
1075 1423 1385 1492 heredum
1420 1430 1673 1492 careret
1703 1424 1972 1510 solacio,
2007 1424 2501 1492 concederemus
2535 1443 2618 1492 ex

360 1530 771 1616 benignitate
798 1531 1029 1618 Regia,
1079 1531 1338 1599 filiabus
1371 1540 1437 1599 et
1463 1531 1807 1620 nepotibus
1838 1531 1976 1598 suis
2004 1532 2198 1618 pleno
2223 1531 2374 1616 jure
2420 1531 2611 1599 relin-

360 1661 558 1725 quere
590 1640 1042 1728 possidendas.
1092 1641 1231 1707 Nos
1264 1646 1478 1708 autem
1512 1639 1821 1726 peticioni
1852 1659 1970 1706 sue
2000 1639 2446 1708 fauorabiliter
2500 1659 2612 1705 an·

352 1756 648 1832 mentes,
682 1748 934 1816 dilectis
984 1756 1049 1815 et
1075 1747 1379 1818 fidelibus
1410 1747 1650 1815 nostris
1682 1748 1958 1815 Albensi
2007 1746 2329 1834 Capitulo,
2362 1748 2606 1814 nostris

358 1855 661 1923 dedimus
711 1856 944 1923 litteris
994 1855 1061 1922 in
1110 1856 1438 1940 mandato,
1493 1862 1566 1921 vt
1612 1854 2068 1923 ordinaciones
2119 1853 2272 1921 dicti
2326 1855 2499 1922 Petri
2547 1861 2612 1922 et

351 1964 634 2050 Agnetis
682 1966 902 2031 vxoris
934 1985 1052 2031 sue
1093 1964 1542 2052 permitterent
1591 1983 1813 2030 coram
1846 1963 1962 2047 eis,
2019 1968 2083 2028 et
2130 1982 2478 2050 processus
2508 1962 2610 2030 sui

357 2074 617 2157 seriem,
652 2072 819 2140 sicut
848 2078 1166 2158 ageretur,
1216 2093 1336 2159 per
1367 2072 1660 2139 ordinem
1691 2070 1881 2163 nobis
1911 2069 2187 2137 fideliter
2215 2070 2607 2136 intimarent.

353 2180 556 2248 Cuius
587 2182 839 2249 litteras
878 2180 1223 2266 sigillatas,
1256 2189 1546 2248 tenorem
1583 2177 2072 2247 ordinacionum
2104 2175 2420 2245 dictarum
2460 2198 2607 2247 con·

351 2289 654 2373 tinentes,
688 2289 1050 2374 recepimus
1082 2287 1202 2354 sub
1234 2287 1359 2354 hac
1390 2285 1641 2354 forma:

568 2394 942 2481 Capitulum
973 2396 1266 2462 Ecclesie
1297 2394 1605 2461 Albensis
1628 2394 1753 2460 stb.
1780 2391 1972 2479 (mint
2002 2391 2199 2457 alabb
2220 2392 2371 2460 208.
2400 2410 2491 2459 sz.
2514 2390 2604 2477 a.)

564 2503 706 2571 Nos
748 2524 902 2571 vero
950 2503 1271 2591 premissa
1323 2501 1543 2570 omnia
1590 2507 1740 2568 rata
1788 2499 2127 2586 habentes,
2177 2512 2490 2584 quantum
2538 2500 2605 2565 in

346 2613 541 2682 nobis
574 2618 694 2697 est,
731 2618 796 2679 et
826 2614 1029 2697 firma,
1065 2631 1146 2678 ac
1177 2611 1530 2678 secundum
1564 2607 2095 2678 consuetudinem
2127 2608 2337 2694 Regni
2369 2628 2605 2696 appro-

351 2723 606 2805 bantes,
659 2718 1054 2788 authoritate
1097 2719 1458 2785 litterarum
1487 2718 1899 2805 presencium
1928 2718 2405 2802 confirmamus,
2438 2735 2604 2783 eom·

347 2828 718 2896 munientes
751 2827 971 2912 sigillo
1001 2833 1221 2895 nostro
1256 2825 1521 2912 duplici,
1572 2847 1654 2893 ne
1686 2831 1912 2891 contra
1960 2822 2414 2892 ordinaciones
2464 2843 2604 2909 pre-

344 2944 613 3005 taxatas
645 2937 866 3004 valeat
894 2954 1204 3024 processu
1231 2935 1542 3022 temporis
1574 2934 1949 3020 calumpnia
1998 2952 2116 3001 seu
2145 2941 2601 3002 nocumentum

347 3048 619 3134 aliquod
645 3045 947 3114 suboriri.
995 3045 1240 3112 Datum
1270 3064 1444 3112 anno
1488 3043 1977 3111 Incarnacionis
2010 3041 2350 3108 Dominice
2398 3041 2600 3108 mille-

343 3158 509 3225 simo
543 3154 678 3222 00⁰
693 3156 842 3223 XL⁰
872 3174 1066 3241 nono,
1095 3154 1286 3222 nonis
1320 3151 1642 3238 Octobris,
1682 3150 1897 3236 Regni
1925 3155 2143 3217 autem
2189 3147 2395 3216 nostri
2426 3168 2599 3216 anno

342 3265 851 3350 quartodecimo.

338 3464 530 3533 (Garai
553 3463 755 3516 Miklos
777 3460 1057 3516 nfflornak
1090 3461 1308 3514 1416-ki
1332 3456 1661 3524 atirataboh
1708 3459 1868 3511 nebai
1892 3459 2171 3525 Kazinczy
2213 3453 2397 3510 Gabor
2420 3457 2596 3512 kozle·

1352 3549 1590 3617 menyeA

1207 3836 1717 3851 m*
