3359 5250
1804 313 1935 379 386

745 518 969 580 nostro
1005 509 1282 578 fideliter
1303 508 1622 597 impendit
1654 516 1718 576 et
1749 509 2003 593 deuote,
2036 519 2352 598 perpetuo
2397 510 2897 578 contulissemus
2936 515 3001 576 et

745 617 1190 687 donassemus
1241 616 1724 705 possidendam,
1778 638 1857 685 ac
1891 638 2040 685 eam
2069 627 2291 687 nostro
2341 618 2688 705 priuilegio
2740 616 2999 686 fecisse·

747 746 890 794 mus
927 727 1350 813 communiri3
1398 726 1809 814 postmodum
1841 725 2055 814 ipsam
2087 733 2330 794 terram
2361 728 2589 796 Abbas
2620 724 3000 810 Monasterij

748 836 831 903 de
872 836 1111 923 Telky,
1167 841 1232 903 et
1263 836 1624 922 Woywoda
1675 857 1756 904 ac
1780 837 2113 904 Johannes
2144 836 2316 903 filius
2367 836 2680 923 ejusdem,
2733 835 3002 903 Patroni

747 946 1131 1032 Monasterij
1163 945 1497 1031 antedicti,
1527 947 1614 1013 ab
1647 946 1878 1016 eodem
1909 947 2268 1032 Seywredo
2302 945 2550 1014 Comite
2586 946 3001 1033 repetierunt,

749 1054 818 1121 in
848 1053 1090 1122 iudicio
1123 1074 1344 1122 coram
1395 1056 1584 1122 nobis
1619 1055 1931 1141 dicentes,
1984 1054 2198 1142 ipsam
2229 1061 2470 1122 terram
2511 1054 2714 1124 fuisse
2753 1054 3005 1123 heredi·

749 1164 987 1232 tariam
1032 1163 1341 1250 ipsorum,
1399 1173 1464 1232 et
1513 1165 1597 1231 ob
1649 1164 1771 1231 hoc
1822 1162 1910 1231 ad
1955 1164 2132 1251 ipsos
2183 1163 2416 1233 iterum
2463 1165 2700 1232 debere
2750 1162 3003 1246 redire;

749 1272 973 1339 Abbas
1023 1292 1277 1357 quoque
1327 1273 1587 1341 dicebat
1617 1274 1684 1339 in
1737 1273 1968 1340 eadem
2020 1293 2091 1339 se
2142 1279 2393 1360 partem
2444 1274 2690 1341 habere
2740 1274 3003 1340 racione

751 1381 1129 1473 Monasterij
1164 1383 1264 1450 sui
1298 1382 1632 1449 antedicti.
1667 1380 1913 1451 Contra
1944 1402 2105 1467 quos
2136 1382 2311 1449 idem
2341 1382 2733 1469 Seywredus
2768 1382 3003 1449 Comes

750 1490 1106 1576 proposuit,
1142 1489 1316 1574 quod
1338 1498 1514 1556 terra
1537 1496 1896 1557 memorata
1928 1490 2015 1557 ad
2035 1490 2365 1576 predictos
2386 1490 2649 1558 Petrum
2670 1498 2735 1558 et
2754 1491 2796 1559 J
2799 1491 3007 1558 ohan·

753 1617 902 1664 nem
936 1599 1199 1685 proprie
1234 1607 1299 1666 et
1332 1599 1706 1686 specialiter
1738 1599 2053 1684 pertinuit
2087 1599 2172 1666 ab
2206 1599 2499 1685 antiquo,
2546 1605 2612 1665 et
2641 1619 2684 1665 a
2717 1605 3011 1685 tempore

755 1708 941 1791 cujus
974 1724 1104 1772 non
1138 1714 1318 1774 extat
1354 1706 1687 1791 memoria,
1719 1707 2158 1792 predictorum
2187 1706 2365 1774 Petri
2409 1715 2475 1775 et
2504 1706 2828 1776 Johannis
2858 1726 3012 1793 pro-

757 1814 1106 1898 genitores,
1159 1823 1224 1882 et
1255 1816 1381 1903 ipsi
1415 1816 1824 1885 solummodo
1854 1836 1974 1903 per
2004 1815 2486 1886 successionem
2524 1816 2737 1902 ipsam
2765 1822 3012 1883 terram

756 1928 1105 1988 tenuerunt
1138 1931 1204 1991 et
1250 1923 1701 2010 possederunt,
1732 1926 1983 2010 absque
2032 1924 2550 2013 participacione
2598 1924 3013 2010 cujusquam.

677 2078 682 2082 -
755 2032 895 2099 Nos
929 2050 1107 2117 ergo,
1141 2030 1384 2099 auditis
1413 2033 1708 2119 parcium
1738 2033 2329 2121 proposicionibus,
2363 2032 2618 2118 utrique
2652 2031 2827 2119 parti
2860 2053 3009 2118 pro-

756 2137 1093 2207 bacionem
1144 2139 1448 2208 duximus
1497 2139 1949 2228 indicendam3
2008 2140 2128 2211 sed
2176 2163 2322 2210 cum
2372 2142 2683 2228 probacio
2735 2139 3011 2208 Comitis

759 2248 1096 2336 Seywredi
1129 2257 1306 2317 esset
1334 2250 1533 2334 longe
1565 2250 1864 2337 superior
1897 2258 1962 2318 et
1993 2251 2261 2339 melior;
2313 2251 2717 2319 deereuimus
2747 2258 3004 2320 senten-

759 2356 1125 2445 cionaliter,
1177 2358 1351 2443 quod
1381 2347 1677 2445 prefatus
1711 2359 1944 2429 Comes
1978 2359 2393 2448 Seywredus,
2428 2380 2560 2427 una
2591 2381 2736 2428 cum
2767 2358 3006 2443 Egidio

761 2474 825 2537 et
855 2466 1132 2535 Nicolao
1163 2478 1641 2537 sacramentum
1692 2488 1888 2557 super
1919 2490 2043 2538 sua
2076 2470 2447 2539 assercione
2491 2475 2788 2557 prestare
2819 2467 3008 2535 debe-

763 2580 860 2643 ret
909 2595 1126 2644 coram
1175 2575 1476 2665 Capitulo
1508 2578 1861 2648 Waciensi.
1915 2577 2043 2658 Qui
2100 2578 2166 2646 in
2198 2578 2472 2647 termino
2506 2578 2603 2647 eis
2644 2575 3008 2664 assignato,

763 2692 953 2772 prout
984 2707 1103 2773 per
1152 2688 1405 2757 litteras
1437 2689 1729 2776 ejusdem
1763 2688 2049 2776 Capituli
2091 2689 2457 2757 Waciensis
2488 2689 2727 2756 fuimus
2775 2687 3011 2771 edocti,

764 2802 1242 2863 sacramentum
1267 2799 1707 2886 prestiterunt,
1729 2799 1898 2867 sicut
1916 2819 2032 2886 per
2051 2819 2170 2867 nos
2192 2798 2407 2866 fuerat
2422 2798 2801 2866 iudicatum.
2822 2793 3012 2865 Vnde

760 2924 880 2971 nes
909 2905 1113 2974 tocies
1146 2906 1388 2974 dictam
1419 2913 1662 2975 terram
1695 2907 1894 2974 Kezw
1925 2906 2256 2995 sepedicto
2290 2906 2526 2975 Comiti
2558 2904 2911 2992 Seywredo
2944 2908 3012 2970 et

760 3011 968 3100 ipsius
1017 3015 1364 3084 heredibus
1413 3016 1854 3101 heredumque
1894 3015 2380 3084 successoribus
2431 3035 2546 3100 per
2585 3012 3013 3082 deffinitivam

763 3124 1166 3192 sentenciam
1199 3124 1744 3212 adjudicauimus,
1797 3123 2107 3213 predictis
2137 3122 2517 3212 Woywode,
2570 3123 2833 3208 filioque
2870 3141 3013 3205 suo,

762 3238 829 3299 et
879 3252 1100 3299 eorum
1152 3234 1659 3319 successoribus,
1710 3252 1833 3301 nec
1862 3254 1992 3302 non
2034 3232 2280 3301 Abbati
2311 3239 2445 3300 tam
2476 3230 2783 3319 presenti,
2816 3249 3014 3316 quam

762 3347 829 3407 et
877 3340 989 3424 qui
1028 3361 1143 3428 pro
1196 3347 1484 3429 tempore
1530 3341 1935 3428 successerit,
1988 3348 2367 3428 perpetuum
2400 3359 2593 3426 super
2641 3337 2788 3426 ipsa
2838 3345 3016 3404 terra

764 3447 1104 3517 silencium
1155 3450 1598 3537 imponentes;
1647 3450 1903 3520 litteras
1956 3471 2151 3538 super
2200 3452 2322 3520 hoc
2371 3454 2632 3518 nostras
2681 3448 2802 3514 has
2851 3446 3015 3534 dup—

763 3556 956 3645 plicis
1005 3558 1208 3643 sigilli
1258 3561 1463 3629 nostri
1494 3561 1846 3628 munimine
1898 3564 2244 3630 roboratas
2291 3557 2625 3646 sepedicto
2662 3556 3014 3643 Seywredo

768 3665 1023 3752 Comiti,
1058 3674 1124 3734 et
1155 3669 1297 3753 ejus
1329 3670 1819 3738 successoribus
1849 3678 2163 3757 perpetuo
2202 3668 2628 3737 conferentes.
2668 3667 2913 3732 Datum
2945 3664 3013 3730 in

765 3775 1019 3842 Waska
1069 3797 1238 3846 anno
1273 3780 1532 3849 Domini
1582 3779 1947 3865 millesime,
1997 3778 2437 3847 ducentesimo
2471 3774 3013 3863 quinquagesimo

766 3882 1013 3972 quinto,
1048 3886 1259 3972 Regni
1289 3895 1507 3956 autem
1539 3886 1747 3956 nostri
1778 3908 1950 3957 anno
1983 3886 2325 3974 vigesimo,

1145 4083 1344 4151 (uthai
1369 4080 1666 4150 Rajeszlnyi
1693 4067 1862 4136 Adam
1887 4081 2115 4135 kezirati
2142 4081 2657 4152 gyiijtemenyebffl.)
