3359 5250
1865 307 1953 374 66

782 511 1005 598 gracie
1033 510 1272 579 M⁰CC⁰
1292 509 1511 577 XXX⁰
1533 509 1708 575 VIII.
1762 501 2158 572 Venerabile
2209 510 2398 590 patre
2448 508 2672 571 nostro
2705 499 3041 567 Bartholo-

781 641 925 690 meo
956 622 1304 710 Episcopo,
1341 617 1673 686 Cazmerio
1706 614 2073 702 Proponite,
2107 612 2408 681 Johanne
2441 610 2747 694 Cantore,
2780 608 3033 676 Mathia

784 729 1066 798 Custode
1097 728 1547 798 existentibus.

784 909 855 976 (A
879 908 1175 977 veszpremi
1202 907 1578 977 kaptalannak
1607 905 1834 957 1316-111
1859 900 2170 962 atitathbch
2207 900 2350 967 mely
2374 900 2491 952 kalt
2519 901 2609 963 „in
2632 898 2772 952 festo
2798 898 2863 950 B.
2888 898 3037 966 Dyo-

784 1002 909 1068 nisij
939 977 1211 1053 martiris·‘
1237 998 1406 1064 Lajos
1431 994 1609 1064 kiraly
1634 995 1857 1059 „nudae
1882 995 2051 1046 tercio
2080 991 2168 1043 <110
2193 991 2318 1042 festi
2343 991 2404 1041 B.
2432 989 2615 1057 Egidij
2646 991 2875 1042 Abbae-
2902 1004 2937 1042 a
2963 991 3040 1041 D.

789 1092 981 1142 134c.“
1002 1092 1213 1142 kiadott
1232 1091 1506 1140 lterestetfl
1526 1083 1860 1154 param-,sara
1881 1086 2001 1150 „vir
2011 1082 2334 1150 Magnificus
2343 1082 2391 1133 N
2394 1081 2604 1133 icolaus
2624 1080 3043 1147 filiusStephani

786 1180 1056 1247 quondam
1082 1181 1264 1232 Banus
1290 1179 1468 1230 tocius
1488 1176 1777 1229 Sclavenie
1805 1181 1861 1226 et
1879 1173 2181 1228 Croachie“
2207 1168 2459 1223 keresere
2478 1168 2706 1241 keszlilt,
2731 1186 2766 1221 a
2790 1169 2959 1221 budai
2979 1169 3017 1220 k
3036 1205 3050 1218 .

1590 1265 1839 1317 kamarai
1858 1259 2239 1328 leveltarban.)

1652 1563 2180 1578 ——————-

1864 2067 1978 2136 45.

791 2254 909 2325 IV.
943 2252 1106 2319 Belo
1139 2249 1354 2337 kiraly
1402 2272 1479 2315 az
1508 2248 1876 2337 eszteryami
1904 2245 2209 2335 othaaeat
2236 2245 2371 2334 869
2400 2248 2465 2314 ὄσ
2496 2245 2671 2311 Ebod
2714 2247 2880 2311 nevil
2906 2243 3048 2333 [δῖ-

731 2383 750 2394 “
1179 2359 1418 2425 deknek
1449 2357 1828 2425 birtokdban
1856 2355 2033 2443 ιῇὂόί
2061 2356 2433 2443 ηιοςονὸιίίί.
2465 2356 2659 2421 1239.

1008 2556 1170 2623 Bela
1200 2555 1324 2623 Dei
1373 2555 1602 2642 gracia
1649 2553 2006 2639 Hungarie,
2059 2550 2417 2638 Dalmacie,
2471 2550 2763 2638 Croacie,
2818 2552 3044 2635 Ramc,

794 2663 1040 2750 Set-uie,
1092 2663 1370 2732 Gallicie
1421 2664 1865 2749 Cvmanieque
1916 2664 2055 2730 Rex
2107 2660 2405 2729 omnibus
2450 2659 2691 2728 Christi
2742 2658 3043 2727 fidelibus

792 2778 1128 2857 presentes
1176 2774 1431 2840 litteras
1481 2770 1890 2857 inspecturis,
1940 2768 2216 2835 salutem
2248 2768 2315 2834 in
2349 2787 2504 2834 vero
2550 2768 2834 2836 omnium
2868 2768 3040 2834 salu-

793 2880 941 2947 tari.
976 2878 1080 2946 Ad
1112 2881 1419 2949 noticiam
1451 2879 1918 2963 Vniuersorum,
1973 2885 2108 2943 tam
2139 2875 2610 2961 modernorum,
2650 2896 2852 2960 quam
2881 2876 3046 2943 futu-

793 3008 1034 3074 rorum,
1086 2987 1314 3056 harum
1346 2988 1515 3055 serie
1547 2986 1846 3055 uolumus
1879 2986 2243 3073 peruenire,
2295 2985 2468 3069 quod
2501 3006 2646 3052 cum
2678 2985 2922 3052 Diuina
2951 2985 3043 3054 fa-

772 3086 989 3165 'uente
1020 3099 1246 3183 gracia
1275 3118 1392 3186 per
1443 3097 1924 3165 successionem
1970 3102 2312 3183 paternam
2343 3096 2552 3180 Regni
2605 3096 2922 3182 regimine
2955 3095 3045 3162 ad

796 3225 916 3274 nos
948 3206 1278 3292 deuolute,
1311 3206 1678 3294 superfluas
1712 3212 1777 3271 et
1815 3204 2080 3272 illicitas
2109 3201 2503 3272 donaciones
2534 3204 3045 3290 perpetuitatum

794 3330 1282 3399 reuocaremus3
1338 3314 1493 3399 quia
1541 3313 1906 3381 Ecclesiam
1948 3311 2460 3395 Strigouiensem
2505 3312 2572 3380 in
2603 3312 2924 3399 omuibus,
2977 3312 3047 3379 in

802 3417 1034 3502 quibus
1067 3440 1433 3505 possumus,
1467 3418 1744 3504 diligere
1773 3420 2194 3504 intendimus,
2228 3418 2394 3485 duas
2426 3426 2635 3486 terras
2669 3418 2900 3508 Castri,
2936 3442 3051 3488 no·

797 3524 970 3590 mine
1020 3525 1156 3611 Sag
1206 3532 1272 3592 et
1319 3525 1525 3611 Ebed,
1579 3545 1745 3610 quas
1778 3526 1885 3611 pie
1936 3525 2241 3593 memorie
2279 3525 2575 3594 Andreas
2625 3528 2765 3594 Rex
2786 3578 2805 3612 ,
2861 3535 3051 3615 pater

799 3640 1038 3718 noster,
1076 3640 1271 3701 antea
1303 3633 1555 3721 prefate
1586 3633 1882 3701 Ecclesie
1916 3636 2294 3719 contulerat,
2347 3655 2465 3702 nos
2499 3635 2762 3721 cog-nita
2799 3637 3050 3722 quanti-

800 3747 935 3807 tate
974 3748 1039 3808 et
1069 3742 1386 3827 qualitate
1418 3742 1698 3826 illarum,
1735 3763 1852 3828 per
1883 3745 2126 3810 Lucam
2160 3741 2476 3810 Comitem
2506 3743 2590 3808 de
2622 3744 2862 3831 anth,
2894 3745 3048 3813 fide·

797 3853 926 3917 lem
958 3861 1266 3935 nostrum,
1298 3851 1537 3918 dictam
1567 3858 1811 3919 terram
1841 3856 1997 3937 Sag,
2032 3853 2120 3920 ad
2151 3836 2453 3920 Castrum
2486 3854 2706 3921 Hunth
2725 3853 3053 3941 pertinen·

796 3966 950 4044 tem,
1001 3979 1125 4044 que
1157 3966 1374 4044 potest
1421 3960 1722 4028 sufficere
1752 3963 1895 4028 vsui
1945 3962 2221 4030 duorum
2262 3970 2628 4031 aratrorum
2661 3970 2727 4030 et
2772 3962 3053 4050 dimidii,

797 4075 862 4133 et
912 4065 1123 4133 locum
1176 4068 1523 4135 molendini
1577 4090 1774 4156 super
1825 4091 2063 4155 aquam
2093 4069 2287 4156 Ypul,
2321 4077 2386 4138 et
2434 4070 2759 4161 fenetum3
2807 4078 3051 4140 terram

798 4195 954 4242 uero
1006 4172 1188 4241 Ebed
1239 4176 1655 4262 antedictam,
1712 4178 1796 4245 ad
1856 4179 2158 4247 Castrum
2212 4179 2551 4266 Golgouch
2599 4182 3050 4267 pertinentem,

796 4284 883 4349 ad
912 4290 1055 4352 octo
1106 4292 1331 4351 aratra
1379 4284 1828 4367 sufficientem,
1883 4308 2028 4354 cum
2077 4295 2223 4355 octo
2272 4289 2718 4357 mansionibus
2768 4296 3053 4358 castren-

795 4389 965 4456 sium
1014 4390 1255 4459 ibidem
1293 4392 1744 4479 existencium,
1792 4413 1956 4477 quos
1987 4394 2218 4463 eodem
2248 4396 2525 4465 servicio
2558 4397 2852 4466 Ecclesie
2893 4396 3053 4465 Stri-

795 4496 1096 4580 goniensi
1148 4499 1350 4568 teneri
1406 4501 1882 4586 deputauimus‚
1934 4522 2061 4586 quo
2101 4503 2329 4572 Castro
2383 4505 2773 4574 tenebantur
2821 4525 3052 4592 supra-

794 4603 1003 4693 dioto,
1056 4606 1150 4672 ita
1181 4614 1422 4694 tamen,
1457 4608 1631 4693 quod
1661 4609 1892 4678 eadem
1926 4610 2225 4681 Ecclesia
2260 4634 2374 4682 eos
2406 4614 2754 4703 uendendi,
2788 4631 2905 4684 seu
2936 4615 3057 4683 do-
