3359 5250
1829 390 1962 466 302

1814 975 1969 1043 208.

752 1152 816 1218 A
845 1151 1359 1241 szdkeffehmdvi
1403 1154 1836 1242 kdptalannak
1888 1156 2066 1222 Pe'ter
2111 1156 2424 1224 Zobuszld
2448 1157 2683 1242 fidnak
2700 1207 2722 1240 ,
2777 1167 2837 1224 6⁸
2885 1159 3015 1245 πρῖε

756 1262 1103 1349 Aqnesnek,
1138 1263 1423 1351 lednyaik
1452 1269 1750 1331 szdmdra
1770 1276 1875 1330 τεα
1900 1265 2293 1333 inte'zkede'se't
2326 1268 2637 1354 tdrqyazd
2656 1267 3016 1355 bizonysdq-

1680 1373 1876 1439 leveze.
1908 1371 2105 1439 1249.

927 1567 1292 1655 Capitulum
1303 1568 1915 1638 EcclesieAlbensis
1935 1569 2238 1639 omnibus
2255 1569 2622 1639 Christiane
2641 1570 2795 1640 fidei
2812 1572 3013 1641 culto·

756 1674 935 1743 ribus
952 1677 1367 1762 presentibus
1389 1678 1633 1765 pariter
1652 1685 1720 1747 et
1737 1678 1971 1747 futuris
1993 1685 2329 1766 presentes
2347 1680 2604 1748 litteras
2622 1682 3011 1767 inspecturis

760 1784 1039 1852 salutem
1058 1784 1128 1850 iu
1146 1786 1447 1856 Domino.
1469 1787 1573 1854 Ad
1597 1788 2041 1857 vniuersitatis
2049 1791 2283 1857 Vestre
2300 1790 2610 1857 noticiam
2629 1795 2852 1860 tenore
2871 1808 3015 1877 pre-

758 1892 1048 1959 sencium
1080 1895 1373 1962 volumus
1405 1896 1798 1982 peruenire:
1826 1893 2018 1975 Quod
2037 1895 2277 1965 nobilis
2310 1896 2410 1965 vir
2426 1897 2657 1966 Petrus
2684 1900 2856 1966 filius
2892 1900 3011 1965 Zo-

756 2001 947 2068 buslo
979 2020 1111 2068 vna
1143 2021 1289 2069 cum
1319 2022 1522 2070 vxore
1553 2023 1676 2070 sua
1709 2003 1973 2072 domina
1990 2003 2245 2089 Agnete
2276 2023 2492 2073 coram
2527 2006 2714 2074 nobis
2744 2028 3006 2095 compa-

755 2110 957 2178 rendo
997 2115 1130 2178 tres
1167 2109 1363 2177 villas
1396 2130 1573 2198 suas,
1606 2111 1911 2179 videlicet
1951 2114 2237 2196 Tumua,
2269 2113 2511 2179 Winna
2548 2122 2613 2181 et
2642 2114 3003 2199 Zaluchka‚

758 2238 926 2304 quas
968 2221 1121 2305 ‚iure
1158 2217 1553 2288 hereditario
1594 2220 1856 2288 dicebat
1893 2241 1966 2288 se
1996 2222 2392 2307 possedisse,
2446 2223 2719 2290 contulit
2748 2223 3007 2292 filiabus

754 2326 913 2413 suis,
927 2327 1275 2395 Catharine
1295 2327 1601 2396 videlicet
1618 2330 1806 2398 vxori
1817 2328 2090 2399 Comitis
2101 2332 2144 2398 J
2147 2350 2331 2415 acou,
2353 2337 2422 2398 et
2431 2332 2797 2399 Petronelle
2815 2333 3009 2398 vxori

757 2432 1028 2500 Comitis
1048 2432 1338 2522 Philippi
1359 2444 1671 2524 perpetuo
1684 2438 1834 2522 jure
1851 2439 2311 2525 possidendas.
2341 2442 2448 2506 Ita
2468 2438 2811 2527 siquidem,
2832 2441 3008 2523 quod

757 2548 892 2609 tam
915 2542 1029 2629 filij
1065 2549 1130 2609 et
1160 2544 1292 2611 filie
1323 2543 1583 2612 domine
1608 2547 2000 2635 Petronelle,
2021 2567 2214 2633 quam
2235 2546 2350 2636 filij
2373 2546 2633 2615 domine
2654 2546 3007 2616 catharine

752 2671 883 2718 vna
914 2659 980 2719 et
1011 2651 1238 2720 eadem
1272 2673 1355 2720 ex
1387 2651 1636 2720 eisdem
1665 2655 2190 2739 possessionibus
2222 2655 2637 2743 perfruantur
2672 2658 3004 2743 porcione.

752 2760 894 2828 Hoc
925 2767 1143 2827 tamen
1176 2759 1418 2846 addito,
1461 2760 1637 2844 quod
1668 2761 1727 2826 si
1757 2760 2088 2828 dominam
2117 2762 2552 2831 Petronellam
2589 2762 2867 2831 filiorum
2900 2766 3004 2832 vel

751 2869 1034 2935 filiarum
1082 2868 1330 2938 solacio
1365 2887 1589 2936 carere
1640 2868 2067 2956 contingeret,
2116 2871 2427 2957 quamdiu
2477 2870 2718 2938 vixerit
2752 2871 2837 2938 de
2858 2873 3005 2957 jam

754 2975 946 3043 dictis
995 2976 1519 3062 possessionibus
1569 2976 1887 3062 equaliter
1919 2997 1993 3044 se
2022 2997 2168 3045 cum
2218 2997 2442 3047 sorore
2473 2998 2596 3046 sua
2641 2985 3006 3046 memorata

755 3085 1179 3172 sustentabit;
1230 3085 1300 3152 in
1332 3086 1440 3152 die
1472 3105 1627 3154 vero
1678 3087 1813 3153 vite
1845 3106 1963 3154 sue
1995 3093 2283 3155 extremo
2334 3085 2418 3152 de
2448 3085 2641 3155 dictis
2672 3087 2853 3156 villis
2884 3108 3005 3156 nec

735 3195 983 3283 marito
1018 3213 1135 3262 suo
1170 3193 1564 3281 conferendi,
1613 3211 1736 3261 nec
1770 3196 2071 3281 cognatis
2105 3196 2240 3262 suis
2272 3195 2593 3282 tradendi,
2629 3215 2753 3263 nee
2790 3197 3004 3263 eciam

749 3321 867 3386 pro
900 3301 1187 3368 remedio
1221 3302 1438 3369 anime
1458 3322 1575 3369 sue
1605 3302 1910 3387 cuiquam
1931 3303 2372 3371 Ecclesiarum
2402 3303 2692 3371 donandi
2727 3302 3004 3371 habebit

748 3406 1165 3496 facultatem;
1218 3409 1338 3477 sed
1369 3408 1512 3477 sine
1543 3410 1836 3495 qualibet
1870 3410 2310 3478 diminucione
2356 3410 2765 3496 integraliter
2794 3410 3002 3497 injus

750 3524 816 3583 et
842 3519 1314 3604 proprietatem
1362 3519 1642 3587 filiorum
1674 3517 1944 3586 Comitis
1982 3522 2025 3588 J
2029 3540 2191 3589 acou
2239 3520 2308 3585 in
2337 3525 2724 3607 perpetuum
2775 3518 2997 3588 deuol-

752 3632 1055 3691 uerentur
1104 3625 1520 3713 possidende.
1570 3626 1642 3693 Si
1670 3646 1825 3695 vero
1859 3633 1924 3694 et
1950 3626 2135 3713 ipsos
2184 3627 2354 3697 filios
2386 3625 2702 3695 decedere
2750 3629 2997 3696 contin·

748 3738 951 3817 geret,
981 3740 1138 3800 tunc
1166 3733 1427 3800 demum
1447 3731 1705 3800 filiabus
1726 3732 1996 3801 Comitis
2029 3733 2237 3803 Jacou
2267 3755 2351 3803 ex
2382 3756 2586 3803 vxore
2624 3755 2746 3802 sua
2764 3735 2999 3816 Catha-

746 3840 891 3905 rina
920 3841 1280 3926 progenitis
1312 3841 1741 3910 remanebunt
1768 3841 1838 3907 in
1866 3848 2250 3929 perpetuum
2292 3842 2692 3929 possidende
2722 3842 2995 3929 pacifice

746 3955 813 4015 et
844 3946 1101 4034 quiete3
1153 3949 1249 4015 ita
1280 3950 1451 4034 quod
1480 3949 1723 4016 nemini
1754 3957 2178 4037 cognatorum
2209 3971 2472 4019 suorum
2503 3951 2699 4019 liceat
2729 3949 2998 4017 easdem

743 4075 1051 4124 reuocare
1082 4055 1216 4123 vllo
1245 4058 1459 4127 modo.
1509 4059 1648 4126 Nec
1678 4059 1802 4127 hoc
1831 4060 2380 4148 pretermittimus,
2429 4060 2606 4145 quod
2634 4059 2819 4148 ipsas
2853 4080 2997 4127 eas-

746 4164 892 4231 dem
923 4165 1122 4232 villas
1153 4167 1387 4236 Comes
1419 4167 1672 4257 Petrus,
1725 4170 2039 4253 quamdiu
2089 4171 2347 4258 vixerit,
2396 4169 2795 4259 possidebit3
2849 4168 2996 4256 ipso

741 4293 899 4342 vero
929 4273 1107 4341 viam
1137 4276 1438 4343 vniuerse
1458 4278 1678 4343 carnis
1713 4277 2124 4363 ingrediente
2146 4280 2525 4349 memoratis
2557 4280 2820 4346 filiabus
2852 4279 2994 4345 suis

742 4391 810 4450 et
838 4402 1066 4450 earum
1098 4383 1471 4474 heredibus,
1522 4385 1959 4473 heredumque
2008 4389 2497 4457 successoribus
2547 4388 2993 4472 relinquentur

739 4490 807 4556 in
836 4498 1215 4579 perpetuum
1249 4492 1663 4582 possidende.
1716 4495 1803 4561 Vt
1831 4495 2028 4581 igitur
2063 4495 2257 4564 huius
2308 4496 2686 4563 collacionis
2727 4501 2794 4561 et
2823 4494 2997 4562 ordi·

738 4600 1032 4669 nacionis
1060 4602 1266 4671 series
1317 4602 1512 4670 sobur
1560 4603 1854 4670 obtineat
1901 4611 2210 4692 perpetue
2254 4604 2599 4690 firmitatis,
2649 4608 2994 4692 presentes

738 4709 994 4776 litteras
1024 4711 1225 4795 sigilli
1256 4712 1464 4781 nostri
1512 4712 1877 4782 munimine.
1895 4714 2240 4783 roboratas
2273 4715 2359 4783 ad
2390 4713 2781 4802 peticionem
2832 4712 2994 4781 dicti
