3359 5250
1456 425 1588 492 355

1423 999 1580 1071 248.

387 1179 646 1245 Roland
676 1178 924 1245 bdnnak
955 1178 1248 1267 Gurbysa
1301 1181 1618 1247 birtoka'ra
1649 1182 1988 1248 vonatkozo'
2033 1184 2225 1249 ite‘lete
2256 1184 2490 1251 Ldszld
2526 1185 2645 1250 Re‘-

549 1286 826 1353 noldnak
838 1286 942 1369 fia
974 1292 1035 1351 e's
1065 1286 1326 1374 Gyo'ryy
1357 1311 1550 1354 comes
1583 1288 2070 1373 Mdvicznakfia
2101 1290 2255 1356 ko'zt.
2287 1289 2478 1356 1253.

637 1482 971 1554 Rolandus
1021 1487 1243 1554 Banus
1293 1486 1504 1555 tocius
1555 1485 1906 1556 Sclauonie
1957 1489 2255 1557 omnibus
2309 1494 2645 1577 presentes

386 1588 641 1657 litteras
687 1592 1083 1679 inspecturis
1133 1596 1434 1663 salutem.
1487 1596 1916 1664 Uniuersitati
1960 1596 2247 1664 omnium
2277 1595 2646 1681 significan·

386 1696 543 1763 dum
575 1698 879 1768 duximus
927 1703 1338 1790 presencium
1375 1724 1494 1790 per
1526 1711 1838 1789 tenorem,
1889 1703 2063 1790 quod
2112 1724 2260 1772 eum
2288 1703 2643 1771 Ladizlaus

384 1805 557 1873 filius
578 1807 856 1877 Renoldi
876 1830 1073 1897 super
1092 1812 1532 1898 occupacione
1555 1819 1622 1879 et
1647 1818 1966 1879 metarum
1986 1811 2437 1882 destruccione
2471 1821 2644 1880 terre

383 1911 694 2000 Gurbysa
724 1936 844 2004 per
874 1918 1276 2006 Stephanum
1310 1921 1562 1988 Banum
1596 1921 1702 2007 pie
1749 1918 2230 1990 recordacionis
2261 1920 2495 1988 Scema
2527 1919 2643 1989 Co-

383 2020 524 2089 miti
557 2025 818 2111 collate,
870 2034 936 2094 et
984 2028 1399 2116 postmodum
1442 2049 1561 2114 per
1605 2029 1996 2112 Magistrum
2046 2028 2388 2097 Nicolaum
2438 2029 2643 2097 filium

382 2131 674 2201 eiusdem
710 2144 775 2203 et
803 2135 1039 2205 fratres
1070 2157 1224 2206 suos
1257 2137 1387 2224 ipsi
1406 2136 1723 2207 Ladizlao
1754 2136 2016 2224 tradite,
2051 2135 2407 2223 Georgium
2428 2136 2640 2205 Comi-

381 2246 513 2306 tem
546 2239 750 2309 filium
781 2243 1080 2330 Mauricij
1115 2245 1203 2311 ad
1253 2250 1544 2312 nostram
1578 2251 1921 2312 euocatum
1972 2244 2377 2330 presenciam
2411 2264 2643 2313 conue-

381 2347 628 2435 nisset;
662 2348 832 2418 idem
857 2351 1092 2421 Comes
1113 2351 1434 2436 Georgius
1467 2374 1504 2420 e
1537 2371 1853 2422 conuerso
1887 2352 2240 2439 respondit,
2274 2352 2447 2438 quod
2466 2359 2640 2420 terra

380 2455 592 2543 ipsius
624 2458 745 2524 sub
798 2461 995 2527 certis
1043 2460 1232 2528 metis
1266 2479 1308 2525 a
1339 2467 1515 2527 terra
1546 2461 1859 2546 Gurbysa
1887 2471 2064 2527 esset
2116 2460 2200 2526 ab
2243 2458 2512 2544 antiquo
2544 2478 2641 2527 se·

380 2572 622 2654 parata
655 2572 721 2634 et
750 2567 1082 2656 distincta,
1133 2574 1197 2637 et
1228 2570 1372 2658 ipse
1405 2571 1527 2637 sub
1560 2569 1930 2638 huiusmodi
1982 2569 2172 2637 metis
2225 2569 2535 2637 terminos
2575 2571 2641 2635 et

383 2674 851 2745 distincciones
883 2687 1197 2747 metarum
1217 2699 1485 2747 suarum
1516 2678 1660 2746 sine
1694 2679 2216 2748 contradiccione
2234 2678 2460 2762 aliqua
2488 2678 2636 2745 hac·

378 2788 573 2849 tenus
605 2783 1046 2872 possedisset;
1090 2807 1287 2873 super
1319 2805 1594 2873 quarum
1625 2793 1799 2853 statu
1835 2791 1901 2852 et
1931 2785 2099 2852 serie
2128 2805 2247 2872 per
2277 2805 2395 2852 nos
2431 2784 2639 2869 requi·

380 2891 571 2977 situs,
623 2892 872 2961 nullum
903 2894 1114 2981 potuit
1164 2895 1633 2961 munimentum
1687 2913 1804 2961 seu
1842 2892 2258 2980 priuilegium
2307 2892 2635 2961 exhibere.

380 2999 733 3068 Ladizlaus
769 3009 986 3069 autem
1037 3006 1421 3089 prenotatus
1453 3021 1650 3091 super
1683 3008 1861 3069 certa
1889 2997 2276 3067 habitudine
2320 3007 2386 3067 et
2417 3002 2637 3067 obten-

382 3108 573 3174 cione
623 3114 793 3176 terre
831 3107 1205 3196 supradicte
1252 3110 1505 3177 litteras
1556 3108 1784 3177 ordine
1826 3106 2168 3174 iudiciario
2220 3126 2414 3193 super
2463 3107 2638 3178 sacto

382 3214 594 3301 ipsius
642 3225 812 3284 terre
859 3224 1086 3285 contra
1131 3217 1456 3305 prefatum
1506 3215 1863 3301 Georgium
1911 3198 2226 3284 Comitem
2274 3233 2635 3303 processas,

385 3334 451 3394 et
480 3325 901 3413 priuilegium
953 3325 1109 3392 dicti
1148 3324 1244 3392 St.
1284 3324 1452 3392 Bani
1503 3324 1693 3392 nohis
1737 3324 2145 3410 presentauit
2191 3323 2392 3390 talem
2442 3324 2639 3392 conti·

379 3453 546 3501 nens
575 3439 869 3502 tenorem
903 3438 968 3499 et
1000 3450 1416 3518 processum:

598 3542 739 3611 Nos
771 3541 1143 3628 Stephanus
1176 3541 1302 3608 stb.
1340 3540 1767 3628 (kevetkezik
1802 3544 2024 3609 Istvan
2063 3538 2329 3608 bannak
2368 3537 2641 3608 1251·ki

382 3651 742 3738 okmanya,
776 3649 941 3718 mint
970 3649 1234 3718 fentebb
1266 3651 1419 3718 228.
1453 3669 1544 3716 sz.
1579 3648 1674 3735 a.)

601 3760 740 3827 Nos
769 3758 970 3843 igitur
1020 3758 1352 3825 intellecta
1385 3758 1557 3825 serie
1608 3758 1817 3845 ipsius
1848 3757 2181 3845 priuilegij
2233 3756 2639 3844 sepedictum

390 3849 707 3935 Comitem
740 3865 1095 3951 Georgium
1145 3865 1624 3952 requisiuimus,
1676 3867 1738 3934 si
1769 3864 2240 3935 contradiceret
2270 3865 2398 3953 ipsi
2444 3866 2639 3953 priui-

381 3975 557 4065 legio
592 3984 659 4047 et
688 3975 928 4044 litteris
960 3974 1306 4043 antedictis
1337 3994 1460 4043 nec
1489 3996 1610 4061 ne3
1646 3975 1855 4060 quiin
1875 3975 2056 4048 nullo
2092 3973 2267 4042 dicto
2287 3974 2637 4062 priuilegio

386 4084 605 4153 extitit
634 4083 1093 4170 contradictor,
1129 4083 1247 4151 sed
1265 4083 1493 4171 pocius
1511 4083 1897 4153 iustificauit
1927 4088 1992 4152 et
2010 4103 2127 4171 per
2164 4083 2385 4152 omnia
2405 4102 2639 4171 appro-

383 4193 571 4261 banit
622 4190 1028 4280 acceptando
1078 4193 1232 4260 viua
1279 4212 1464 4263 noce.
1513 4193 1706 4261 Vnde
1752 4212 1875 4260 nos
1924 4191 2256 4260 mediante
2305 4190 2641 4260 sentencia

382 4301 701 4373 nobilium
752 4300 1371 4370 circumsedencium
1421 4321 1541 4389 per
1571 4300 1614 4370 J
1617 4301 1941 4370 ohannem
1989 4298 2196 4366 filium
2225 4297 2490 4367 Hem-ici
2526 4298 2637 4365 ho·

383 4409 623 4478 minem
673 4412 967 4476 nostrum
1018 4407 1373 4476 secundum
1423 4406 1701 4478 formam
1751 4405 1993 4494 prefati
2042 4405 2349 4492 priulegii
2394 4411 2638 4473 terram

383 4515 698 4587 antedicti
729 4514 1039 4604 Gurbysa
1069 4514 1151 4582 de
1181 4515 1371 4583 metis
1419 4515 1508 4583 ad
1540 4521 1749 4583 metas
1779 4512 2178 4582 reambulari
2224 4511 2521 4598 fecimus,
2571 4519 2638 4581 et
2704 4508 2727 4520 “

384 4626 571 4713 ipsas
619 4631 874 4693 ueteres
939 4630 1148 4692 metas
1197 4622 1490 4693 eiusdem
1537 4631 1709 4692 terre
1760 4623 2130 4693 dectructas
2178 4640 2297 4711 per
2357 4618 2638 4689 eundem

385 4733 738 4822 Georgium
793 4733 1112 4802 Comitem
1160 4742 1225 4804 et
1277 4733 1649 4806 combustas
1700 4732 2049 4806 ordinatim
2079 4728 2424 4820 rcuouar13
2476 4726 2636 4801 assi·

2184 4848 2314 4912 28·
