3359 5250
1821 324 1953 393 300

753 527 1110 594 munimine
1143 528 1499 594 roboratas.
1535 525 1723 594 Anno
1760 525 1845 590 ab
1878 523 2345 590 Incarnacione
2364 521 2625 588 Domini
2659 520 3005 589 millesimo

752 634 1195 702 ducentesimo
1229 633 1735 720 quadragesimo
1766 653 1960 700 nono.

750 815 819 880 (A
859 818 1096 867 csazmai
1133 813 1510 881 kaptalannak
1553 816 1776 866 1121-ki
1816 816 1907 883 „in
1936 815 2073 864 festo
2117 813 2466 863 Ascensionis
2500 806 2752 863 Domini“
2795 811 3005 861 kiadott

750 903 1055 967 atiratAboh
1081 905 1223 971 moly
1242 904 1456 956 kssziilt
1484 907 1787 974 „Georgius
1813 904 1955 954 filius
1981 904 2214 962 Nicolai‚
2240 902 2339 967 filij
2369 902 2631 968 Stephani
2659 901 2725 950 de
2752 900 3007 965 Pribych‚

747 999 804 1047 in
832 1013 947 1058 sua,
985 1012 1085 1047 nec
1111 1011 1216 1046 non
1243 998 1481 1047 eiusdem
1505 998 1555 1049 N
1559 995 1717 1046 icolai
1742 996 1931 1060 patris,
1960 1008 2027 1042 ac
2057 992 2233 1051 Pauli,
2272 992 2487 1043 Nicolai
2506 996 2571 1063 ιειίῑ
2595 990 2859 1056 Stephani
2898 989 3006 1039 fra-

750 1094 889 1138 trum
918 1102 1134 1138 suorum
1172 1084 1504 1138 carnalium“
1533 1081 1814 1147 ker6s6r03
1844 1110 1915 1120 ——
1943 1098 1976 1132 a
2002 1083 2165 1134 budai
2204 1082 2305 1131 kir.
2346 1081 2589 1131 kamarai
2628 1073 3007 1147 loveltarban)

1799 1876 1953 1944 207.

745 2059 808 2124 A
840 2060 1347 2145 szdkesfekffvdri
1374 2058 1801 2144 kdptalannak
1834 2058 2060 2145 Aynes,
2100 2060 2273 2123 Pe'ter
2303 2057 2607 2121 Zobuszlo
2620 2055 2726 2137 fia
2760 2053 3005 2138 nejenek

744 2170 1037 2233 hitbe‘rdw
1085 2166 1423 2231 vonatkozo'
1451 2167 1847 2232 inte'zkede'se't
1894 2173 2192 2253 taryyazo'
2221 2164 2757 2250 bizonysdqlevele.
2806 2160 3003 2226 1249.

964 2363 1342 2449 Capitulum
1393 2363 1688 2432 Ecclesie
1736 2362 2045 2430 Albensis
2096 2364 2418 2429 vniuersis
2468 2359 2876 2448 presencium
2910 2360 3005 2425 in-

749 2471 1157 2560 spectoribus
1188 2478 1324 2538 tam
1357 2474 1773 2559 presentibus
1809 2492 2002 2558 quam
2025 2471 2253 2539 futuris
2292 2473 2567 2538 salutem
2599 2470 2664 2536 in
2696 2470 3001 2537 Domino.

747 2582 1174 2649 Vniuersitati
1209 2590 1425 2649 vestre
1474 2583 1892 2668 presentibus
1943 2583 2330 2667 innotescat,
2386 2581 2557 2667 quod
2601 2578 2841 2648 nobilis
2893 2578 3005 2647 do-

749 2691 926 2756 mina
975 2710 1139 2755 vxor
1171 2690 1347 2756 Petri
1399 2690 1519 2755 filii
1550 2691 1835 2759 Zobuslo
1886 2691 2147 2758 nomine
2178 2693 2402 2776 Agnos
2451 2690 2589 2755 filia
2619 2688 2816 2770 Petri,
2872 2708 3007 2753 vna

746 2818 888 2865 cum
923 2798 1156 2865 marito
1190 2818 1310 2865 suo
1342 2805 1701 2866 memorato
1753 2819 1972 2866 coram
2006 2799 2197 2866 nobis
2231 2798 2666 2884 comparendo
2704 2795 3006 2863 exhibuit

746 2906 936 2975 nobis
971 2906 1224 2973 litteras
1259 2906 1507 2974 domini
1531 2906 1732 2990 Regis
1764 2906 1883 2972 sub
1918 2908 2044 2973 hac
2074 2906 2321 2974 forma:

959 3014 1097 3081 Nos
1128 3014 1291 3081 Bela
1323 3015 1447 3081 stb.
1485 3012 1676 3102 (mint
1706 3015 1971 3081 fentebb
2013 3019 2161 3084 201.
2197 3037 2287 3084 sz.
2324 3017 2412 3098 a.)

964 3122 1172 3207 Igitur
1219 3124 1369 3209 ipsa
1401 3122 1633 3188 cadem
1684 3123 1949 3191 domina
1991 3128 2122 3189 tres
2155 3125 2369 3209 villaS,
2421 3122 2727 3189 videlieet
2772 3121 3003 3187 villam

745 3226 1023 3315 Anchal,
1055 3237 1123 3295 et
1153 3231 1379 3296 villam
1412 3232 1691 3317 Tapula,
1729 3240 1792 3298 et
1821 3232 2046 3298 villam
2103 3253 2226 3316 que
2263 3239 2361 3300 est
2390 3238 2574 3299 trans
2606 3230 2845 3297 flumen
2876 3232 2999 3297 La-

750 3338 952 3404 borch
1001 3358 1143 3403 cum
1196 3339 1403 3423 syluis
1456 3339 1543 3405 ad
1588 3339 1864 3406 eandem
1914 3341 2387 3427 pertinentibus
2437 3341 2611 3407 infra
2658 3341 3003 3407 Zalaohka

748 3446 1195 3533 existentibus,
1255 3468 1420 3534 quas
1452 3451 1724 3516 maritus
1772 3470 1929 3517 suus
1965 3460 2360 3518 memoratus
2412 3472 2529 3539 pro
2569 3452 2829 3519 dotibus
2862 3452 3003 3516 suis

747 3561 814 3620 et
844 3557 1036 3622 rebus
1068 3558 1594 3643 parafernalibus
1628 3559 1756 3626 sibi
1788 3560 2032 3642 statuit,
2087 3579 2304 3625 coram
2338 3559 2528 3627 nobis
2560 3559 2626 3625 in
2660 3557 3001 3645 presencia

750 3662 1039 3728 eiusdem
1073 3665 1287 3731 mariti
1320 3665 1422 3731 sui
1456 3666 1747 3751 contulit,
1800 3666 2074 3734 tradidit
2111 3673 2175 3734 et
2209 3667 2478 3734 donauit
2528 3667 2787 3735 filiabus
2839 3666 3000 3751 suis,

747 3768 1096 3836 Catharine
1145 3772 1452 3840 videlicet
1484 3774 1672 3841 vxori
1725 3775 1994 3843 Comitis
2028 3775 2254 3860 JacoV,
2307 3781 2373 3843 et
2411 3775 2776 3842 Petronelle
2813 3777 3002 3841 vxori

747 3877 1017 3946 Comitis
1049 3881 1359 3966 Philippi,
1412 3903 1489 3949 ac
1529 3882 1683 3968 filiis
1719 3888 1784 3949 et
1834 3884 2095 3950 filiabus
2129 3903 2209 3949 ex
2242 3883 2489 3951 eisdem
2539 3882 2902 3969 procreatis
2936 3888 3005 3948 et

742 3987 1167 4073 procreandis
1191 3989 1341 4071 jure
1379 3999 1695 4076 perpetuo
1725 4000 1792 4057 et
1821 3991 2339 4058 irrcuocabiliter
2379 3991 2853 4078 possidendas,
2907 3992 3002 4058 ita

744 4093 1085 4178 siquidem,
1138 4096 1313 4180 quod
1345 4103 1478 4163 tam
1509 4098 1624 4183 filij
1678 4098 1937 4166 domine
1971 4098 2339 4183 catharine,
2394 4119 2588 4185 quam
2621 4100 2736 4185 filij
2772 4107 2837 4165 et
2868 4096 3003 4166 filie

744 4202 1005 4268 domiue
1025 4203 1390 4271 Petronelle
1423 4227 1503 4271 ex
1537 4206 1784 4274 eisdem
1818 4208 1992 4274 villis
2027 4214 2092 4273 et
2113 4208 2502 4274 Vtilitatibus
2535 4228 2758 4273 earum
2779 4206 3003 4290 equali

740 4312 882 4378 iure
916 4319 982 4377 et
1013 4313 1324 4398 porcione
1357 4315 1422 4398 in
1455 4322 1838 4401 perpetuum
1890 4316 2319 4400 gratulentur.
2372 4318 2514 4384 Hoc
2548 4324 2765 4382 tamen
2803 4316 3002 4382 inter·

743 4419 978 4507 posito,
1017 4423 1188 4507 quod
1223 4423 1282 4489 si
1312 4424 1642 4491 dominam
1675 4426 2113 4492 Petronellam
2148 4424 2542 4493 antedictam
2582 4425 2858 4491 filiorum
2894 4428 3002 4491 vel

741 4529 1020 4596 filiarum
1072 4531 1321 4599 solacio
1375 4552 1598 4598 carere
1648 4533 2073 4618 contingeret,
2124 4542 2277 4601 tunc
2324 4554 2441 4620 per
2486 4539 2689 4599 totum
2742 4539 3000 4617 tempus

744 4640 876 4706 vite
908 4658 1024 4706 suc
1059 4639 1124 4706 in
1148 4642 1290 4726 Jam
1324 4641 1514 4709 dictis
1565 4643 2092 4729 possessionibus
2127 4645 2345 4728 equali
2378 4651 2440 4711 et
2472 4664 2650 4710 mora
2689 4643 3000 4730 porcione
