3359 5250
1417 356 1549 432 36⁷

565 556 709 649 Ego
738 559 1034 630 Joanues
1063 560 1291 631 Sancti
1323 561 1586 631 Nicolai
1616 560 1687 629 iu
1719 560 1889 629 Arce
1921 559 2228 631 Tulliana
2262 560 2600 631 Diaconus

346 665 748 736 Oardinalis.

563 777 707 863 Ego
739 777 1083 846 villelmus
1113 776 1340 846 Sancti
1371 777 1708 845 Eustachii
1737 778 2070 847 Diacouus
2116 776 2506 847 cardinalis.

567 886 708 973 Ego
742 884 1105 957 Ottobonus
1136 885 1362 955 Sancti
1394 884 1671 954 Adriani
1702 885 2037 954 Diaconus
2073 883 2465 955 cardinalis.

346 993 595 1063 Datum
627 993 930 1083 Anagnie
962 1013 1083 1082 per
1113 1013 1379 1062 manum
1409 992 1743 1062 Guillelmi
1773 1029 1864 1044 -
1888 1031 1975 1044 —
1994 1032 2083 1044 -
2109 1031 2199 1043 -
2228 990 2602 1062 Parmensis

345 1105 554 1172 Sacre
583 1106 880 1173 Romane
897 1104 1193 1173 Ecclesie
1210 1102 1793 1175 vice—Cancellarii
1815 1106 1931 1174 XI.
1953 1103 2284 1174 kalendas
2301 1102 2603 1192 Augusti,

345 1211 732 1280 Indictionis
762 1213 936 1301 XII„
985 1212 1468 1283 Iucarnationis
1503 1212 1847 1282 Dominice
1877 1233 2051 1281 anno
2087 1214 2179 1281 M⁰
2198 1211 2329 1280 00⁰
2350 1212 2426 1277 L·
2446 1211 2606 1279 11110.

344 1321 774 1391 Pontificatus
805 1342 964 1391 vero
995 1323 1258 1391 Domini
1306 1322 1671 1392 Innocentii
1714 1323 1940 1410 Papae
1988 1322 2101 1390 IV.
2150 1342 2322 1393 anno
2366 1319 2605 1389 duode-

344 1449 541 1497 e1mo.

814 1576 1066 1641 (Parlati,
1093 1578 1373 1646 Illyricum
1399 1577 1626 1635 Sacrum
1653 1579 1746 1631 IV.
1773 1579 1888 1630 hot.
1929 1579 2048 1632 loo.
2076 1578 2135 1643 1.)

1396 2329 1553 2400 256.

340 2512 466 2579 IV.
509 2511 688 2580 lacae
713 2512 1019 2602 pdpdnak
1064 2514 1382 2593 rendelete,
1432 2515 1592 2601 hoyy
1623 2538 1699 2578 az
1737 2516 2003 2601 apostoli
2050 2516 2297 2582 sze'knek
2342 2517 2603 2584 Ιείὶῖόηὸε

340 2621 759 2711 meyhaqydsa
789 2619 996 2688 nelkizl
1025 2646 1066 2687 a
1090 2623 1298 2709 pdpai
1324 2621 1494 2688 kb‘vet
1523 2646 1601 2688 az
1633 2626 2002 2711 eszterqami
2046 2623 2267 2690 drseket
2295 2631 2358 2690 e's
2385 2623 2601 2716 kdpta·

709 2734 845 2798 lant
873 2732 1137 2819 ethdzi
1167 2732 1519 2798 biintete'ssel
1547 2756 1620 2796 ne
1651 2732 1977 2819 sujthassa.
2030 2733 2227 2802 1254.

560 2928 978 2997 Innocentius
1009 2928 1373 3014 Episcopus
1424 2949 1650 2998 seruus
1703 2950 2039 2999 seruorum
2071 2930 2197 2998 Dei
2234 2932 2598 3017 venerabilj

340 3036 531 3105 fratri
563 3086 580 3103 .
619 3087 634 3105 .
671 3088 685 3104 .
720 3037 1236 3125 Archiepiscopo
1270 3043 1335 3105 et
1365 3037 1624 3105 dilectis
1650 3037 1808 3124 filijs
1830 3036 2135 3124 Capitulo
2165 3038 2602 3123 strigoniensi

340 3147 621 3215 salutem
655 3152 721 3214 et
740 3146 1191 3233 Apostolicam
1221 3145 1767 3215 benedictionem.
1806 3146 2184 3232 Apostolice
2202 3148 2388 3215 Sedis
2419 3148 2598 3214 beni-

341 3255 563 3341 gnitas
615 3253 868 3323 sincere
917 3256 1415 3340 obsequentium
1468 3261 1623 3322 uota
1675 3253 1963 3322 fidelium
2020 3255 2247 3322 fauore
2294 3254 2600 3322 beniuolo

341 3361 654 3450 prosequi
681 3363 1039 3448 consueuit,
1073 3371 1138 3429 et
1170 3381 1490 3449 personas
1510 3363 1789 3450 illorum,
1821 3382 1982 3448 quos
2014 3362 2081 3429 in
2114 3381 2236 3430 sua
2255 3364 2601 3432 deuotione

340 3476 679 3560 promptos
710 3470 1028 3540 inuenerit
1059 3477 1124 3539 et
1155 3473 1502 3556 feruentes,
1530 3472 1924 3557 quibusdam
1957 3469 2223 3561 (titulis)
2263 3472 2600 3539 decentius

342 3577 684 3649 decorare.
736 3582 823 3648 Vt
852 3581 1052 3665 igitur
1099 3600 1181 3647 ex
1231 3579 1508 3667 speciali
1560 3579 1929 3665 deuotione,
1982 3575 2178 3665 quam
2228 3581 2315 3647 ad
2366 3601 2485 3650 nos
2534 3589 2601 3650 et

343 3689 714 3756 Romanam
746 3687 1112 3756 Ecclesiam
1165 3688 1407 3756 habere
1439 3688 1806 3775 noscimini,
1859 3689 2155 3756 sentiatis
2187 3688 2374 3756 uobis
2419 3690 2599 3757 fauo·

342 3791 548 3885 (rem)
578 3795 1026 3884 Apostolicum
1077 3816 1204 3863 uon
1237 3796 1564 3864 modicum
1595 3797 2003 3884 accreuisse3
2055 3799 2448 3866 auctoritate
2491 3819 2598 3866 uo·

340 3904 451 3973 bis
481 3905 922 3991 praesentium
969 3903 1409 3990 indulgemus,
1463 3910 1533 3972 ut
1562 3904 1784 3973 nullus
1816 3905 2203 3993 Delegatus,
2245 3903 2412 3996 (uel)
2440 3906 2598 3974 Sub·

340 4010 706 4099 delegatus,
727 4015 1076 4100 Executor,
1109 4022 1223 4080 aut
1256 4013 1454 4080 etiam
1479 4011 1939 4101 Consemator,
1981 4015 2370 4083 auctoritate
2400 4016 2591 4083 Sedis

337 4122 745 4209 Apostolice,
799 4109 902 4189 uel
935 4121 1333 4208 Legatorum
1382 4121 1592 4211 ipsius
1622 4122 1689 4188 in
1741 4142 1883 4207 uos,
1936 4120 2044 4190 uel
2074 4122 2437 4192 Ecclesiam
2489 4143 2597 4192 ue-

340 4236 548 4300 stram
580 4230 1290 4320 excommunicationis,
1321 4231 1791 4319 suspensionis,
1846 4230 1953 4298 uel
1982 4230 2312 4299 interdicti
2343 4238 2597 4301 senten·

279 4427 292 4436 Ὦ
336 4339 468 4408 itas
521 4342 939 4428 promulgare
957 4390 976 4425 ‚
1040 4347 1154 4407 aut
1199 4340 1589 4409 interdicere
1637 4339 1827 4408 uobis
1880 4341 2249 4426 ingressum
2300 4340 2597 4409 Ecclesie

338 4447 654 4538 (ua)leat‚
706 4448 955 4534 absque
1005 4446 1281 4535 speciali
1329 4444 1640 4516 mandato
1689 4448 1875 4515 Sedis
1927 4448 2218 4516 eiusdem
2240 4500 2259 4533 ,
2310 4448 2594 4517 faciente

336 4556 605 4644 plenam
653 4563 719 4626 et
752 4575 1132 4645 expressam
1181 4557 1263 4624 de
1309 4558 1434 4623 hac
1482 4552 1894 4642 indulgentia
1944 4556 2355 4627 mentionem.
2410 4555 2593 4626 Nulli

335 4683 493 4755 ergo
526 4663 787 4736 omnino
818 4663 1149 4735 homiuum
1179 4664 1381 4734 liceat
1408 4661 1580 4734 hane
1611 4663 1930 4752 paginam
1959 4671 2181 4733 nostre
2227 4664 2594 4738 concessio·
