3359 5250
1365 390 1495 461 307

1357 987 1512 1057 214.

297 1186 558 1253 Roland
599 1186 932 1255 midornak
979 1185 1427 1255 Machkazmm
1474 1192 1632 1256 aava
1680 1187 1956 1256 bio-tolera
1999 1189 2333 1257 vonatkozd
2350 1240 2371 1270 ‚
2434 1212 2466 1254 ε
2521 1213 2563 1254 a

297 1296 539 1381 πρίει-αι’
565 1294 984 1384 kaptalanhoz
1014 1298 1255 1363 intdzea
1269 1296 1662 1383 Ιιατάήάνάεί
1685 1319 2007 1383 parancsa
2032 1290 2319 1382 Elefanti
2334 1297 2556 1364 Eudo-e

1023 1404 1332 1472 szdmdra.
1371 1402 1840 1472 1249-1260.

521 1600 696 1670 Viris
727 1600 1027 1672 discretis
1058 1607 1124 1670 et
1155 1601 1386 1671 amicis
1433 1602 1571 1672 suis
1603 1601 1673 1670 in
1704 1601 1966 1672 Christo
1997 1602 2412 1675 karisssimis
2443 1602 2563 1672 Ga-

305 1709 516 1798 pitnlo
563 1709 877 1781 Nitriensi
908 1711 986 1782 R.
1016 1709 1360 1780 Palatinus
1410 1718 1479 1781 et
1531 1710 1768 1781 Comes
1820 1712 2243 1783 Posoniensis
2293 1711 2560 1780 inclina-

308 1817 563 1887 cionem
593 1838 740 1888 cum
770 1819 1033 1889 sincera
1061 1818 1424 1892 dileccione
1455 1827 1520 1890 et
1550 1821 1936 1891 reuerencia
1966 1828 2222 1909 parata.
2264 1821 2568 1889 Vestram

307 1924 697 2011 requirimus
729 1926 1218 2014 discrecionem‚
1250 1933 1572 2013 qnatenus
1609 1929 1937 1998 Damiano
1971 1928 2207 1998 comiti
2236 1927 2321 1998 de
2351 1928 2570 1999 Vatha

308 2034 557 2104 homini
586 2039 807 2104 nostro
854 2034 1026 2105 detis
1057 2035 1520 2123 testimoninm,
1570 2036 1694 2104 sub
1724 2055 1854 2121 qno
1886 2035 2297 2123 perambulet
2324 2043 2569 2123 terram

309 2144 776 2213 Maohkazorm
809 2145 1232 2233 nominatam,
1290 2165 1487 2232 quam
1519 2144 1643 2215 filii
1679 2146 1940 2217 Andrce
1973 2143 2055 2214 de
2084 2144 2348 2214 Elefant
2381 2164 2570 2215 suam

309 2272 461 2321 esse
490 2251 717 2322 dicunt
744 2259 809 2323 et
839 2253 1081 2340 fniss03
1133 2251 1648 2324 contradictores
1698 2260 1920 2324 antem
1952 2253 2038 2321 ad
2077 2259 2366 2323 nostram
2414 2252 2573 2323 citet

312 2360 720 2447 presenciam
748 2360 838 2431 ad
867 2361 1212 2432 terminum
1245 2367 1756 2452 competentem3
1807 2360 2075 2431 nomina
2102 2362 2315 2431 eciam
2344 2361 2569 2431 citato-

313 2488 459 2536 rum
508 2476 575 2536 et
622 2468 858 2538 seriem
907 2468 1091 2555 facti,
1148 2478 1346 2558 prout
1392 2467 1589 2539 homo
1635 2475 1861 2539 noster
1911 2469 2001 2537 ad
2048 2470 2173 2540 hoc
2219 2465 2571 2556 deputatus

313 2576 509 2646 nobis
539 2575 796 2663 dixerit,
826 2577 1018 2648 nobis
1039 2577 1442 2648 rescribatis.
1483 2578 1723 2648 Datum
1744 2575 2010 2647 Posonii
2041 2577 2109 2648 in
2140 2574 2309 2647 festo
2329 2578 2570 2647 Sancte

313 2686 689 2774 Margarete
717 2688 1014 2775 virginis.
1069 2690 1234 2757 Item
1264 2688 1510 2757 Lucam
1544 2686 1992 2756 adversarium
2024 2685 2377 2757 eorundem
2409 2687 2573 2756 filio·

313 2815 463 2864 rum
493 2794 750 2864 Andree
779 2796 865 2864 de
894 2795 1159 2867 Elefant
1190 2796 1276 2864 ad
1301 2803 1594 2865 nostram
1625 2796 1783 2865 citet
1813 2795 2247 2884 presenciam.

536 2958 730 3028 Kimu
747 2984 767 3025 :
806 2956 1112 3047 Capitnlo
1142 2957 1460 3028 Nitriensi
1487 2976 1684 3046 snper
1713 2964 1888 3029 terra
1919 2957 2401 3028 Machkazorm.

428 3211 703 3281 (Eredetie
727 3209 1057 3281 batham-in
1076 3252 1090 3276 ‚
1127 3229 1160 3267 a
1192 3210 1473 3283 drpecset
1497 3209 1792 3276 Iomnium,
1831 3227 1865 3265 a
1890 3210 2057 3265 budai
2083 3210 2187 3265 kir.
2213 3209 2461 3262 kamarai

1268 3298 1647 3368 leveltArban.)
