3359 5250
1340 300 1474 369 273

1350 869 1504 940 192.

290 1055 350 1121 A
369 1057 548 1144 pe'csi
573 1054 876 1144 kdptalan
907 1053 1098 1139 dtirja
1145 1052 1320 1141 eyyt'k
1354 1053 1561 1140 re'yibb
1593 1051 1835 1118 Bedech
1863 1056 1923 1118 e's
1964 1050 2238 1141 Terpycz
2274 1053 2543 1120 heb-tokok

781 1161 1064 1227 eladdsdt
1091 1159 1388 1247 tdryyazd
1417 1159 1833 1247 bizonyadth.
1874 1158 2070 1225 1248.

1016 1335 1070 1403 O
1389 1337 1446 1403 B
1768 1338 1827 1405 A

507 1516 860 1586 Farcasius
880 1513 1592 1600 Quinqueecclesiensis
1612 1517 1991 1601 Propositus
2023 1517 2362 1603 tociusque
2384 1520 2551 1588 eius·

289 1629 439 1696 dem
474 1626 606 1695 loci
624 1624 998 1713 Capitulum
1027 1624 1329 1693 omnibus
1357 1643 1632 1711 presens
1663 1623 1977 1713 scriptum
2007 1627 2419 1695 cernentibus
2452 1648 2555 1695 sa-

288 1736 493 1804 lutem
523 1734 593 1800 in
624 1733 925 1802 Domino.
958 1732 1252 1800 Presenti
1284 1732 1773 1819 conscripcione
1802 1739 2088 1800 vestram
2119 1734 2210 1801 ad
2238 1735 2550 1802 noticiam

290 1845 594 1912 volumus
626 1841 952 1926 deuenire,
984 1841 1160 1926 quod
1193 1841 1731 1909 lwankaomes
1766 1841 1942 1910 filius
1968 1842 2304 1910 Abraham
2335 1844 2418 1911 de
2448 1863 2554 1928 ge-

293 1971 453 2019 nere
505 1950 731 2018 Sudan
779 1949 971 2018 nobis
1032 1948 1440 2034 presentauit
1486 1947 1818 2032 quoddam
1880 1932 2323 2034 priuilegium.⁸
2347 1951 2554 2021 nostri

296 2058 710 2147 appensione
739 2057 943 2142 sigilli
972 2055 1385 2140 roboratum3
1419 2055 1601 2123 cuius
1632 2060 1820 2123 tenor
1848 2063 1952 2123 est
1979 2055 2147 2124 iste:

514 2164 801 2233 Garinus
820 2163 1200 2250 Propositus
1218 2163 1343 2231 stb.
1386 2160 1813 2250 (hovetkezik
1835 2183 1878 2229 a
1897 2164 2079 2250 pecsi
2101 2163 2555 2252 kaptalannak

303 2272 578 2342 1232-ki
624 2271 1215 2357 bizonysaglevele,
1269 2269 1434 2337 mint
1462 2292 1506 2337 a
1524 2270 1710 2355 ,ielen
1759 2271 2184 2357 gyfijtemeny
2212 2271 2267 2337 Ι.
2306 2272 2558 2340 kotete·

301 2383 427 2449 ben
459 2383 614 2448 326.
664 2401 753 2447 sz.
788 2401 843 2447 a.

513 2491 601 2554 Et
631 2508 825 2573 quum
856 2486 1046 2554 istius
1098 2485 1432 2573 priuilegij
1463 2486 1665 2553 aliam
1697 2487 2106 2572 particulam,
2159 2507 2284 2572 que
2331 2496 2559 2556 nostra

302 2598 618 2667 remansit
647 2599 717 2667 in
744 2598 1040 2680 (lamera,
1075 2615 1220 2663 cum
1237 2597 1535 2683 pluribus
1554 2596 1707 2683 alijs
1733 2595 2139 2684 perdidimus
2169 2596 2238 2664 in
2270 2603 2559 2685 tempore

304 2710 745 2792 Tartarorum,
796 2706 1097 2773 timentes
1149 2726 1232 2772 ne
1280 2705 1412 2791 ipsi
1442 2705 1721 2771 Iwanka
1750 2703 1989 2773 Gomiti
2036 2726 2155 2793 pro
2203 2703 2320 2772 ina
2350 2704 2560 2792 perdi·
2658 2793 2661 2796 -

306 2815 490 2882 cione
519 2812 735 2900 possit
762 2811 1117 2898 dampnum
1138 2812 1515 2899 peruenire3
1551 2812 1639 2879 ad
1669 2812 1882 2898 ipsius
1914 2812 2303 2899 peticionem
2321 2813 2561 2881 iustam

309 2931 372 2989 et
417 2921 762 2993 honestam
811 2923 1025 3009 ipsum
1071 2921 1342 3006 dignum
1394 2921 1698 2990 duximus
1757 2921 2175 3009 priuilegium
2235 2921 2557 2990 renouari.

311 3030 532 3098 Annus
588 3036 808 3097 antem
855 3029 1313 3098 renouacionis
1363 3037 1466 3096 est
1493 3030 1586 3095 Μ’
1605 3027 1739 3095 00⁰
1757 3030 1906 3096 XL⁰
1927 3030 2106 3096 VIII⁰
2138 3029 2225 3096 ab
2260 3032 2561 3096 Incarna·

309 3138 490 3207 cione
508 3137 795 3223 Domini,
817 3136 1059 3204 mensis
1078 3136 1344 3223 Aprilis.
1381 3137 1648 3205 Dictum
1665 3137 1889 3223 itaque
1918 3136 2356 3225 priuilegium,
2389 3132 2563 3219 quod

313 3244 454 3330 ipse
486 3242 722 3309 Comes
752 3242 1025 3309 Iwanka
1073 3242 1266 3311 nobis
1297 3244 1721 3330 presentau²t,
1771 3243 1860 3310 ad
1893 3245 2203 3311 maiorem
2240 3240 2565 3308 certitudi-

306 3373 472 3440 nem,
506 3351 807 3437 quamuis
827 3370 1099 3419 necesse
1116 3372 1246 3419 non
1275 3352 1527 3438 fuisset,
1567 3372 1715 3419 cum
1745 3352 1879 3419 alia
1898 3350 2226 3441 particula
2242 3350 2564 3440 presentis
2701 3388 2705 3394 ·

305 3460 636 3548 priuilegij
671 3460 740 3526 in
791 3478 1056 3527 camera
1087 3460 1380 3527 Ecclesie
1411 3465 1631 3528 nostre
1662 3458 1940 3527 fecimus
1972 3459 2372 3528 conseruari.
2423 3457 2567 3525 Jur-

307 3569 480 3638 kone
511 3566 819 3653 Cantore,
854 3567 1199 3637 Theodoro
1228 3567 1536 3653 Custode,
1570 3567 1861 3637 Arnoldo
1882 3569 2172 3654 Decano,
2205 3569 2567 3651 ceterisque

306 3676 551 3745 ibidem
603 3696 800 3763 quam
829 3676 1125 3764 pluribus
1174 3677 1624 3748 existentibus.
1676 3678 1923 3745 Datum
1970 3699 2088 3766 per
2117 3697 2348 3746 manus
2390 3673 2563 3742 Petri

302 3783 599 3853 Lectoris
641 3782 1379 3869 Quinqueecclesiensis.

304 3983 588 4051 (Ei-edotio
612 3981 956 4050 bssrhartyaim
996 3984 1221 4050 melyrol
1256 3998 1291 4035 a
1313 3984 1485 4052 fug-gd
1508 3980 1696 4051 pecset
1718 3979 1837 4036 mar
1860 3982 2137 4048 elveszett,
2183 3997 2217 4033 a
2244 3980 2448 4036 fflmelt.
2471 3981 2567 4049 hg.

955 4071 1271 4127 Eszterhfizi
1297 4071 1482 4126 malm
1506 4069 1921 4141 leveltkraban.)

397 4711 609 4748 nomn.
643 4710 811 4748 nune.
842 4710 983 4747 nm.
1023 4719 1098 4730 —
1136 4709 1281 4746 mn..
1328 4701 1398 4740 18·
2174 4685 2250 4739 18
