3359 5250
1934 391 2066 458 404

873 594 1050 660 Aron
1085 591 1383 675 Cantore,
1428 591 1690 659 -Thoma
1720 591 1921 658 tereio
1954 588 2256 674 Custode,
2296 586 2557 655 Matheo
2608 587 2947 656 sacerdote
2999 589 3127 656 De·

874 721 1062 787 cano,
1095 698 1304 785 Gurk,
1336 701 1574 786 Hysee,
1609 706 1675 767 et
1707 699 1857 767 aliis
1889 698 2239 768 Canonieis
2270 697 2719 767 existentibus,

939 899 1225 969 (Eredetie
1253 896 1602 967 bo'rha'trtyan,
1630 899 1885 967 melynek
1912 900 2082 967 sugg-6
2104 897 2348 967 poesetje
2372 897 2651 962 elreszett,
2688 914 2721 949 a
2745 856 2925 949 budai‘
2941 897 3044 948 kir.

1668 991 1914 1041 karum-ai
1944 988 2318 1056 leveltaeirban.)

1909 1730 2066 1800 288.

873 1914 973 1977 ΑΖ
1005 1914 1141 1997 eqri
1168 1911 1593 1999 ka'ptalannak
1623 1913 2156 2000 bizonysciylevele‚
2186 1913 2349 1999 hoqy
2380 1909 2501 1975 IV.
2538 1910 2697 1976 Be'la
2725 1909 2935 1997 kircily
2976 1932 3109 1973 ren-

869 2020 1167 2086 delete'nek
1178 2020 1438 2107 solytdn
1459 2020 1785 2086 Hermann
1803 2020 2252 2106 nemzecse'qbeli
2272 2020 2568 2085 Antoleus
2603 2040 2795 2083 comes
2815 2018 3115 2083 szdmdra

1235 2130 1460 2195 Mese-es
1490 2129 1852 2195 bia-tokdban
1880 2128 2244 2213 halcim'drds
2274 2132 2508 2193 tb'rte'nt.
2547 2126 2741 2193 1255.

1083 2326 1417 2394 Vniuersis
1435 2325 1676 2394 christi
1708 2326 2010 2395 fidelibus
2045 2333 2179 2394 tam
2211 2324 2620 2413 presentibus
2651 2344 2843 2409 quam
2875 2322 3115 2393 futuris

869 2434 1238 2523 Capitulum
1269 2434 1560 2502 Ecclesie
1590 2433 1931 2519 Agriensis
1980 2434 2259 2503 salutem
2304 2434 2373 2501 in
2421 2431 2706 2501 omnium
2757 2432 3115 2501 saluatore.

868 2545 1196 2634 Scripture
1215 2541 1651 2610 testimonium
1671 2542 1978 2609 memorie
1997 2543 2414 2629 suffragatur,
2451 2549 2518 2610 et
2545 2543 2905 2610 futurorum
2924 2561 3112 2607 man-

868 2653 982 2720 dat
1007 2650 1244 2722 notieie
1272 2652 1593 2740 presentis
1624 2652 1935 2740 temporis
1970 2653 2268 2721 aeeiones
2298 2687 3113 2702 ———————

865 2798 2021 2811 ——————————
2041 2815 2059 2849 ,
2110 2760 2283 2846 quod
2315 2760 2633 2828 accedens
2683 2759 2770 2827 ad
2817 2766 3115 2826 nostram

866 2870 1266 2958 presenciam
1287 2867 1519 2938 Comes
1539 2869 1854 2939 Antoleus
1884 2871 2087 2939 frater
2103 2870 2348 2938 Mathie
2380 2868 2704 2956 Prepositi
2733 2867 2818 2935 de
2836 2868 3113 2954 Seepus,

866 2979 1157 3046 exhibuit
1194 2978 1379 3046 nobis
1428 2978 1682 3047 litteras
1714 2979 1870 3048 Bele
1902 2979 2186 3047 Illustris
2216 2978 2418 3065 Regis
2451 2977 2734 3063 Vngarie
2776 2976 3113 3044 eontinen-

863 3094 959 3153 tes
992 3085 1060 3153 in
1093 3088 1213 3153 hee
1242 3088 1480 3154 verba:

1082 3191 1244 3263 Bela
1273 3195 1399 3262 Dei
1431 3195 1660 3280 graeia
1692 3195 1817 3263 stb.
1853 3192 2277 3282 (kovetkezik
2309 3194 2472 3263 Bela
2514 3194 2871 3283 kiralynak
2911 3196 3112 3264 1255.

868 3321 1207 3389 paranesa,
1242 3302 1405 3370 mint
1440 3300 1705 3369 fentebb
1738 3302 1889 3369 272.
1921 3322 2009 3369 sz.
2039 3302 2131 3390 a.)

1074 3409 1214 3477 Nos
1243 3409 1443 3497 igitur
1472 3411 1798 3497 preceptis
1828 3409 2119 3478 eiusdem
2151 3409 2394 3479 domini
2426 3411 2582 3478 Bele
2602 3410 2801 3495 Regis
2831 3410 3113 3478 obedire

862 3517 1216 3608 cupientes,
1266 3525 1337 3585 vt
1364 3527 1677 3606 tenemur,
1726 3539 1859 3586 vna
1891 3539 2035 3586 eum
2068 3518 2326 3606 prefato
2357 3518 2688 3604 Stephano
2719 3518 2857 3586 filio
2889 3516 3121 3586 Gadan-

860 3627 943 3694 de
973 3627 1330 3695 Tholehwa
1373 3627 1634 3696 homine
1665 3625 1911 3695 domini
1944 3627 2144 3714 Regis
2175 3648 2367 3695 vnum
2419 3646 2503 3693 ex
2540 3626 2750 3713 nobis,
2800 3626 3120 3695 videlieet

860 3735 1241 3820 Magistrum
1273 3738 1563 3803 Mareum
1611 3735 1857 3803 soeium
1887 3743 2176 3804 nostrum
2215 3734 2757 3804 Arehidiaeonum
2795 3733 2880 3801 de
2912 3736 3117 3821 Vngb

860 3844 947 3912 ad
980 3844 1429 3928 exequendum
1461 3844 1784 3931 premissa
1815 3843 2119 3911 duximus
2153 3841 2648 3930 destinandnm3
2697 3844 2808 3929 qui
2840 3841 3118 3912 demum

857 3954 1006 4041 pari
1037 3991 1125 4004 -—
1155 3992 1241 4004 -
1273 3992 1361 4002 -—
1393 3954 1665 4022 deuntes
1697 3954 1887 4020 nobis
1920 3953 2321 4023 concorditer
2345 3955 2719 4039 retulerunt,
2752 3953 2933 4037 quod
2956 3954 3121 4021 sab-

858 4064 1011 4132 bato
1042 4063 1336 4150 proximo
1384 4070 1533 4150 post
1564 4061 1926 4147 quindenas
1975 4063 2266 4132 eiusdem
2298 4062 2485 4131 Beati
2531 4062 2767 4131 Jaoobi
2797 4064 3116 4149 Apostoli

856 4191 1055 4259 super
1085 4209 1175 4221 -
1205 4209 1294 4220 —
1322 4185 1409 4220 -1-
1447 4209 1531 4222 --
1564 4210 1652 4220 —
1683 4172 2118 4258 possessionis
2147 4174 2397 4240 Mesees
2430 4178 2661 4240 vocate
2711 4169 3119 4239 aecedentes

856 4280 1230 4348 conuocatis
1259 4317 1347 4329 -—
1377 4317 1465 4328 —
1496 4317 1583 4329 ·—-
1621 4320 1699 4331 -
1734 4281 2063 4350 nobilibus
2093 4281 2178 4348 de
2207 4281 2566 4350 Tholehwa
2585 4332 2605 4367 ‚
2650 4278 2827 4346 Prud
2864 4279 2950 4347 de
2982 4282 3118 4348 Ke-

855 4393 1089 4455 reztwr
1117 4389 1261 4473 Buq
1293 4427 1855 4439 —————
1886 4388 2245 4459 comitibus
2275 4397 2341 4458 et
2357 4389 2691 4475 Magistris
2729 4388 3119 4477 specialiter

856 4495 946 4563 ibi
978 4496 1462 4585 adherentibus,
1512 4518 1632 4567 nee
1662 4520 1788 4568 non
1841 4499 1993 4585 alijs
2027 4499 2351 4569 vninersis
2382 4498 2615 4567 vicinis
2663 4505 2733 4566 et
2759 4505 3119 4566 commeta·

858 4603 999 4672 neis
1030 4604 1320 4673 eiusdem
1369 4606 1552 4674 iuxta
1582 4606 1792 4693 Regni
1827 4607 2356 4675 consvetudinem
2402 4606 2924 4674 reambulassent
2953 4625 3119 4673 ean·

856 4712 1004 4789 dem
1042 4719 1105 4779 et
1136 4712 1589 4782 distinxissent
1634 4715 1831 4782 certis
1862 4714 2049 4783 metis
2081 4736 2123 4784 a
2153 4714 2405 4804 vicinis,
2458 4715 2951 4801 erexissentque
2981 4739 3111 4788 no·
