3359 5250
1515 336 1648 401 213

455 519 594 580 tate
647 513 934 582 omnium
985 521 1413 599 cognatorum
1463 532 1723 580 suorum
1745 563 1765 599 ,
1789 527 1790 530 ’
1818 513 2125 581 videlicet
2172 494 2373 604 Arad,
2426 516 2706 602 Andree,

448 622 493 689 J
499 620 625 706 ule,
658 627 725 688 et
754 627 1348 690 commetaneorum
1380 640 1624 705 eorum,
1658 620 1911 688 scilicet
1938 622 2255 708 Stephani
2287 644 2330 690 a
2360 631 2547 711 parte
2584 619 2705 693 ori-

450 728 640 816 entis,
672 729 850 797 Petri
881 729 999 815 fllij
1032 728 1270 813 Briccij
1306 750 1350 796 a
1381 738 1568 816 parte
1601 728 1919 816 meridiei,
1963 732 2233 799 Forrow
2264 732 2704 817 possessionis

448 836 697 904 domini
727 837 929 924 Regis
960 859 1003 905 a
1033 843 1222 924 parte
1268 838 1622 906 occidentis
1657 838 2090 925 personaliter
2131 839 2515 925 astancium,
2556 862 2705 911 ven·

446 945 777 1015 didissent
808 947 1057 1015 Jacobo
1107 954 1171 1012 et
1199 947 1464 1014 Iwance
1495 948 1653 1034 filijs
1685 947 1932 1016 Mathie
1981 947 2095 1034 filij
2127 947 2402 1034 Rugach
2440 946 2523 1015 de
2552 950 2702 1017 Sce-

444 1074 571 1141 pus
623 1053 974 1122 antedictis
1006 1074 1123 1141 pro
1155 1061 1303 1124 octo
1336 1055 1571 1122 marcis
1620 1055 1734 1122 fini
1771 1058 2048 1144 argenti,
2099 1056 2282 1144 ipsis,
2337 1061 2403 1123 et
2429 1077 2553 1143 per
2586 1076 2700 1125 eos

447 1161 741 1248 ipsorum
771 1161 1140 1245 heredibus,
1190 1161 1630 1248 heredumque
1658 1184 1920 1231 suorum
1953 1165 2443 1233 successoribus
2472 1183 2699 1250 perpe-

443 1274 556 1338 tuo
595 1271 747 1356 jure
795 1277 861 1339 et
905 1269 1425 1339 irreuocabiliter
1471 1271 1746 1357 pacifice
1792 1271 2256 1359 possidendam
2277 1324 2296 1359 ‚
2347 1292 2475 1356 que
2521 1277 2701 1339 terra

445 1384 547 1445 est
579 1385 861 1464 quatuor
891 1384 1294 1462 aratrorum;
1353 1384 1420 1446 et
1449 1379 1634 1468 ipsas
1666 1389 1812 1449 octo
1844 1401 2102 1449 marcas
2135 1380 2310 1449 idem
2349 1381 2604 1448 Chazar
2632 1387 2699 1446 et

440 1485 614 1553 filius
647 1486 938 1554 eiusdem
971 1507 1014 1553 a
1045 1488 1298 1555 Jacobo
1330 1494 1397 1555 et
1427 1488 1704 1555 Iwanka
1733 1488 2073 1575 premissis
2125 1488 2410 1556 confessi
2440 1495 2593 1556 sunt
2622 1506 2696 1554 se

440 1593 739 1680 plenarie
768 1594 1119 1682 recepisse.
1173 1593 1373 1661 Cuius
1407 1601 1575 1662 terre
1607 1595 1820 1681 prima
1868 1603 2045 1663 meta
2074 1594 2305 1682 incipit
2346 1615 2542 1682 super
2570 1596 2696 1683 rip-

440 1722 593 1786 pam
643 1700 827 1786 fluuij
860 1702 1131 1768 Harnad
1177 1703 1265 1769 ab
1296 1722 1429 1769 vna
1478 1702 1695 1787 dvmo,
1747 1722 1875 1788 qne
1918 1702 2253 1788 wlgariter
2300 1704 2695 1790 chipkebokor

439 1808 847 1895 appellatur3
900 1810 1050 1877 hinc
1100 1810 1277 1877 venit
1327 1829 1556 1876 versus
1588 1810 1818 1876 villam
1865 1812 2154 1893 Forrow,
2206 1816 2272 1876 et
2319 1809 2410 1876 ibi
2461 1809 2694 1895 incipit

441 1924 669 2000 tenere,
695 1923 936 1982 metam
986 1936 1132 1984 cum
1163 1916 1314 2002 ipsa
1345 1916 1507 1985 villa
1542 1917 1847 1999 Forrow3
1903 1916 2056 1982 hine
2087 1916 2278 2002 redyt
2307 1916 2393 1983 ad
2444 1915 2693 2003 predic-

439 2031 573 2090 tum
604 2023 894 2107 fluuium,
928 2028 996 2091 ct
1026 2023 1117 2090 ibi
1150 2031 1252 2092 est
1282 2032 1455 2090 meta
1485 2046 1615 2090 vna
1646 2024 1840 2108 nigra
1871 2024 2091 2108 arbor,
2143 2022 2254 2108 qui
2285 2021 2458 2111 (igy)
2491 2042 2690 2110 popu-

437 2129 971 2215 lusmominatur3
1014 2131 1164 2197 hinc
1185 2130 1421 2198 transit
1448 2131 1715 2197 fluuium
1737 2131 1824 2196 ad
1854 2137 2131 2217 pratum,
2166 2127 2339 2215 quod
2361 2131 2686 2216 kechyou-

438 2239 593 2325 kyzi
623 2244 913 2324 vocatur,
948 2244 1015 2305 et
1042 2238 1137 2305 ibi
1169 2246 1347 2306 tenet
1379 2245 1614 2307 metam
1647 2260 1793 2306 cum
1826 2246 2001 2307 terra
2032 2238 2345 2324 Stephani
2383 2238 2466 2306 de
2495 2235 2689 2325 Bynd

439 2368 642 2432 nsque
675 2345 764 2413 ad
795 2367 1101 2432 magnam
1135 2354 1447 2434 stratam;
1492 2346 1727 2414 dehinc
1757 2348 1987 2434 incipit
2015 2355 2237 2414 tenere
2270 2353 2512 2415 metam
2542 2368 2687 2415 cum

437 2462 608 2523 terra
641 2459 823 2523 Iwan
872 2456 989 2540 filij
1023 2456 1349 2540 Symonis,
1403 2463 1469 2523 ct
1500 2454 1690 2540 rcdyt
1739 2455 1826 2522 ad
1870 2456 2150 2541 primam
2180 2460 2443 2540 metam,
2497 2462 2562 2522 et
2594 2455 2688 2523 ibi

431 2565 834 2632 terminatur.
869 2566 1146 2651 Insuper
1176 2564 1371 2651 ydem
1393 2563 1647 2631 Chazar
1678 2569 1745 2631 et
1775 2562 2146 2650 Stephanus
2177 2563 2349 2631 filius
2382 2562 2675 2631 eiusdem

433 2676 515 2742 de
537 2676 752 2760 Kynis
773 2674 1138 2761 supradicti
1157 2673 1533 2759 obligarunt
1550 2692 1623 2739 se
1647 2673 1897 2741 Jacobo
1930 2679 1995 2740 et
2014 2675 2272 2740 Iwance
2303 2670 2677 2758 sepedictis,

428 2788 498 2849 vt
526 2783 586 2849 si
619 2782 986 2867 quicunque
1018 2780 1198 2868 ipsos
1229 2780 1493 2849 racione
1525 2788 1700 2847 terre
1740 2779 2070 2848 antedicte
2109 2780 2507 2863 molestaret,
2568 2785 2681 2846 aut

428 2891 495 2957 in
527 2891 711 2957 litem
743 2894 1039 2975 attraret,
1072 2908 1185 2956 eos
1218 2895 1285 2955 et
1315 2908 1537 2957 eorum
1564 2888 1837 2956 heredes
1871 2889 2252 2975 indempnes
2290 2905 2679 2957 conseruare

427 3002 817 3064 tenerentur.
849 2997 940 3064 Ut
961 3002 1179 3064 autem
1202 2995 1391 3063 huius
1413 2997 1507 3062 rei
1541 2996 1747 3063 series
1765 3003 2149 3083 perpetuam
2179 2995 2400 3082 capiat
2419 2994 2680 3061 firmita-

430 3113 583 3187 tem,
620 3105 709 3171 ad
734 3104 1126 3172 instanciam
1160 3106 1366 3191 partis
1397 3104 1733 3190 Vtriusque
1763 3111 2021 3172 nostras
2042 3123 2241 3190 super
2272 3103 2396 3169 hoc
2427 3100 2680 3168 litteras

426 3214 875 3280 concessimus
913 3213 1199 3280 omnium
1219 3212 1492 3279 fratrum
1514 3220 1879 3281 nostrorum
1901 3231 2245 3295 consensu,
2266 3210 2679 3297 presentibus

422 3331 645 3388 tamen
684 3321 958 3390 Nicolao
996 3321 1359 3408 Preposito,
1412 3322 1605 3391 Petro
1644 3321 1947 3407 Cantore,
1990 3320 2180 3406 Oyka
2219 3319 2481 3402 Oustde,
2522 3316 2678 3384 Far·

427 3432 620 3497 kasio
673 3436 738 3497 et
768 3429 1085 3497 Ladizlao
1117 3428 1635 3510 Archidiaconis,
1690 3430 2020 3498 Demetrio
2061 3435 2127 3495 et
2156 3426 2517 3494 Laurencio
2550 3426 2669 3492 Ca·

421 3536 700 3626 nonicis,
725 3543 789 3603 et
808 3538 961 3623 alijs
983 3537 1222 3604 multis.
1247 3536 1552 3625 Glorioso
1574 3536 1914 3621 Hungarie
1933 3537 2113 3619 Rege
2136 3534 2317 3618 Bela,
2344 3532 2679 3619 Stephano

426 3643 887 3730 Strigoniensi,
920 3645 1271 3712 Benedicto
1304 3643 1646 3714 colocensi
1678 3644 2229 3732 Archiepiscopis,
2273 3641 2537 3710 domino
2570 3661 2678 3708 no·

424 3758 557 3819 stro
610 3750 965 3837 Lamperto
1000 3753 1344 3836 Agriensis
1376 3752 1671 3821 Ecclesie
1717 3751 2041 3839 Episcopo
2092 3749 2454 3834 existente,
2507 3768 2677 3815 anno

423 3857 647 3944 gracie
682 3859 773 3924 Μο
793 3856 925 3924 CC⁰
943 3860 1087 3926 XL⁰
1109 3861 1246 3927 VI⁰.

600 4057 703 4121 (Aa
726 4059 843 4125 egri
871 4053 1250 4125 kaiptalannak
1283 4060 1503 4110 1⁴08·ki
1530 4056 1842 4121 atiratabol,
1873 4075 1906 4111 a
1933 4059 2098 4110 budai
2123 4057 2227 4108 kir.
2255 4055 2498 4107 kamarai

1369 4146 1745 4218 leveltz'irban.)

1290 4453 1796 4464 ——4----—-—-—-·-.--
