3359 5250
26 4852 45 4861 τ

1955 415 2078 481 188

880 618 1196 698 scatores‚
1228 619 1471 679 terram
1500 610 1744 697 Timar,
1779 620 1844 680 et
1894 619 2133 680 terram
2185 631 2312 698 que
2365 619 2636 683 uocatur
2667 613 2917 699 Magna
2945 612 3155 701 Uilla,

879 739 923 786 a
953 724 1168 788 castro
1201 719 1519 789 Szobolch
1566 727 1928 811 exemptas,
1979 727 2046 787 et
2073 727 2314 790 terram
2345 721 2513 806 flea,
2547 740 2674 806 que
2702 720 2826 790 fuit
2847 720 3158 808 jobagio·

880 848 1034 896 num
1066 825 1267 895 castri
1299 826 1608 915 eiusdem,
1652 826 1963 897 uidelicet
1992 828 2332 898 Michaelis
2353 835 2421 896 et
2436 830 2713 916 Morout,
2747 830 2984 914 quibus
3002 829 3156 897 sine

876 935 1121 1004 herede
1151 932 1478 1003 defunctis
1510 934 1598 1003 ad
1630 956 1861 1005 manus
1894 943 2152 1005 nostras
2171 935 2353 1004 dicta
2369 942 2546 1005 terra
2564 936 2781 1004 extitit
2799 936 3150 1022 deuoluta;

879 1044 1002 1113 has
1026 1062 1252 1113 omnes
1302 1042 1372 1109 in
1422 1040 1752 1111 comitatu
1783 1040 1866 1111 de
1905 1044 2227 1113 Szobolch
2276 1045 2633 1113 existentes
2665 1043 2877 1113 eidem
2909 1043 3153 1113 Comiti

878 1151 1209 1239 Stephano
1241 1149 1459 1219 Judici
1488 1150 1659 1218 Aule
1685 1156 1926 1237 nostre,
1960 1156 2027 1218 et
2069 1171 2186 1239 per
2218 1170 2365 1220 eum
2395 1151 2534 1220 suis
2565 1151 2913 1221 heredibus
2945 1157 3014 1219 et
3040 1153 3154 1220 he·

877 1258 1106 1326 redum
1136 1258 1623 1328 successoribus
1671 1259 2063 1327 contulimus
2113 1266 2179 1327 et
2227 1260 2623 1329 conferimus
2661 1260 2731 1328 in
2761 1266 3151 1348 perpetuum

877 1368 1070 1455 pleno
1103 1366 1263 1434 iure.
1314 1367 1389 1433 In
1437 1386 1710 1452 quarum
1756 1367 2245 1455 possessionem
2293 1370 2698 1457 corporalem
2735 1388 2855 1456 per
2886 1366 3153 1435 fidelem

884 1479 1174 1545 nostrum
1204 1474 1413 1543 Keled
1441 1475 1646 1543 filium
1675 1475 1852 1544 Petri
1882 1476 2099 1565 ipsum
2139 1477 2414 1547 fecimus
2438 1477 2782 1548 introduci.
2812 1479 2917 1546 Ne
2946 1478 3151 1564 igitur

882 1583 1058 1652 ldem
1087 1584 1156 1651 S.
1208 1582 1439 1652 Comes
1488 1585 1596 1652 uel
1643 1603 1768 1652 sua
1812 1587 2166 1672 posteritas
2204 1593 2564 1675 temporum
2595 1586 2915 1655 curriculo
2948 1603 3154 1671 super

884 1694 1071 1761 terris
1103 1691 1350 1762 eisdem
1384 1712 1501 1781 per
1529 1695 1907 1782 quempiam
1935 1695 2282 1781 inquietari
2311 1696 2557 1779 ualeat,
2597 1714 2711 1764 seu
2730 1694 3151 1781 aliquatenus

884 1801 1238 1889 molestari,
1269 1809 1611 1889 presentes
1640 1803 1710 1871 in
1741 1808 2128 1892 perpetuam
2172 1804 2596 1873 stabilitatem
2626 1802 3009 1873 donacionis
3040 1820 3154 1869 no·

885 1915 1018 1979 stre
1047 1909 1439 1980 tradidimus
1489 1911 1744 1981 litteras
1796 1912 1866 1981 in
1923 1919 2307 2001 perpetuum
2355 1913 2770 2001 priuilegium
2819 1910 3153 2000 dupplicis

885 2018 1087 2104 sigilli
1135 2020 1340 2087 nostri
1391 2020 1742 2089 munimine
1790 2021 2156 2090 roboratas.
2211 2024 2457 2090 Datum
2505 2022 2690 2089 iuxta
2738 2020 2903 2089 Bors
2948 2038 3152 2108 super

887 2126 1177 2195 Granum
1208 2146 1381 2197 anno
1409 2127 1752 2197 Dominice
1799 2129 2286 2199 Incarnacionis
2325 2128 2671 2200 millesimo
2701 2129 3146 2197 ducentesimo

885 2233 1031 2302 XL⁰
1049 2236 1293 2322 quinto.
3023 2261 3034 2268 ·

886 2451 1171 2519 (Eredetie
1197 2450 1546 2523 bdrhartybn,
1571 2455 1799 2522 melyrssl
1816 2452 2303 2523 carga—violastinfl
2323 2457 2832 2538 selyemzsinorona
2855 2455 3050 2524 pecu&
3069 2462 3151 2511 w-

1285 2543 1483 2599 redeke
1508 2544 1660 2617 ἔθεε,
1700 2560 1736 2598 a
1761 2546 1927 2601 budai
1953 2546 2060 2600 kir-
2084 2547 2336 2602 kamarai
2359 2542 2745 2614 leveltbrban.)

1951 3416 2109 3488 124.

996 3635 1043 3702 I
1050 3635 1119 3701 V.
1150 3635 1313 3704 Βᾶα
1340 3639 1690 3725 meyerdsiti
1727 3635 1903 3703 Trau
1927 3637 2111 3704 vairos
2141 3636 2523 3723 azabadsciyi
2551 3635 2808 3703 audacia
2841 3632 3043 3702 1245.

1100 3851 1180 3917 In
1210 3851 1470 3920 nomine
1502 3851 1745 3921 Sancte
1784 3851 2129 3921 Trinitatis
2161 3861 2228 3922 et
2257 3850 2604 3921 Indiuidue
2632 3849 2942 3921 Unitatis.
2979 3848 3154 3921 Belo,

887 3960 1016 4028 Dei
1034 3960 1264 4046 gracia
1281 3959 1641 4046 Hungarie‚
1674 3967 1798 4029 ete.
1818 3962 1962 4029 Rex
1980 3970 2105 4030 ete.
2137 3961 2242 4029 Ad
2260 3959 2562 4030 notitiam
2582 3958 2783 4046 igitur
2810 3957 3154 4027 vniuerso·

887 4090 1031 4137 rum
1053 4068 1451 4155 prosentium
1473 4069 1643 4137 serie
1672 4068 1973 4138 volumus
1998 4069 2360 4157 peruenire,
2383 4067 2559 4152 quod
2579 4086 2726 4135 cum
2758 4064 2984 4134 arduis
3003 4065 3152 4150 qui-

889 4176 1167 4246 busdam
1207 4176 1475 4266 impulsi
1512 4177 1800 4266 negotijs
1839 4177 1927 4247 ad
1966 4186 2187 4266 partes
2236 4175 2747 4247 accessissemus
2785 4174 3158 4243 maritimas

888 4287 1252 4373 tractaturi,
1274 4306 1447 4373 quae
1463 4306 1712 4356 causae
1729 4287 2012 4373 qualitas
2032 4292 2097 4355 et
2115 4284 2404 4356 conditio
2421 4283 2732 4373 temporis
2751 4282 3156 4371 requirebat,

886 4395 1058 4464 etad
1077 4394 1406 4464 ciuitatem
1424 4402 1717 4463 nostram
1740 4395 2046 4482 Tragurij
2068 4395 2468 4465 venissemus
2490 4417 2507 4480 ;
2537 4390 2936 4461 venerabilis
2966 4397 3162 4479 pater

888 4504 1276 4590 Treguanus
1285 4503 1648 4591 Episcopus
1668 4502 1877 4593 ipsius
1886 4502 2190 4573 Ciuitatis
2206 4501 2457 4592 pariter
2474 4519 2622 4570 cum
2642 4519 2764 4572 suo
2778 4498 2986 4586 clero,
3006 4519 3162 4567 nec-

887 4632 1019 4681 non
1046 4612 1258 4681 fldelis
1288 4618 1511 4683 noster
1539 4611 1835 4683 Ghernoe
1882 4611 2206 4681 Carbonis
2240 4611 2479 4681 Rector
2511 4616 2580 4679 et
2610 4610 2653 4678 J
2653 4607 2828 4679 udex
2861 4613 2928 4677 et
2955 4604 3160 4679 oinos

889 4720 1188 4792 uniuersi
1215 4718 1597 4793 fidelitatem
1628 4718 2044 4792 reddolentes
2080 4718 2543 4808 omnimodam,
2579 4735 2781 4807 quam
2798 4736 2843 4789 a
2856 4721 3162 4807 tempore
