3359 5250
1504 376 1593 443 29

408 575 504 642 ad
553 575 907 641 claustrum
954 572 1074 640 tali
1104 571 1319 657 modo,
1373 569 1551 657 quod
1581 573 1803 639 vinum
1852 591 2086 659 purum
2107 622 2124 655 ,
2180 573 2354 659 quod
2404 572 2681 660 pedibus

408 687 583 752 bene
632 680 911 767 exprimi
940 686 1192 767 potest,
1249 678 1528 766 recipiat
1564 681 1890 763 Ecclesia,
1943 686 2008 747 et
2037 680 2212 764 quod
2251 680 2319 746 in
2369 682 2679 750 torculari

408 790 839 877 torquebitur,
873 787 1160 855 habeant
1188 787 1391 873 ijdem
1423 787 1759 855 vinitores.
1796 785 2201 856 contulimus
2224 788 2435 855 eciam
2467 786 2680 855 eidem

406 898 711 967 Ecclesie
741 898 809 963 in
842 896 1085 964 Sirmia
1113 897 1393 981 vineam,
1451 916 1648 981 quam
1680 896 1953 964 emimus
1983 896 2253 982 propria
2282 897 2566 983 pecnnia
2599 896 2681 965 de

406 1006 759 1094 Mychaele
778 1003 1043 1071 officiali
1072 1003 1291 1084 Botez,
1337 1023 1464 1087 que
1494 1003 1694 1070 vinea
1712 1004 1780 1071 in
1811 1011 1988 1071 terra
2007 1003 2289 1072 Abbatis
2322 1001 2405 1071 de
2424 1005 2681 1073 Dombo

409 1117 547 1186 sita
575 1123 698 1185 est.
751 1113 1114 1201 Cybriones
1168 1131 1321 1181 vero
1354 1114 1436 1180 de
1483 1112 1716 1180 eadem
1752 1112 1950 1180 vinea
1994 1113 2470 1198 provenientes,
2526 1114 2680 1200 quia

415 1246 550 1294 non
581 1224 670 1291 ad
699 1223 1046 1306 Abbatem,
1078 1219 1195 1289 sed
1221 1220 1602 1305 adRegiam
1621 1219 2036 1287 Maiestatem
2056 1221 2492 1307 pertinebant,
2532 1243 2675 1290 con·

420 1334 739 1401 cessimus
759 1383 778 1416 ,
840 1338 912 1398 ut
959 1330 1203 1397 nemini
1251 1329 1508 1398 soluere
1556 1333 1877 1396 teneatur.
1937 1330 2098 1396 Item
2150 1330 2542 1399 contulimus
2594 1332 2679 1398 ei-

408 1442 566 1508 dem
595 1439 892 1507 Ecclesie
923 1437 1093 1504 vltra
1124 1435 1500 1503 Danubium
1542 1435 2047 1522 possessionem,
2095 1455 2223 1520 que
2254 1445 2525 1505 vocatur
2558 1441 2677 1504 Pe-

404 1547 766 1635 turwarad,
819 1551 885 1613 et
913 1546 1162 1630 Regale
1193 1543 1524 1630 palacium
1556 1542 1805 1611 ibidem
1845 1544 2265 1612 constitutum
2296 1564 2443 1611 cum
2475 1547 2677 1613 omni·

410 1658 541 1724 bus
570 1654 992 1742 pertinenciis
1020 1653 1182 1737 suis,
1222 1652 1473 1721 scilicet
1511 1652 1720 1737 silvis,
1757 1652 1965 1737 aquis,
2017 1651 2290 1737 piscinis
2329 1659 2394 1720 et
2423 1652 2676 1736 insulis,

406 1765 612 1833 terris
644 1762 838 1829 cultis
871 1767 939 1828 et
968 1760 1252 1843 incultis,
1302 1779 1449 1827 cum
1478 1760 1689 1827 tribus
1719 1759 1916 1844 villis,
1972 1780 2248 1844 quarum
2280 1758 2407 1827 due
2444 1780 2677 1830 vocan-

406 1881 518 1939 tur
537 1870 722 1957 Zoyl‚
758 1876 825 1936 et
853 1868 1058 1936 tercia
1079 1867 1415 1953 Bywolon,
1450 1867 1636 1955 ipsas
1668 1867 1878 1934 eciam
1896 1886 2046 1934 cum
2082 1867 2276 1936 terris
2306 1868 2403 1935 eis
2433 1888 2676 1955 appen-

408 1978 740 2063 dentibus,
789 1996 917 2061 que
948 1974 1033 2043 de
1085 1974 1616 2063 possessionibus
1663 1974 1925 2044 fuerant
1968 1975 2149 2054 Petri
2199 1975 2282 2042 de
2329 1982 2676 2063 prenotato

409 2088 687 2155 erimine
737 2083 1168 2154 condemnati.
1219 2085 1448 2151 Preter
1475 2083 1703 2150 villam
1754 2083 2299 2173 vdwornicorum,
2350 2085 2461 2169 qui
2502 2086 2678 2151 ultra

408 2196 737 2265 fossatum
769 2199 1264 2279 commorantur,
1306 2197 1373 2259 et
1400 2190 1567 2259 inter
1597 2191 1830 2258 villam
1860 2191 2149 2279 ipsorum
2180 2198 2245 2259 et
2266 2192 2549 2260 Abbatis
2580 2200 2680 2261 est

413 2309 797 2373 constructa
846 2301 1126 2369 ecclesia
1173 2301 1401 2368 Sancti
1450 2300 1648 2369 Petri.
1713 2299 2121 2368 Contulimus
2171 2303 2380 2369 eciam
2435 2311 2677 2373 terram

410 2410 709 2498 Chemey
758 2409 971 2479 eidem
999 2408 1317 2497 Ecclesie,
1368 2429 1567 2493 quam
1623 2409 1893 2496 propria
1941 2409 2220 2496 pecunia
2269 2411 2542 2480 emimus
2590 2413 2677 2480 ab

406 2518 684 2586 Andrea
728 2518 868 2585 filio
898 2518 1289 2603 Mychaelis.
1340 2518 1507 2586 Item
1553 2518 1946 2586 contulimus
1992 2517 2209 2585 eidem
2239 2518 2534 2586 Ecclesie
2565 2520 2679 2587 vil-

408 2632 553 2697 lam
584 2628 775 2711 Bata,
828 2646 954 2712 que
984 2623 1109 2694 fuit
1136 2627 1504 2713 Mychaelis
1543 2627 1660 2694 filii
1695 2626 1985 2713 Opudini
2015 2647 2135 2714 pro
2191 2647 2293 2713 eo,
2342 2626 2519 2713 quod
2549 2649 2678 2697 ser-

408 2739 604 2805 viens
632 2735 918 2804 Abbatis
949 2743 1051 2805 est
1083 2733 1329 2803 ibidem
1359 2735 1755 2818 interfectus,
1805 2743 1873 2804 et
1902 2736 2316 2825 postmodum
2348 2735 2431 2806 de
2461 2737 2679 2805 infide·

410 2846 608 2913 litate
637 2863 863 2912 eorum
891 2841 1106 2927 Regni
1134 2842 1556 2928 Magnatibus
1589 2850 1692 2911 est
1723 2844 2078 2927 conuictus,
2118 2864 2265 2913 cum
2296 2845 2469 2914 omni
2502 2851 2678 2913 terra

411 2955 507 3023 ad
536 2954 753 3041 ipsum
769 2950 1156 3039 pertinente.
1189 2949 1596 3021 contulimus
1628 2952 1840 3021 eciam
1871 2952 2085 3020 eidem
2104 2953 2401 3022 Ecclesie
2419 2954 2670 3039 villam,

413 3082 547 3150 que
577 3066 848 3131 vocatur
877 3060 1124 3144 Sawar,
1157 3079 1202 3126 a
1232 3068 1451 3129 castro
1482 3058 1853 3146 Bachyensi
1892 3068 2285 3146 exemptam,
2322 3079 2468 3127 cum
2499 3067 2674 3128 terra

414 3171 548 3239 sibi
579 3167 996 3257 appendente
1025 3168 1093 3234 in
1126 3166 1331 3251 silvis,
1379 3172 1447 3234 et
1476 3167 1545 3234 in
1575 3167 1813 3254 pratis,
1847 3174 1913 3235 et
1942 3165 2012 3231 in
2040 3164 2231 3232 terris
2264 3165 2455 3233 cultis
2487 3172 2552 3233 et
2581 3166 2673 3233 in·

413 3279 634 3362 cultis,
668 3286 734 3344 et
762 3275 1037 3360 triginta
1059 3275 1511 3344 mansionibus
1532 3283 1888 3360 aratorum,
1922 3273 2153 3360 quibus
2173 3272 2477 3341 Ecclesia
2495 3274 2676 3343 Bele-

410 3386 616 3457 fontis
646 3385 909 3453 modum
927 3384 1257 3453 seruiendi
1288 3384 1618 3452 ordinauit
1647 3385 1716 3452 in
1736 3385 1908 3452 hunc
1940 3384 2242 3450 modum:
2275 3383 2452 3469 quod
2488 3384 2678 3454 liberi

411 3496 551 3565 sint
583 3513 625 3559 a
653 3492 935 3562 servicio
965 3492 1191 3575 aratri,
1248 3492 1369 3560 sed
1399 3493 1688 3577 quelibet
1737 3490 1993 3561 mansio
2033 3497 2285 3560 tenetur
2337 3493 2675 3561 annuatim

412 3605 675 3673 solvere
706 3600 1000 3670 Ecclesie
1057 3620 1256 3668 vnum
1303 3602 1646 3687 fertonem,
1699 3606 1763 3668 et
1811 3599 2252 3686 quadraginta
2300 3619 2541 3668 aeones
2593 3601 2677 3674 de

416 3730 687 3782 annona
713 3731 846 3779 non
876 3707 1164 3797 propria,
1221 3709 1340 3778 sed
1370 3710 1653 3780 Abbatis
1701 3718 1768 3779 et
1798 3710 1887 3778 ad
1937 3708 2402 3778 monasterium
2451 3709 2675 3796 depor-

412 3833 580 3907 tare,
612 3825 679 3888 et
705 3826 1005 3887 tenentur
1034 3817 1352 3903 gallinam
1376 3838 1573 3887 unam
1604 3817 1767 3886 dare
1797 3817 2057 3904 singule
2088 3816 2481 3896 mansiones.
2511 3817 2678 3885 Item

414 3927 810 3999 contulimus
839 3925 1052 3994 eidem
1082 3926 1380 3997 Ecclesie
1429 3932 1565 3994 tres
1598 3925 1797 3993 villas
1842 3925 1911 3992 in
1942 3922 2272 3993 comitatu
2302 3922 2678 4008 Bachyensi

411 4037 823 4122 constitutas,
882 4033 1004 4102 sed
1052 4033 1141 4102 ad
1189 4043 1474 4102 castrum
1512 4033 2010 4120 Budruginense
2060 4030 2461 4118 pertinentes
2480 4083 2499 4117 ,
2552 4052 2679 4119 que

412 4150 688 4235 propter
718 4144 1010 4212 locorum
1041 4141 1438 4211 distanciam
1466 4142 1679 4211 eidem
1712 4140 1904 4228 quasi
1941 4139 2206 4209 inutiles
2224 4138 2675 4225 habebantur;

416 4270 697 4341 quarum
726 4269 863 4317 una
889 4254 1160 4318 vocatur
1191 4247 1484 4335 Oronati,
1525 4249 1664 4317 alia
1694 4250 2030 4338 Coochka,
2062 4246 2268 4329 tercia
2289 4248 2500 4333 Pyros
2531 4268 2678 4316 cum

412 4360 719 4432 omnibus
768 4357 962 4425 terris
994 4376 1242 4441 earum,
1294 4377 1570 4443 quarum
1606 4357 2021 4426 habitatores
2071 4356 2158 4423 ab
2190 4355 2487 4424 Ecclesie
2534 4357 2681 4423 sub-

415 4469 711 4539 ieccione
754 4488 891 4536 non
938 4473 1216 4554 possunt
1261 4466 1585 4552 recedere,
1642 4484 1765 4535 nec
1795 4464 2096 4534 Ecclesia
2138 4465 2320 4532 valet
2363 4482 2478 4534 eos
2508 4465 2681 4534 vltra

415 4586 799 4649 consuetum
849 4575 1141 4645 debitum
1191 4592 1580 4662 aggrauare,
1634 4574 1812 4644 omni
1861 4581 2082 4642 autem
2130 4592 2303 4641 anno
2322 4623 2342 4658 ,
2394 4574 2682 4660 quelibet

416 4688 674 4757 mansio
707 4690 963 4754 tenetur
994 4682 1156 4752 dare
1175 4689 1319 4753 octo
1351 4703 1592 4754 aeones
1622 4683 1775 4770 puri
1803 4680 2128 4766 frumenti,
2168 4686 2235 4749 et
2265 4681 2542 4765 quilibet
2559 4703 2680 4754 aco
