3359 5250
1463 357 1595 457 3383

1462 936 1613 1008 272.

399 1119 446 1184 I
453 1119 524 1185 V.
556 1119 717 1185 Be'la
745 1119 953 1204 kirdly
1006 1142 1082 1184 az
1113 1121 1246 1205 eqo-i
1291 1118 1718 1206 kdptalannak
1765 1120 2152 1207 meqhayyja,
2203 1120 2367 1207 '2099
2418 1119 2653 1185 Meszes

396 1231 708 1315 helysei-cyre
754 1234 936 1295 ne'zve
985 1227 1284 1315 Zemple'n
1330 1229 1653 1316 meyydben
1701 1228 2097 1314 hatdrjdrcist
2143 1240 2395 1294 tart-son.
2457 1228 2651 1293 1255.

616 1426 780 1493 Bela
828 1424 953 1492 Dei
1003 1425 1232 1510 gracia
1278 1426 1420 1492 Rex
1468 1424 1761 1509 Vngarie
1809 1423 2114 1494 fidelibus
2164 1424 2300 1492 suis
2351 1421 2652 1510 Capitulo

398 1532 696 1600 Ecclesie
727 1532 1069 1618 Agriensis
1118 1532 1397 1600 salutem
1450 1540 1515 1600 et
1546 1532 1858 1617 graciam.
1893 1532 2072 1600 Dicit
2120 1531 2306 1600 nobis
2338 1533 2654 1600 Antoleus

400 1642 485 1710 de
517 1662 757 1728 genere
787 1641 1143 1710 Hermanni
1194 1641 1399 1710 frater
1431 1642 1677 1710 Mathie
1711 1642 2033 1730 Prepositi
2064 1642 2147 1710 de
2176 1643 2423 1729 Scepus
2454 1641 2651 1708 dilec-

398 1756 504 1817 tus
535 1757 602 1816 et
619 1750 832 1818 fidelis
853 1757 1092 1836 noster,
1127 1750 1301 1837 quod
1324 1750 1606 1835 quedam
1631 1751 1965 1836 possessio
1997 1771 2121 1818 sua
2138 1751 2395 1817 Mesces
2415 1753 2654 1817 vocata

398 1858 467 1923 in
498 1858 823 1926 Comitatu
876 1859 959 1927 de
989 1860 1263 1944 Zemlyn
1296 1857 1606 1943 existens,
1660 1857 2197 1926 distinccionibus
2244 1856 2653 1925 vicinitatum

401 1973 465 2033 et
496 1966 938 2035 ereccionibus
972 1974 1287 2035 metarum
1320 1987 1634 2036 nouarum
1669 1968 2021 2054 plurimum
2066 1966 2411 2052 indigeret.
2446 1967 2655 2053 Super

403 2095 529 2158 quo
561 2075 864 2143 fidelitati
895 2083 1112 2145 vestre
1144 2077 1416 2145 firmiter
1453 2074 1893 2163 precipientes
1941 2076 2173 2143 damus
2204 2076 2272 2140 in
2302 2073 2652 2159 mandatis,

398 2194 720 2268 quatenus
740 2184 1013 2254 mittatis
1031 2186 1357 2255 hominem
1372 2192 1659 2254 vestrum
1679 2205 1799 2271 pro
1821 2185 2188 2253 testimonio
2208 2184 2337 2252 fide
2357 2182 2648 2269 dignum,

399 2314 527 2378 quo
556 2302 859 2382 presente
889 2294 1122 2363 Comes
1154 2294 1528 2382 Stephanus
1559 2295 1734 2362 filius
1765 2294 1986 2362 Cadar
2018 2295 2100 2361 de
2130 2294 2509 2378 Tholchwa‚
2544 2292 2647 2359 vel

396 2402 810 2471 Andronicus
842 2403 925 2471 de
955 2403 1186 2471 cadem
1216 2405 1409 2472 homo
1440 2412 1664 2472 noster
1697 2403 1785 2469 ad
1816 2404 2052 2471 faciem
2085 2402 2258 2470 dicte
2291 2400 2651 2489 possessio-

400 2506 503 2579 nis
534 2510 907 2579 accedendo
956 2511 1254 2598 legitima
1302 2512 1778 2581 conuocacione
1810 2512 2170 2581 vicinorum
2214 2518 2278 2578 et
2307 2515 2652 2578 commeta-

402 2642 675 2690 neotum
707 2621 846 2691 eius
868 2622 1232 2690 reambulet
1262 2620 1538 2690 eandem
1571 2643 1688 2708 per
1711 2628 1962 2690 veteres
1997 2629 2064 2689 et
2095 2620 2398 2707 antiquas
2419 2625 2649 2703 metas,

398 2730 585 2796 iuxta
616 2737 875 2799 veteres
927 2751 1136 2799 nouas
1188 2739 1415 2815 metas,
1462 2730 1568 2797 vbi
1600 2732 1974 2799 necessarie
2004 2728 2263 2814 fuerint,
2314 2726 2646 2815 erigendO,

397 2844 777 2923 statuatque
807 2838 937 2924 ipsi
969 2838 1204 2906 Comiti
1235 2838 1516 2907 Antaleo
1564 2839 1631 2905 in
1663 2839 1833 2907 filios
1865 2837 2148 2907 filiorum
2200 2839 2341 2905 eius
2381 2844 2447 2905 et
2477 2839 2653 2905 here-

399 2947 519 3014 des
551 2953 867 3035 perpetuo
887 2947 1377 3035 possidendam,
1410 2949 1469 3016 si
1502 2969 1631 3018 non
1650 2948 1849 3016 fuerit
1868 2947 2359 3032 contradictum,
2401 2955 2652 3016 contra·

401 3056 685 3124 dictores
718 3064 955 3144 autem,
989 3056 1179 3143 siqui
1209 3057 1469 3142 fuerint,
1504 3066 1735 3125 contra
1754 3055 2031 3125 eundem
2063 3058 2149 3124 ad
2171 3063 2459 3125 nostram
2498 3055 2653 3122 citet

392 3165 802 3253 presenciam
851 3165 938 3232 ad
986 3167 1331 3234 terminum
1382 3174 1891 3253 competentem;
1956 3173 2022 3233 et
2070 3171 2219 3251 post
2265 3164 2387 3231 hec
2436 3165 2647 3232 tocius

395 3273 554 3341 facti
586 3274 824 3342 seriem
855 3294 1002 3342 cum
1034 3274 1327 3343 cursibus
1359 3282 1674 3343 metarum
1707 3276 1895 3342 nobis
1929 3274 2206 3343 fideliter
2248 3273 2649 3342 rescribatis.

394 3386 636 3451 Datum
689 3383 874 3451 Bude
923 3385 991 3451 in
1025 3385 1276 3452 octauis
1323 3385 1513 3452 Beati
1564 3385 1802 3454 Jacobi
1834 3384 2132 3472 Apostoli
2186 3404 2358 3450 anno
2392 3383 2653 3451 Domini

393 3491 739 3560 millesimo
770 3492 1214 3561 ducentesimo
1246 3493 1792 3579 quinquagesimo
1823 3493 2068 3581 quinto,

486 3689 592 3761 (ΑΖ
618 3694 733 3759 egri
763 3689 1140 3760 kiptalannak
1168 3710 1497 3761 ugyanazon
1522 3696 1676 3746 1255.
1705 3691 1794 3744 evi
1821 3691 2401 3761 bizonysaglcvelebb'l,
2429 3695 2566 3744 mint

1273 3783 1433 3838 alabb
1457 3787 1582 3838 288.
1610 3803 1683 3836 εκ.
1705 3786 1778 3852 a.)
