3359 5250
1364 327 1489 397 113

1347 903 1457 970 72.

263 1079 333 1144 A
359 1082 548 1165 pecsi
577 1082 1021 1168 kdptalcmnak
1051 1081 1571 1168 bizonysdylevele
1608 1105 1651 1148 a
1680 1082 2005 1171 Sebestye'n
2043 1090 2408 1174 nemzctseye
2438 1110 2470 1153 s
2500 1112 2543 1153 a

261 1190 592 1256 czikeieori
621 1192 905 1256 kolostor
935 1195 998 1257 c‘s
1028 1191 1188 1258 ticeli
1200 1191 1564 1279 jobbdyyok
1586 1192 1757 1258 1ιόπί
1776 1195 2299 1282 pereyyesseqrffl.
2341 1198 2538 1265 1240.

492 1383 861 1451 Farkasius
893 1383 1271 1468 Prepositus
1293 1383 2016 1469 Quinqueecclesiensis
2048 1395 2384 1474 totumque
2418 1390 2536 1457 Ca-

263 1493 556 1578 pitulum
589 1491 880 1558 eiusdem
912 1491 1061 1576 loci,
1114 1492 1411 1559 omnibus
1443 1513 1716 1577 presens
1760 1494 2071 1582 scriptum
2123 1497 2535 1565 cernentibus

261 1601 559 1667 salutem
591 1602 659 1666 in
693 1601 991 1668 Domino.
1047 1598 1399 1666 Constituti
1429 1602 1498 1667 in
1531 1602 1737 1670 nostri
1783 1604 2130 1690 presencia
2161 1607 2373 1673 Doma
2404 1609 2535 1673 Mo·

257 1707 523 1774 nachus
555 1707 935 1792 Monasterij
966 1707 1357 1795 Sebastiani,
1391 1709 1709 1777 Nicolaus
1759 1711 1931 1778 filius
1963 1712 2244 1799 Nicolai,
2280 1721 2347 1780 et
2374 1714 2525 1780 Ber-

260 1816 522 1884 nardus
573 1816 745 1883 filius
777 1816 1137 1902 Laurencii,
1193 1817 1303 1900 qui
1334 1836 1454 1903 pro
1483 1835 1554 1883 se
1606 1823 1669 1882 et
1701 1840 1821 1903 pro
1852 1819 2283 1903 generacione
2332 1821 2530 1887 Seba-

262 1925 477 1993 stiani
528 1931 848 1991 venerant
895 1945 977 1990 ex
1009 1944 1140 1990 vna
1170 1932 1395 2011 parte;
1430 1945 1511 1992 ex
1545 1926 1758 1992 altera
1802 1945 1958 1995 uero
1992 1929 2245 2012 Heymo
2296 1929 2531 1996 Custos

261 2035 632 2102 monachus
681 2032 764 2099 de
796 2031 1171 2118 Chykador,
1225 2035 1336 2117 qui
1366 2055 1485 2120 pro
1534 2032 1707 2103 dicto
1740 2037 1883 2102 loco
1923 2045 2205 2122 venerat,
2258 2044 2325 2104 et
2342 2038 2530 2124 joba-

258 2145 502 2227 giones
533 2141 910 2228 Tytulensis
964 2141 1277 2228 Ecclesie,
1311 2143 1545 2228 Micho,
1586 2143 1894 2230 Balasen,
1948 2151 2013 2211 et
2043 2146 2363 2230 Andreae,
2415 2147 2527 2231 qui

257 2273 382 2337 pro
415 2250 597 2316 dicta
627 2249 923 2315 Ecclesia
955 2256 1286 2333 venerant,
1340 2248 1452 2333 qui
1489 2248 1731 2316 dictam
1780 2253 2274 2334 generacionem
2307 2272 2524 2320 coram

256 2360 544 2426 Nicolao
597 2358 767 2424 Aule
813 2357 1020 2442 Regie
1072 2354 1304 2423 Judice
1353 2359 1418 2423 in
1468 2377 1738 2425 causam
1786 2367 2156 2447 traxerant,
2209 2360 2525 2447 pristaldo

256 2469 558 2555 ipsorum
608 2467 927 2534 Siluestro
962 2465 1213 2533 Clerico
1268 2464 1425 2531 Bele
1454 2466 1654 2551 Regis
1689 2466 2029 2553 existente,
2069 2490 2188 2555 pro
2238 2468 2524 2552 quadam

257 2585 462 2662 terra,
516 2575 961 2643 mediantibus
1010 2573 1199 2643 bonis
1247 2575 1408 2641 viris
1440 2573 1527 2641 ad
1558 2573 1796 2643 bonam
1849 2596 2078 2661 pacem
2125 2575 2523 2644 deuenerunt

254 2685 379 2752 tali
413 2684 649 2752 modo:
685 2684 861 2769 quod
888 2683 1057 2752 dicte
1110 2685 1573 2768 generaciones
1625 2684 1952 2752 Dominici
2000 2684 2299 2771 ecclesiis
2350 2682 2522 2772 (igy)

256 2796 495 2861 darent
543 2792 965 2880 septuaginta
1013 2799 1078 2859 et
1130 2812 1247 2859 sex
1297 2793 1526 2877 iugera
1575 2799 1773 2879 terre,
1824 2794 2168 2876 sexaginta
2216 2795 2285 2860 in
2322 2793 2519 2861 fertili

257 2895 440 2971 iuxta
491 2903 716 2969 villam
750 2900 1082 2985 Keztelch,
1135 2899 1358 2967 decem
1408 2906 1474 2967 et
1505 2921 1621 2967 sex
1650 2901 1720 2967 in
1765 2901 2051 2968 siluestri
2101 2910 2296 2986 terra,
2348 2920 2515 2984 quas

255 3010 411 3077 dicti
444 3008 682 3078 Custos
731 3016 798 3075 et
818 3008 1212 3093 jobagiones
1249 3008 1627 3092 Tytulensis
1676 3008 1975 3074 Ecclesie
2026 3008 2309 3075 confessi
2361 3016 2515 3075 sunt

255 3139 328 3186 se
357 3139 581 3185 coram
611 3117 798 3185 nobis
827 3116 1237 3200 integraliter
1268 3115 1549 3202 habere;
1603 3120 1853 3182 ceteras
1884 3135 2038 3181 vero
2070 3121 2304 3199 terras,
2340 3134 2507 3199 quas

258 3228 429 3295 dicte
481 3226 946 3312 generaciones
994 3225 1182 3293 iuxta
1225 3244 1466 3308 aquam
1498 3224 1860 3308 Sceretche,
1910 3223 2021 3290 vbi
2060 3223 2412 3290 Keztelche
2442 3223 2512 3290 in

257 3337 498 3402 dictam
534 3355 775 3419 aquam
806 3334 1007 3420 cadit,
1056 3333 1276 3419 ibique
1309 3334 1609 3401 Ecclesia
1640 3330 1964 3400 dictarum
2005 3330 2510 3418 generacionum

253 3453 357 3512 est
399 3446 693 3529 fundata,
739 3445 887 3529 jure
937 3442 1335 3510 hereditario
1387 3442 1562 3509 dicte
1612 3442 2080 3525 generaciones
2130 3440 2508 3510 Sebastiani

247 3556 456 3622 libere
485 3553 935 3641 possidebunt.
986 3554 1072 3620 Et
1102 3571 1183 3619 ne
1215 3571 1409 3639 super
1439 3553 1565 3618 hoc
1591 3550 1940 3637 dubitetur,
1975 3572 2092 3619 nos
2124 3551 2211 3618 ad
2246 3550 2514 3638 peticio-

249 3684 404 3731 nem
433 3664 769 3748 vtriusque
818 3663 1025 3746 partis
1055 3679 1329 3747 presens
1362 3659 1672 3746 scriptum
1718 3659 2108 3726 contulimus
2142 3657 2347 3741 sigilli
2398 3677 2510 3722 no-

247 3773 376 3840 stri
420 3771 792 3839 munimine.
857 3772 1048 3837 Anno
1099 3767 1363 3835 Domini
1417 3768 1502 3834 M.
1559 3765 1685 3832 CC.
1718 3766 1882 3851 XL„
1938 3784 2160 3831 mense
2213 3762 2512 3832 Octobris

245 3881 553 3949 Yurcone
584 3878 890 3964 Cantore‚
923 3877 1269 3944 Theodore
1301 3873 1609 3961 Custode,
1645 3873 1993 3941 Salomone
2013 3874 2303 3958 Decano,
2345 3880 2513 3939 cete-

244 3991 464 4074 risque
492 4008 692 4074 quam
723 3986 1017 4075 pluribus
1048 3985 1295 4052 ibidem
1341 3982 1792 4051 existentibus.
1827 3983 2068 4050 Datum
2100 4001 2216 4068 per
2272 3999 2505 4047 manus

241 4098 544 4181 Magistri
578 4099 829 4166 Thome
861 4095 1157 4163 Lectoris
1197 4090 1933 4179 Quinqueecclesiensis.

267 4231 300 4245 Q

242 4300 488 4366 (Szepesi
523 4300 711 4352 Jakab
749 4294 1081 4365 Orszagbsto
1123 4296 1279 4347 1374.
1318 4287 1527 4347 atirata
1562 4289 1717 4358 utem,
1762 4289 1908 4345 Rath
1945 4286 2153 4357 Karoly
2177 4289 2354 4345 Hazai
2392 4290 2505 4342 ok·

1014 4383 1266 4455 manytar
1288 4386 1386 4439 iv.
1411 4385 1524 4437 ket.
1553 4385 1639 4437 24.
1667 4383 1727 4450 1.)

333 4789 534 4827 notun.
564 4786 732 4825 nune.
764 4784 906 4823 msr.
936 4791 1005 4803 -
1033 4782 1178 4821 mut..
1211 4773 1262 4811 ¹²
2147 4755 2184 4809 8
