3359 5250
1364 323 1667 423 ΑΖΕ)..-

389 521 642 607 vincas,
674 539 793 608 per
822 522 1034 590 valles
1063 530 1131 590 et
1176 522 1379 591 colles
1428 522 1643 591 eundo
1695 521 2067 611 peruenitur
2119 518 2208 590 ad
2257 526 2469 589 metas
2517 517 2640 589 sub

386 629 623 697 arbore
675 628 1031 716 berekenesa
1079 649 1278 717 super
1305 631 1635 717 quandam
1665 632 1927 699 vineam
1979 629 2045 696 in
2095 636 2354 716 monte3
2403 628 2643 697 abhinc

390 739 603 805 eciam
634 757 756 824 per
784 737 997 805 valles
1028 743 1093 806 et
1123 737 1324 807 eolles
1343 739 1558 824 vergit
1594 738 1844 807 directe
1879 758 1997 824 ρει·
2016 757 2323 823 magnum
2346 734 2642 823 spacium

389 846 482 914 ad
513 845 679 913 duas
708 846 976 914 arbores
1007 848 1173 933 melfa
1204 847 1637 934 dupplicatas,
1686 847 1809 914 sub
1840 845 2073 931 quibus
2105 852 2208 914 cst
2253 851 2427 913 mets
2457 844 2643 912 iuxta

390 974 701 1040 magnam
719 954 893 1022 viam
927 953 996 1021 in
1028 961 1267 1039 monte,
1284 961 1558 1021 cuntem
1578 955 1666 1020 ad
1695 962 1982 1022 castrum
2003 954 2248 1039 Garig;
2282 973 2399 1041 per
2430 951 2641 1039 ipsam

390 1063 617 1148 itaque
646 1062 822 1130 viam
854 1061 1069 1132 eundo
1100 1050 1266 1129 satis
1319 1062 1512 1146 longe
1543 1062 1611 1128 in
1644 1064 1820 1129 berch
1858 1062 2235 1149 peruenitur
2279 1060 2368 1127 ad
2404 1060 2640 1145 locum,

389 1168 504 1236 ubi
537 1170 673 1238 exit
703 1168 788 1237 de
816 1189 897 1238 ea
929 1169 1017 1236 ad
1048 1190 1245 1237 vnam
1269 1169 1588 1255 semitam,
1643 1176 1711 1237 et
1742 1188 1857 1254 per
1888 1189 2056 1254 eam,
2090 1166 2304 1235 eundo
2341 1167 2642 1234 similiter

385 1279 457 1345 in
477 1280 656 1344 berch
686 1277 823 1346 exit
851 1277 941 1344 ad
962 1275 1294 1363 quandam
1312 1285 1572 1361 metam,
1612 1286 1678 1346 et
1711 1278 1796 1346 ab
1815 1297 1896 1346 ea
1927 1277 2106 1345 cadit
2140 1276 2206 1342 in
2230 1283 2430 1362 caput
2448 1273 2644 1342 vallis

392 1387 656 1454 nomine
705 1387 1178 1475 Horoustouch,
1228 1393 1295 1454 et
1345 1389 1616 1456 ulterius
1667 1393 1844 1455 tenet
1896 1395 2137 1453 metam
2186 1405 2334 1453 cum
2381 1385 2537 1471 filijs
2577 1389 2642 1451 et

390 1494 693 1581 cognatis
723 1495 1072 1582 Pestuani3
1125 1495 1209 1563 de
1239 1494 1458 1581 capite
1507 1501 1726 1563 autem
1779 1495 1952 1565 dicte
1993 1494 2190 1563 vallis
2241 1492 2642 1561 descendens

391 1620 626 1687 parum
658 1601 956 1670 ascendit
985 1602 1052 1669 in
1085 1605 1263 1670 berch
1292 1603 1382 1669 ad
1426 1611 1679 1689 partem
1713 1602 2134 1687 orientalem3
2186 1600 2338 1669 inde
2370 1622 2486 1687 per
2515 1601 2641 1669 col-

389 1710 490 1777 les
541 1714 607 1776 et
644 1710 852 1779 valles
899 1709 1113 1778 eundo
1164 1709 1539 1796 peruenitur
1589 1709 1676 1777 ad
1725 1718 1967 1779 metam
2017 1710 2139 1779 sub
2190 1710 2422 1778 arbore
2473 1708 2643 1796 tulfa

392 1816 765 1906 triplicata3
818 1818 1062 1886 deiude
1089 1819 1176 1886 ad
1226 1823 1426 1905 caput
1466 1818 1735 1886 minoris
1764 1819 2113 1906 Desniche‚
2164 1825 2230 1886 et
2261 1838 2377 1906 per
2427 1819 2641 1904 ipsam

391 1924 608 1993 cundo
641 1926 911 1994 inferius
961 1925 1139 1993 cadit
1169 1925 1235 1995 in
1269 1925 1582 1994 maiorem
1613 1926 2035 2011 Desnicham,
2083 1927 2249 1994 etin
2298 1946 2381 1997 ea
2426 1925 2640 1993 cundo

391 2035 530 2103 exit
558 2035 646 2102 ad
677 2042 915 2103 metam
944 2043 1224 2103 terream
1254 2035 1323 2102 in
1353 2035 1657 2123 planicie,
1709 2036 1929 2121 ibique
1959 2035 2202 2104 relictis
2235 2035 2387 2122 filijs
2418 2035 2640 2103 Pestu·

390 2143 504 2210 ani
539 2141 767 2227 incipit
817 2151 1040 2211 tenere
1069 2152 1307 2211 metam
1350 2163 1493 2210 cum
1525 2144 1755 2230 choy
1790 2144 1922 2212 filio
1955 2144 2205 2229 Boriss„
2248 2150 2314 2212 et
2343 2143 2436 2212 ibi
2465 2143 2644 2211 cadit

388 2252 458 2319 in
488 2270 765 2336 paruam
802 2249 1060 2336 vallem,
1096 2268 1224 2334 que
1249 2249 1425 2317 ducit
1455 2250 1526 2319 in
1560 2251 1837 2320 riuulum
1857 2252 2209 2336 Desnicha‚
2247 2258 2315 2319 et
2345 2272 2464 2340 ρει·
2495 2271 2640 2320 eam

387 2355 603 2425 eundo
625 2354 896 2425 inferius
927 2358 1066 2423 exit
1095 2355 1184 2424 ad
1217 2357 1547 2442 quandam
1568 2360 1810 2426 vallem
1830 2359 1917 2426 ad
1937 2366 2191 2445 partem
2234 2359 2638 2443 orientalem,

388 2484 515 2550 que
547 2465 847 2534 similiter
887 2463 1065 2532 ducit
1093 2465 1395 2553 superius
1429 2467 1517 2534 ad
1547 2469 1724 2534 berch
1755 2466 1842 2534 ad
1875 2476 2115 2535 metam
2150 2473 2468 2550 terream3
2518 2467 2635 2533 ibi·

388 2593 515 2661 que
549 2572 728 2641 cadit
756 2572 824 2640 in
876 2592 1184 2659 magnam
1217 2573 1475 2661 vallem,
1533 2574 1696 2643 etin
1730 2576 1878 2662 ipsa
1925 2576 2135 2646 eundo
2186 2574 2459 2644 inferius
2507 2573 2641 2644 exit

386 2683 477 2750 ad
511 2682 841 2767 quandum
873 2682 1118 2750 vallem
1148 2701 1443 2769 paruam,
1477 2691 1542 2751 et
1571 2704 1691 2772 per
1724 2685 1905 2752 illam
1938 2684 2150 2754 cundo
2183 2685 2319 2754 exit
2346 2683 2436 2752 ad
2465 2685 2642 2752 berch

388 2810 623 2859 uersus
673 2788 1013 2858 meridiem
1063 2790 1150 2858 ad
1182 2798 1423 2859 metam
1471 2793 1592 2861 sub
1625 2794 1861 2861 arbore
1908 2795 2120 2881 nyrfa,
2167 2793 2354 2861 iuxta
2401 2800 2641 2860 terram

389 2897 645 2986 Goyani
678 2898 1015 2967 descendit
1046 2900 1112 2966 iu
1145 2900 1383 2968 vallem
1414 2937 1503 2950 —-
1534 2938 1621 2949 —
1642 2951 1660 2987 ,
1695 2908 1761 2968 et
1790 2903 1857 2969 in
1891 2922 1971 2970 ea
2002 2901 2212 2971 cundo
2244 2922 2474 2990 parum
2506 2901 2643 2968 exit

385 3008 457 3077 in
487 3027 620 3076 vna
651 3007 909 3075 modica
941 3010 1116 3076 ualle
1148 3008 1235 3075 ad
1268 3012 1465 3094 berch,
1498 3017 1564 3078 et
1595 3009 1751 3078 inde
1782 3010 2026 3079 directe
2059 3009 2242 3078 vadit
2268 3010 2355 3077 ad
2401 3014 2639 3076 metam

387 3116 509 3184 sub
541 3117 778 3184 arbore
808 3117 1156 3203 berekenesa
1172 3144 1199 3195 ;
1235 3116 1476 3185 deinde
1495 3118 1678 3185 iuxta
1698 3125 1938 3187 terram
1957 3118 2097 3186 Vde
2117 3117 2295 3185 cadit
2312 3117 2380 3185 in
2399 3116 2639 3183 vallem

387 3224 650 3292 nomine
678 3223 1059 3310 Predelech‚
1111 3226 1274 3292 etin
1306 3244 1390 3292 ea
1420 3227 1633 3296 eundo
1673 3227 1810 3294 exit
1858 3247 1976 3313 per
2024 3224 2351 3309 quandam
2401 3223 2639 3289 vallem

385 3353 668 3420 paruam
689 3330 778 3399 ad
808 3337 1050 3398 metam
1080 3337 1365 3401 terream
1383 3333 1569 3402 iuxta
1593 3332 1792 3419 uiam,
1830 3334 2055 3417 ibique
2083 3333 2396 3421 peruiam
2427 3331 2639 3400 eundo

388 3441 457 3507 in
490 3443 668 3508 berch
697 3440 1075 3527 peruenitur
1092 3442 1179 3509 ad
1210 3442 1445 3527 locum,
1486 3443 1599 3510 ubi
1628 3442 1981 3511 reflectitur
2007 3462 2237 3512 uersus
2258 3441 2640 3510 orientalem

386 3554 644 3636 partem
678 3548 766 3615 ad
784 3547 949 3616 duas
981 3554 1211 3633 metas,
1243 3570 1516 3636 quarum
1538 3571 1671 3618 vna
1692 3558 1807 3640 ,est
1823 3551 2084 3620 Martini
2103 3548 2394 3636 Comitis,
2431 3550 2641 3618 altera

389 3655 554 3743 Vde,
608 3656 829 3741 ibique
877 3658 1102 3727 relicto
1136 3658 1279 3726 Vde
1308 3666 1485 3727 tenet
1533 3666 1777 3728 metam
1824 3681 1972 3729 cum
2002 3663 2359 3744 Mortunus,
2409 3664 2476 3725 ct
2521 3677 2641 3744 per

387 3765 740 3853 planiciem
772 3764 1018 3834 directe
1069 3767 1282 3835 eundo
1316 3768 1494 3835 cadit
1524 3768 1591 3836 in
1621 3769 2021 3837 Desnicham
2051 3768 2118 3837 in
2170 3774 2345 3837 meta
2374 3768 2500 3835 sub
2545 3786 2635 3833 ar-

384 3875 545 3943 bore
582 3871 665 3939 de
697 3873 879 3960 pir03
915 3879 980 3939 et
1006 3874 1405 3943 transeundo
1427 3876 1704 3945 riuulum
1734 3879 1920 3945 uadit
1948 3879 2117 3945 inter
2138 3877 2305 3946 duas
2335 3875 2640 3961 antiquas

385 3981 723 4050 sessiones
755 3981 1001 4050 directe
1032 3982 1122 4049 ad
1152 3990 1435 4051 montem
1467 3984 1552 4050 ad
1587 3982 1751 4051 duas
1786 3991 2018 4072 metae,
2070 4004 2341 4068 quarum
2375 4004 2507 4050 vna
2537 3991 2642 4052 est

384 4088 650 4156 Martini
685 4087 978 4173 Comitis,
1034 4087 1248 4156 altera
1280 4090 1572 4175 Mortun3
1627 4091 1862 4159 deinde
1913 4089 2252 4159 descendit
2298 4090 2366 4156 in
2397 4089 2640 4157 siccam

383 4197 647 4284 vallem,
701 4202 767 4263 et
796 4196 889 4262 ibi
920 4195 1197 4264 tenendo
1250 4203 1489 4264 metam
1521 4217 1668 4265 cum
1694 4197 1996 4266 Othmich
2028 4198 2324 4286 procedit
2370 4197 2639 4267 inferius

383 4325 592 4389 usque
622 4305 710 4372 ad
740 4304 975 4390 locum,
1009 4304 1119 4373 vbi
1151 4305 1286 4372 exit
1315 4307 1380 4373 in
1416 4327 1545 4374 vna
1575 4307 1752 4375 valle
1784 4307 1870 4374 ad
1901 4308 2068 4376 duas
2102 4315 2333 4393 metas,
2366 4327 2639 4393 quarum

383 4436 518 4482 vna
548 4422 652 4482 est
682 4416 888 4503 ipsius
923 4416 1205 4498 Martini,
1256 4418 1468 4485 altera
1498 4416 1799 4485 Othmich
1839 4417 2024 4485 iuxta
2055 4416 2266 4501 viam3
2315 4436 2433 4504 per
2462 4416 2639 4483 viam

384 4533 608 4592 autem
640 4523 853 4593 eundo
905 4526 1278 4609 peruenitur
1307 4527 1540 4594 iterum
1591 4525 1676 4592 ad
1712 4524 1879 4593 duas
1910 4531 2140 4610 metas,
2191 4545 2464 4609 quarum
2506 4545 2640 4592 vna

385 4642 488 4703 est
520 4631 782 4701 Gordus
814 4633 1032 4703 fratris
1066 4635 1189 4721 sui,
1243 4636 1454 4704 altera
1504 4632 1783 4722 predicti
1822 4634 2118 4720 Otmich;
2172 4635 2325 4702 inde
2356 4633 2534 4702 cadit
2572 4632 2639 4699 in
