3359 5250
1428 321 1556 389 531

363 536 554 600 quem
590 519 751 605 regi,
799 525 865 588 et
895 526 1115 588 tenere
1148 519 1365 588 facere
1397 520 1710 588 debemus
1740 518 2091 585 secundum
2126 518 2333 587 bonas
2366 528 2430 586 et
2461 518 2620 586 anti·

361 644 529 708 quas
561 625 1062 695 consuetudines
1094 626 1163 694 in
1197 628 1343 715 ipso
1377 627 1709 696 Comitatu
1742 627 2063 695 obtentas.
2120 627 2330 694 Nobis
2360 645 2620 713 quoque

365 733 558 817 Duci,
598 735 968 822 nostrisque
1007 736 1491 804 successoribus
1530 742 1596 802 et
1627 733 1967 803 Communi
2005 734 2445 819 Venetiarum,
2485 742 2622 808 tam

361 840 493 925 ipsi
527 840 831 926 Comites,
884 843 994 929 qui
1026 863 1195 913 nunc
1226 852 1395 930 sunt,
1450 864 1644 930 quam
1686 864 1906 913 eorum
1941 843 2277 929 haeredes,
2328 842 2441 929 qui
2478 863 2621 928 pro-

359 955 655 1034 tempore
704 949 980 1035 fuerint,
1044 951 1216 1018 infra
1264 972 1460 1019 unum
1511 972 1751 1019 annum
1801 958 2150 1039 postquam
2210 950 2622 1039 pervenerint

364 1055 454 1123 ad
491 1064 798 1146 aetatem,
847 1060 1000 1128 fidei
1032 1069 1220 1129 erunt
1252 1068 1661 1131 sacramento
1707 1061 1957 1129 astricti
1990 1063 2058 1128 iu
2087 1066 2488 1149 perpetuum.
2540 1059 2623 1126 Et

363 1163 605 1249 omnia,
637 1184 808 1250 quae
840 1168 1249 1236 continentur
1280 1171 1585 1257 superius
1618 1189 1764 1236 cum
1798 1188 2023 1235 eorum
2061 1166 2457 1236 haeredibus
2487 1166 2620 1254 ipsi

365 1269 652 1341 Comites
673 1274 861 1367 nobis
883 1274 1255 1363 supradicto
1281 1278 1464 1364 Duci,
1487 1286 1553 1347 et
1571 1271 2061 1345 successoribus
2080 1276 2343 1363 nostris,
2369 1274 2619 1344 etCom·

365 1382 553 1459 muni,
574 1382 993 1451 venetiarum
1035 1392 1444 1453 sacramento
1480 1385 1738 1453 astricti
1768 1405 1840 1452 se
1888 1385 2348 1453 observaturos
2388 1383 2621 1471 promi-

363 1496 610 1573 serunt,
660 1490 789 1556 nisi
820 1490 1206 1558 remanserit
1234 1510 1354 1576 per
1383 1510 1525 1576 nos,
1578 1498 1693 1557 aut
1726 1509 2137 1558 successores
2178 1497 2459 1577 nostros,
2515 1490 2621 1556 vel

363 1595 677 1681 maJorem
709 1603 962 1682 partem
997 1596 1200 1666 nostri
1234 1596 1542 1685 Consilii3
1578 1598 1672 1665 ita
1705 1604 1947 1683 tamen,
1981 1597 2155 1680 quod
2188 1617 2315 1664 non
2346 1598 2620 1684 possint,

360 1719 484 1767 nec
514 1701 797 1770 debeant
848 1722 994 1772 esse
1027 1724 1110 1773 ex
1142 1703 1338 1771 dictis
1370 1703 1759 1791 comitibus,
1795 1705 1920 1772 nisi
1963 1705 2090 1772 duo
2123 1705 2452 1792 Rectores,
2486 1705 2620 1790 qui·

364 1808 486 1876 bus
537 1809 620 1877 de
669 1810 1179 1880 honorificentiis
1218 1812 1579 1880 Comitatus
1632 1812 1915 1881 debeant
1964 1813 2381 1900 respondere.
2429 1814 2514 1880 Et
2562 1813 2619 1879 si

363 1916 605 2002 aliquis
654 1938 738 1985 ex
789 1917 981 1987 dictis
1013 1920 1373 1989 Comitibus
1425 1928 1662 1990 terram
1715 1920 1967 2006 exierit,
2020 1922 2127 1990 vel
2177 1941 2333 1989 casu
2381 1922 2620 1989 absens

364 2024 577 2113 fuerit,
610 2047 776 2095 unus
809 2028 979 2095 alius
1012 2026 1254 2097 debeat
1284 2049 1429 2099 esse
1449 2031 1688 2097 Rector
1718 2029 1802 2098 de
1834 2029 2173 2098 Colonello
2204 2028 2341 2113 illo,
2377 2027 2459 2095 de
2490 2049 2618 2114 quo

369 2133 584 2222 fuerit,
616 2135 729 2219 qni
759 2135 998 2205 absens
1030 2137 1191 2224 erit;
1245 2143 1308 2205 et
1340 2136 1399 2204 si
1430 2154 1655 2206 omnes
1690 2136 1846 2203 dicti
1881 2134 2167 2204 Comites
2211 2143 2401 2204 erunt
2432 2143 2621 2204 extra

366 2250 628 2329 terram,
677 2242 1076 2312 constituant
1107 2263 1303 2311 unum
1333 2244 1439 2313 vel
1469 2244 1635 2331 dnos
1665 2246 1996 2327 Rectores‚
2050 2244 2216 2311 sicut
2266 2244 2362 2312 eis
2394 2242 2620 2311 utilius

367 2349 733 2438 apparebit.
785 2353 871 2419 Et
903 2351 962 2419 si
994 2352 1233 2436 omnia,
1287 2353 1458 2419 sicut
1494 2353 1789 2441 superius
1840 2351 2220 2438 continetur,
2273 2353 2622 2422 observata

362 2477 491 2525 non
520 2456 777 2545 fuerint,
808 2480 966 2545 pars
987 2459 1349 2530 Comitatus
1382 2461 1579 2547 illius,
1615 2459 1729 2546 qui
1750 2459 2223 2548 contrafecerit,
2260 2462 2618 2547 amittatur,

365 2586 509 2634 cum
542 2568 841 2637 omnibus
872 2590 1075 2656 supra
1105 2571 1471 2656 concessis;
1514 2577 1579 2639 et
1609 2570 1676 2636 in
1708 2570 1874 2638 alios
1906 2567 2282 2657 deveniant,
2317 2567 2401 2638 de
2434 2569 2621 2655 cujus

365 2674 702 2744 Colonello
735 2676 927 2746 fuerit
959 2678 1397 2764 obseruatum,
1439 2698 1606 2764 quae
1639 2677 1941 2763 superius
1974 2677 2153 2746 dicta
2185 2684 2375 2763 sunt;
2411 2673 2619 2745 donec

362 2782 479 2850 ille
528 2785 641 2869 qui
691 2785 1163 2870 contrafecerit,
1214 2785 1305 2856 ad
1350 2793 1638 2855 nostram
1688 2792 1757 2854 et
1791 2786 2166 2854 Communis
2198 2785 2620 2855 venetiarum

365 2892 648 2976 gratiam
697 2891 892 2961 fuerit
939 2895 1290 2964 restitutus.
1340 2894 1412 2961 Si
1465 2916 1617 2962 vero
1660 2914 1886 2963 omnes
1940 2892 2260 2981 praedicti
2309 2892 2619 2977 Comites,

363 3001 470 3068 vel
501 3021 723 3070 eorum
757 3004 1075 3073 haeredes
1122 3011 1350 3071 contra
1381 3003 1721 3091 praedicta
1758 3002 2047 3089 fecerint,
2089 3001 2467 3089 praedictus
2500 3000 2617 3069 Co·

365 3110 630 3179 mitatus
680 3111 751 3178 in
778 3132 899 3182 nos
930 3123 995 3180 et
1026 3112 1380 3182 Commune
1410 3110 1832 3178 Venetiarum
1882 3129 2028 3177 cum
2072 3108 2369 3176 omnibus
2422 3127 2621 3196 supra

363 3219 691 3287 concessis
723 3217 1033 3288 devenire
1062 3218 1323 3305 debeat,
1374 3239 1520 3287 cnm
1552 3219 1729 3290 omni
1763 3217 2172 3307 plenitudine
2224 3217 2500 3286 rationis
2532 3216 2618 3286 ad

362 3326 737 3396 faciendum
771 3327 1029 3416 exinde,
1078 3327 1392 3415 quidquid
1423 3336 1690 3397 nostrae
1719 3329 2056 3414 nostrique
2095 3326 2366 3396 Consilii
2400 3326 2619 3394 volun·

361 3434 519 3502 tatis
555 3434 790 3523 fuerit3
839 3442 907 3504 et
936 3435 1292 3504 secundum
1324 3431 1532 3504 bonas
1564 3441 1629 3503 et
1662 3437 1971 3523 antiquas
2018 3434 2521 3504 consuetudines
2551 3434 2619 3501 in

362 3544 508 3630 ipso
542 3545 867 3613 Comitatu
919 3545 1221 3613 obtentas
1253 3545 1468 3630 ipsum
1502 3545 1641 3631 regi
1674 3551 1740 3612 et
1769 3553 1992 3613 tenere
2027 3546 2247 3612 facere
2278 3540 2615 3612 debemus.

361 3651 448 3718 Et
480 3650 831 3739 sciendum,
873 3651 1051 3737 quod
1077 3650 1404 3740 praedicti
1435 3650 1719 3721 Comites
1751 3660 1904 3721 sunt
1933 3660 1999 3720 et
2029 3669 2177 3721 esse
2216 3650 2502 3722 debeant
2537 3651 2621 3720 de

363 3766 587 3828 nostro
618 3759 854 3828 Maiori
886 3759 1171 3830 Consilio
1221 3767 1633 3829 sacramento
1685 3761 1957 3846 astricti,
2007 3760 2267 3847 quando
2310 3783 2429 3849 per
2458 3770 2590 3829 tem

362 3887 530 3956 pora
560 3867 854 3936 Venetiis
905 3876 1109 3936 erunt.
1159 3870 1242 3938 Et
1272 3866 1360 3934 ad
1390 3870 1704 3955 majorem
1752 3868 1948 3954 hujus
1999 3870 2091 3936 rei
2126 3869 2497 3936 firmitatem
2552 3877 2619 3939 et

367 3974 758 4046 evidentiam
789 3961 1170 4064 pleniorem,
1222 3995 1537 4065 praesens
1569 3975 1989 4064 privilegium
2021 3977 2162 4045 fieri
2187 3978 2520 4065 jussimus,
2555 3985 2622 4045 et

362 4106 481 4172 per
512 4105 775 4153 manum
809 4084 1083 4156 Corradi
1115 4085 1351 4154 Curiae
1379 4095 1645 4153 nostrae
1676 4083 2069 4154 Cancellarii
2109 4086 2438 4172 roborari3
2479 4106 2619 4153 cur·

364 4198 548 4260 rente
582 4214 754 4261 anno
785 4194 1054 4262 Domini
1087 4194 1176 4260 Μο
1196 4191 1329 4260 000
1349 4192 1512 4261 LX⁰.
2626 4183 2629 4186 ’

578 4300 721 4387 Ego
770 4302 1136 4388 Raynerius
1185 4302 1369 4371 Geno
1402 4302 1526 4369 Dei
1563 4301 1782 4387 gratia
1830 4302 1982 4369 Dux
2017 4301 2436 4374 Venetiam
2486 4290 2617 4368 etcss

581 4409 722 4495 Ego
752 4409 1043 4478 Joannes
1076 4409 1385 4490 Quirinus
1423 4410 1662 4479 Judex.

581 4517 725 4604 Ego
756 4519 1045 4587 Joannes
1078 4516 1486 4586 Gradenicus
1527 4519 1569 4587 J
1573 4518 1762 4585 udex.

579 4627 721 4724 Ego
755 4629 1058 4700 Gibertus
1092 4628 1433 4699 Dandulus
1464 4624 1706 4695 Judex.
2181 4723 2184 4727 Δ
2248 4707 2273 4734 ⁸

2177 4743 2301 4798 34*
