3359 5250
1310 370 1444 438 269

244 556 353 613 tas
385 567 508 634 per
538 549 877 637 proprium
929 549 1228 616 nuntium
1261 547 1650 634 quantocius
1700 547 1969 617 studeas
2000 548 2350 617 destinare.
2399 549 2531 615 Da·

243 663 387 722 tum
419 654 731 741 Lugduni
754 656 899 723 VII.
933 653 1083 724 idus
1110 655 1353 740 Martii,
1387 655 1817 723 Pontificatus
1847 654 2052 724 nostri
2089 675 2263 724 anno
2283 654 2528 740 quinto.

724 852 981 917 (Fax-lati,
1007 852 1292 919 Illyricum
1319 852 1553 905 Sacrum
1579 852 1658 904 1v
1660 888 1673 903 .
1702 851 1818 905 kot.
1844 852 1966 905 272.
1992 850 2054 919 l.)

1119 1122 1638 1131 -——-————-—-—-

1316 1596 1474 1664 188.

239 1781 370 1847 IV.
407 1780 590 1847 Incze
613 1782 794 1866 pdpa
824 1778 1093 1865 Rayuza
1124 1784 1336 1844 vdrost
1369 1779 1502 1861 inti,
1531 1779 1699 1865 hoyy
1729 1802 1806 1844 az
1828 1779 2287 1846 antivmiakkal
2316 1779 2520 1845 be'ke're

1145 1887 1360 1972 le'w'en.
1412 1884 1607 1949 1248.

469 2081 889 2149 Innocentius
922 2080 1288 2167 Episcopus
1317 2098 1543 2147 seruus
1575 2099 1910 2147 seruorum
1930 2082 2055 2148 Dei
2076 2080 2335 2150 dilectis
2367 2081 2518 2149 filiis

244 2188 494 2256 Comiti
533 2196 603 2255 et
650 2188 801 2255 aliis
848 2187 1179 2256 nobilibus
1229 2195 1298 2254 et
1344 2188 1588 2276 populo
1636 2189 2066 2279 Aragusiensi
2113 2191 2391 2257 salutem
2453 2196 2524 2257 et

243 2297 704 2385 Apostolicam
750 2295 1293 2364 benedictionem.
1343 2298 1749 2364 Procurante
1778 2297 1929 2383 paci
1979 2298 2300 2365 contrario
2349 2298 2519 2366 inter

241 2427 375 2473 vos
408 2425 491 2471 ex
522 2412 709 2492 parte
740 2424 891 2489 una,
947 2410 1014 2470 et
1044 2404 1221 2473 cives
1252 2404 1723 2471 Antivarenses
1755 2425 1838 2472 ex
1869 2405 2101 2488 altera,
2135 2406 2358 2490 gravis
2390 2405 2520 2474 dis-

246 2512 505 2593 cordia,
538 2518 610 2578 ut
627 2508 1018 2599 accepimus,
1052 2519 1154 2579 est
1185 2519 1437 2580 exorta.
1471 2509 1632 2578 Cum
1664 2511 1864 2596 igitur
1895 2517 2032 2578 tam
2056 2512 2138 2578 iis
2159 2512 2269 2596 qui
2300 2513 2518 2601 longe,

246 2642 454 2708 quam
481 2619 565 2688 iis
599 2622 711 2705 qui
749 2641 953 2707 prope
986 2627 1158 2707 sunt,
1210 2640 1441 2706 pacem
1492 2618 1863 2689 omnimode
1911 2620 2310 2706 affectemus,
2361 2622 2517 2690 Uni·

246 2730 639 2798 uersitatem
687 2735 974 2796 vestram
1024 2728 1388 2815 rogandam
1419 2728 1486 2794 in
1518 2729 1802 2797 Domino
1856 2729 2158 2797 duximus
2206 2731 2520 2799 attentius

250 2850 320 2906 et
355 2835 766 2921 monendam,
799 2855 918 2922 per
945 2837 1330 2922 Apostolica
1377 2837 1566 2904 vobis
1615 2836 1863 2923 scripta
1893 2836 2305 2923 mandantes,
2357 2858 2513 2922 qua-

251 2957 447 3014 tenus
477 2966 598 3032 pro
630 2950 856 3013 nostra
904 2949 970 3011 et
998 2943 1420 3031 Apostolicae
1454 2942 1643 3011 Sedis
1675 2944 2042 3010 reverentia
2080 2965 2122 3010 a
2150 2945 2514 3029 praedicto-

251 3076 402 3122 rum
434 3054 674 3121 civium
703 3050 1009 3120 molestia
1041 3058 1107 3119 et
1144 3051 1386 3120 iniuria
1417 3049 1834 3136 desistentes,
1884 3071 2114 3136 paoem
2147 3070 2293 3118 cum
2325 3051 2427 3120 eis
2453 3058 2519 3119 et

249 3180 477 3228 veram
510 3158 926 3228 concordiam
956 3158 1276 3243 habeatis,
1324 3165 1395 3225 ut
1426 3178 1625 3225 unum
1655 3157 1826 3225 inter
1852 3177 1972 3226 vos
2006 3157 2086 3223 de
2118 3165 2334 3226 cetero
2367 3159 2517 3226 cha-

251 3268 470 3335 ritatis
502 3267 590 3334 sit
617 3266 965 3353 vinculum,
998 3288 1161 3352 quos
1212 3267 1500 3334 seiunxit
1545 3266 1860 3333 hactenus
1910 3263 2278 3333 discordiae
2327 3266 2516 3332 semi·

250 3384 466 3444 nator.
501 3379 745 3444 Datum
775 3375 1083 3462 Lugduni
1123 3378 1202 3444 V.
1241 3375 1565 3443 kalendas
1615 3375 2040 3462 Septembris,
2093 3373 2519 3441 Pontificatus

247 3485 457 3554 nostri
488 3505 661 3552 anno
692 3491 900 3551 sexto.

727 3682 976 3747 (Fu-lati,
1013 3682 1292 3750 Illyricum
1318 3680 1543 3733 Sacrum
1570 3680 1663 3733 VI.
1691 3682 1805 3733 kot.
1837 3682 1961 3733 101.
1989 3677 2049 3746 l.)
