3359 5250
1475 266 1608 331 229

411 463 544 545 lov,
597 461 920 545 Zourado,
973 461 1235 529 Matheo
1265 468 1332 527 et
1361 461 1677 531 Miroslou
1728 461 2190 548 iobagionibus
2223 463 2434 530 Castri
2483 466 2669 532 'Prin-

415 569 790 655 chiniensis,
844 567 1181 653 quandam
1212 569 1423 657 ipsius
1453 578 1626 639 terre
1664 571 2051 656 particulam
2084 572 2175 639 ad
2205 591 2341 657 eos,
2395 578 2467 638 ut
2496 571 2663 640 dice-

411 676 591 762 bant,
620 676 762 744 iure
793 675 1183 744 hereditario
1213 675 1646 763 pertinentem
1678 677 1814 746 suis
1845 677 2220 747 nitebantur
2257 678 2483 747 usibus
2513 699 2663 748 uen-

410 784 655 852 dicare.
688 784 828 852 Nos
858 782 1060 869 igitur
1088 783 1334 852 auditis
1367 784 1518 852 hinc
1548 792 1615 852 et
1644 783 1802 853 inde
1832 785 2129 873 parcium
2174 787 2546 874 propositis,
2579 786 2668 853 ad

412 890 820 960 fundandam
852 898 919 960 et
955 890 1376 959 astruendam
1406 891 1841 961 intencionem
1890 893 2178 980 ipsorum
2206 898 2410 961 testes
2439 894 2668 963 indixi·

412 1020 556 1067 mus
586 998 1091 1088 producendos,·
1140 1000 1374 1084 quibus
1404 999 1683 1069 termino
1714 1000 2043 1088 productis
2073 1002 2436 1087 assignato,
2479 1009 2548 1071 et
2573 1023 2665 1072 re—

409 1110 619 1195 ceptis
650 1108 942 1196 ipsorum
972 1107 1533 1194 attestacionibus,
1582 1108 1743 1192 quia
1771 1108 1961 1177 nobis
1994 1114 2059 1176 et
2090 1129 2310 1177 eorum
2341 1109 2534 1179 dictis
2582 1110 2667 1178 de

411 1216 660 1286 meritis
712 1236 911 1284 cause
941 1214 1190 1302 liquido
1238 1236 1369 1286 non
1417 1216 1710 1304 patebat,
1764 1216 1852 1285 ad
1887 1237 2163 1286 examen
2193 1216 2397 1286 duelli
2442 1226 2666 1306 partes

408 1323 817 1392 decreuimus
857 1321 1284 1410 iudicandas3
1334 1324 1432 1391 ita
1479 1331 1551 1392 ut
1598 1344 1718 1412 per
1766 1325 2323 1394 concertacionem
2372 1324 2666 1412 pugilum

410 1432 495 1499 ab
525 1437 801 1518 utraque
830 1439 1022 1520 parte
1051 1432 1528 1520 productorum,
1561 1453 1690 1519 que
1721 1434 2014 1522 ipsarum
2047 1435 2116 1501 in
2157 1433 2462 1503 habenda
2492 1441 2667 1503 terra

408 1539 545 1625 illa,
578 1558 776 1628 super
811 1560 946 1625 qua
975 1539 1422 1610 controuersia
1465 1540 1702 1628 fuerat,
1751 1539 1982 1628 pocior
2027 1541 2366 1627 habeatur,
2405 1540 2664 1610 euiden-

408 1646 547 1716 cius
580 1646 984 1715 decernatur.
1014 1645 1334 1716 Adductis
1365 1648 1569 1733 igitur
1599 1648 1707 1715 die
1737 1647 1825 1714 ad
1855 1648 1978 1716 hoc
2026 1653 2268 1717 statuto
2315 1648 2664 1736 pugilibus,

413 1754 480 1822 in
508 1753 656 1841 ipso
692 1773 1048 1841 congressu
1098 1754 1283 1843 pugil
1332 1754 1695 1843 supradicti
1725 1753 1987 1823 Becend
2018 1752 2290 1823 Comitis
2339 1753 2409 1820 in
2463 1755 2665 1823 duelli

415 1862 717 1931 examine
746 1861 1095 1931 uictoriam
1145 1862 1443 1949 obtinuit,
1494 1863 1724 1950 pugile
1773 1862 1983 1951 partis
2034 1862 2305 1931 adverse
2335 1863 2664 1932 miserabi-

406 1969 559 2037 liter
591 1970 1068 2039 succumbente.
1122 1969 1307 2038 Vnde
1344 1990 1465 2039 nos
1515 1968 1905 2057 prephatam
1954 1975 2196 2037 terram
2244 1970 2504 2038 Becend
2543 1972 2660 2040 Co-

411 2076 553 2144 miti
586 2075 1116 2145 adiudicauimus
1149 2074 1506 2165 sepedicto,
1557 2075 1970 2162 presentibus
2001 2076 2241 2144 nostris
2272 2076 2662 2163 Baronibus,

409 2184 519 2271 qui
546 2189 685 2252 tum
719 2185 1027 2270 aderant3
1059 2184 1249 2252 alteri
1279 2183 1454 2269 parti
1484 2182 1823 2252 silencium
1854 2183 2285 2270 imponentes,
2335 2190 2403 2252 et
2437 2204 2658 2253 secun-

408 2289 561 2358 dum
590 2291 802 2377 Regni
833 2291 1035 2360 nostri
1074 2289 1606 2360 consuetudinem
1638 2310 1810 2377 pena
1853 2289 2039 2379 dupli
2086 2289 2659 2380 condempnantes.

410 2399 494 2464 Et
521 2415 606 2466 ne
634 2396 842 2482 uariis
893 2404 1141 2466 etatum
1191 2397 1589 2486 temporibus
1641 2396 1739 2464 rei
1769 2405 1956 2484 geste
2003 2399 2209 2467 series
2260 2399 2329 2467 in
2379 2398 2662 2468 recidiue

411 2503 769 2591 questionis
805 2505 1181 2592 scrupulum
1227 2506 1614 2593 elaberetur,
1663 2507 1957 2573 nostrum
1989 2504 2201 2574 eidem
2246 2505 2660 2593 priuilegium

410 2612 844 2682 concessimus
876 2611 945 2681 in
974 2611 1353 2682 memoriam
1385 2617 1809 2701 posterorum.
1841 2612 2087 2701 Elapso
2118 2612 2384 2682 tandem
2413 2619 2656 2702 tempo-

406 2721 494 2789 ris
527 2719 845 2790 curriculo
902 2720 1077 2788 idem
1107 2720 1368 2790 Becend
1408 2722 1507 2808 „ad
1535 2730 1833 2791 nostram
1880 2720 2203 2789 accedens
2252 2721 2661 2808 presenciam

405 2827 595 2896 nobis
626 2827 955 2897 humiliter
984 2828 1398 2916 supplicauit,
1448 2837 1520 2897 ut
1557 2850 1702 2896 cum
1734 2829 2153 2916 priuilegium
2190 2828 2354 2897 illud
2386 2849 2544 2898 casu
2574 2830 2664 2898 sit

407 2935 740 3020 amissum,
790 2955 875 3003 ne
904 2936 1170 3021 aliquod
1201 2937 1329 3005 sibi
1377 2935 1807 3024 preiudicium
1858 2941 2083 3025 posset
2114 2937 2516 3024 inposterum
2550 2957 2658 3025 ge-

402 3042 636 3130 nerari,
690 3049 981 3111 nostrum
1028 3042 1448 3131 priuilegium
1498 3043 1627 3111 sibi
1657 3041 2018 3113 concedere
2071 3042 2492 3130 dignaremur
2545 3045 2658 3112 ite·

402 3157 585 3235 rato;
636 3156 703 3217 et
731 3149 888 3217 licet
936 3157 1204 3237 propter
1255 3150 1414 3220 facti
1444 3150 1868 3222 retinenciam
1917 3170 2292 3240 processum
2335 3171 2532 3220 cause
2582 3173 2663 3222 ac

403 3257 637 3326 seriem
688 3257 1059 3327 memoriter
1107 3257 1519 3344 haberemus,
1568 3258 1729 3345 quia
1765 3267 1986 3328 tamen
2019 3259 2192 3327 idem
2246 3261 2659 3347 priuilegium

404 3364 695 3453 Capituli
724 3364 1076 3434 Nitriensis
1107 3365 1196 3432 ad
1224 3365 1656 3436 remouendos
1703 3366 1916 3436 tocius
1947 3366 2393 3454 ambiguitatis
2423 3367 2654 3454 nodos,

402 3473 458 3541 si
494 3472 704 3558 aliqui
734 3472 1158 3559 exstitissent,
1191 3478 1410 3542 nostro
1441 3475 1817 3562 conspectui
1847 3475 2270 3563 presentauit,
2312 3475 2485 3562 quod
2519 3476 2650 3562 qui

406 3579 555 3648 dem
585 3599 785 3669 super
834 3599 1143 3669 processu
1193 3582 1405 3650 tocius
1454 3581 1713 3668 negocij
1766 3580 2036 3650 euidens
2088 3581 2270 3649 dabit
2316 3601 2659 3667 argumen-

397 3696 553 3776 tum,
603 3695 669 3757 et
699 3710 782 3757 ne
813 3707 933 3777 per
961 3688 1112 3756 illos
1143 3707 1261 3756 seu
1314 3689 1642 3773 quoslibet
1671 3687 1840 3757 alios
1890 3690 1957 3757 in
2008 3696 2340 3778 posterum
2388 3690 2662 3759 oriretur

413 3797 754 3885 scrupulus
774 3795 1062 3865 recidiue
1092 3796 1471 3882 questionis,
1495 3797 1584 3864 ad
1614 3795 2069 3864 certitudinem
2091 3798 2374 3866 omnium
2394 3798 2661 3884 premis-

397 3925 618 3973 sorum
669 3907 904 3974 iterato
952 3905 1209 3974 litteras
1258 3913 1517 3975 nostras
1571 3905 2033 3989 concessimus,
2086 3903 2410 3993 dupplicis
2461 3903 2665 3991 sigilli

398 4012 605 4081 nostri
620 4012 1007 4080 muniminer
1026 4014 1352 4082 oboratas.
1384 4014 1626 4080 Datum
1646 4032 1819 4080 anno
1850 4011 2075 4097 gracie
2093 4012 2186 4079 M‘·
2207 4010 2338 4079 CC‘·
2356 4012 2501 4081 XL⁰
2520 4030 2662 4100 sep-

392 4121 546 4189 timo
576 4121 672 4187 X?
707 4118 1034 4189 kalendas
1064 4119 1247 4208 Julij,
1280 4120 1493 4205 Regni
1522 4125 1742 4189 autem
1771 4118 1977 4189 nostri
2023 4138 2195 4187 anno
2261 4118 2660 4188 duodecimo.

418 4300 700 4369 (Ei-edetis
723 4297 1072 4368 bothartyan,
1096 4300 1323 4366 melyrffl
1348 4297 1700 4368 veros-sarga
1743 4299 2194 4366 selyemzsinoron
2219 4314 2254 4352 a
2276 4296 2460 4367 lxii-§.ly
2482 4300 2663 4353 ketws

394 4387 747 4457 peesetjenek
772 4390 1029 4458 nagyobb
1067 4387 1215 4442 resse
1241 4387 1365 4458 meg·
1409 4391 1561 4457 fflgg,
1606 4406 1642 4441 a
1687 4405 1864 4445 nemz.
1899 4404 2146 4441 museum
2171 4370 2656 4443 kezirattdraban.)
