3359 5250
1369 361 1490 429 171

304 561 634 646 Dyonisio
665 561 852 628 Bano
901 567 967 627 et
997 562 1181 629 Duce
1220 560 1429 628 tocius
1477 558 1826 627 Sclauonie
1875 559 2200 643 quendam
2246 558 2572 626 hominem

296 666 706 753 fidedignum
748 668 1012 738 nomine
1042 667 1315 754 Lodvey
1347 668 1431 735 de
1463 686 1708 754 genere
1726 666 1922 753 Agba
1951 666 2244 748 Comitis,
2279 674 2347 734 et
2376 688 2420 733 a
2452 666 2573 733 Oa·

295 776 511 864 pitulo
542 775 974 862 Zagrabiensi
1004 775 1333 863 quendam
1361 773 1761 843 canonicum
1801 774 2060 841 nomine
2080 775 2465 860 Gregorium
2502 775 2570 841 in

299 883 750 953 testimonium
781 884 968 952 duxit
997 906 1240 973 secum,
1291 905 1436 953 cum
1468 885 1708 972 quibus
1741 884 1991 972 pariter
2037 885 2424 973 procedens,
2464 905 2569 953 co-

300 993 491 1080 gnita
522 995 782 1082 plenius
813 996 1093 1065 veritate
1122 1002 1262 1064 tam
1293 1017 1336 1063 a
1365 996 1602 1064 vicinis
1634 1002 1704 1063 et
1726 997 2212 1081 commetaneis‚
2246 1016 2446 1081 quam
2481 995 2567 1061 ab

301 1100 463 1186 alijs
494 1101 852 1170 earundem
883 1104 1175 1190 parcium
1204 1103 1553 1190 nobilibus,
1602 1124 1726 1171 nec
1757 1124 1885 1173 non
1916 1106 2002 1172 ab
2034 1104 2196 1191 ipsis
2224 1104 2573 1171 venditori·

298 1209 429 1277 bus
447 1209 743 1280 eiusdem
762 1217 955 1299 terre,
979 1232 1252 1297 quorum
1268 1212 1393 1281 fuit
1411 1211 1833 1300 hereditaria,
1853 1212 2067 1301 ipsam
2089 1213 2247 1282 dieti
2265 1214 2571 1302 Stepbco-

300 1319 407 1385 nis
437 1338 587 1386 esse
640 1320 1015 1408 empticiam
1064 1320 1418 1407 affirmans,
1472 1327 1682 1390 metas
1719 1321 2032 1408 eiusdem,
2082 1328 2149 1390 et
2196 1341 2423 1391 omnes
2455 1322 2572 1389 cir-

303 1429 768 1516 cumstancias‚
822 1437 889 1497 et
919 1432 1139 1498 omnia
1169 1432 1435 1500 nomina
1464 1431 1912 1517 venditorum3
1968 1429 2275 1500 videlicet
2311 1431 2568 1497 Martun

302 1543 371 1602 et
400 1537 744 1603 Martunus
776 1542 843 1605 et
872 1540 1086 1607 Pouse
1136 1539 1414 1607 filiorum
1446 1540 1710 1624 Dragos
1743 1537 1827 1606 de
1859 1538 2052 1606 Blina
2096 1538 2407 1608 nobilium
2441 1556 2570 1604 ser·

303 1645 635 1714 uiencium
664 1653 1052 1736 nostrorum,
1106 1648 1218 1734 qui
1251 1647 1481 1734 viginti
1514 1656 1661 1717 octo
1694 1668 1976 1733 marcas,
2024 1647 2258 1735 quibus
2290 1645 2568 1716 eandem

298 1764 546 1824 terram
577 1755 704 1822 sibi
737 1753 1188 1845 vendiderant,
1226 1777 1299 1827 se
1326 1759 1520 1845 plene
1552 1759 1883 1845 recepisse
1914 1761 2064 1824 sunt
2094 1753 2397 1839 confessi,
2430 1753 2567 1821 suis

298 1862 495 1933 nobis
549 1862 785 1931 litteris
816 1863 1191 1953 destinauit,
1245 1864 1420 1951 quod
1450 1871 1515 1932 et
1544 1865 1702 1932 vina
1732 1884 1891 1932 voce
1938 1862 2345 1951 postmodum
2383 1862 2569 1930 robo-

300 1972 498 2040 rauit.
534 1973 737 2041 Cuius
770 1980 939 2040 mete
968 1973 1094 2043 hoc
1126 1974 1352 2042 ordine
1371 1974 1852 2060 distinguntur:
1883 1972 2104 2041 Prima
2141 1978 2320 2040 meta
2340 1968 2569 2057 incipit

304 2103 348 2148 a
378 2082 602 2148 littore
654 2081 834 2169 fluuij
869 2084 1045 2151 Saue
1076 2104 1159 2151 ex
1211 2083 1463 2152 oriente
1493 2083 1579 2151 ab
1627 2082 1867 2151 arbore
1913 2081 2110 2169 pomi,
2163 2082 2340 2149 circa
2369 2099 2566 2164 quam

302 2195 409 2256 est
445 2198 619 2260 meta
651 2198 884 2278 terrea,
935 2193 1045 2260 vbi
1077 2192 1283 2261 eciam
1333 2191 1601 2280 quidam
1631 2192 1882 2260 riuulus
1920 2189 2258 2259 Ohernech
2306 2187 2566 2256 nomine

302 2297 489 2366 cadit
516 2299 585 2366 in
616 2298 886 2368 fluuium
936 2298 1340 2387 predictum;
1393 2306 1624 2367 contra
1656 2319 1917 2367 cursum
1967 2298 2151 2366 cuius
2193 2296 2563 2386 proceditur

299 2427 422 2494 per
453 2415 664 2476 metas
696 2415 941 2477 terreas
993 2415 1060 2477 et
1089 2409 1357 2478 arbores
1388 2408 1597 2478 crucis
1626 2407 1839 2477 forma
1887 2407 2183 2493 signatas
2219 2427 2427 2494 vsque
2475 2405 2564 2474 ad

305 2516 514 2582 alium
566 2516 796 2603 riuum,
849 2517 961 2602 qui
1007 2516 1379 2587 nominatur
1404 2516 1739 2605 Lyztouch
1788 2536 1907 2603 per
1939 2524 2148 2585 metas
2202 2521 2451 2583 terreas
2500 2519 2565 2581 et

303 2626 578 2695 arbores
611 2627 822 2695 crucis
840 2627 1050 2695 forma
1079 2632 1385 2715 notatas5
1419 2626 1658 2696 deinde
1682 2626 2058 2714 peruenitur
2086 2625 2174 2693 ad
2204 2625 2398 2706 viam,
2439 2643 2563 2709 que

301 2733 546 2803 transit
576 2733 897 2821 riuulum;
946 2756 1063 2823 per
1092 2756 1290 2821 quam
1321 2735 1497 2803 viam
1528 2734 1743 2803 exitur
1790 2734 1873 2802 de
1902 2733 2065 2820 riuo,
2099 2738 2165 2801 et
2193 2731 2566 2820 proceditur

301 2862 428 2930 per
459 2863 606 2910 eam
636 2841 725 2910 ad
749 2848 986 2911 metam
1017 2849 1294 2913 terream
1326 2850 1394 2911 et
1422 2843 1575 2912 inde
1605 2863 1725 2932 per
1744 2844 2009 2912 arbores
2041 2842 2341 2929 signatas
2372 2860 2563 2907 cruce

298 2950 605 3040 procedit
634 2972 752 3040 per
779 2973 1006 3022 nemus
1036 2953 1446 3042 paludosum,
1480 2954 1549 3021 in
1582 2955 1711 3022 fine
1743 2954 1926 3022 cuius
1958 2959 2059 3021 est
2101 2958 2276 3019 meta
2306 2956 2559 3033 terrea;

299 3062 547 3130 deinde
596 3081 715 3149 per
766 3063 1034 3132 arbores
1068 3083 1258 3131 cruce
1306 3069 1566 3132 notatas
1612 3070 1682 3131 et
1709 3069 1919 3131 metas
1969 3068 2217 3130 terreas
2261 3060 2443 3127 venit
2474 3057 2562 3126 ad

300 3170 646 3258 antiquam
697 3173 893 3260 viam,
945 3195 1063 3261 per
1112 3194 1308 3260 quam
1357 3172 1444 3241 ad
1489 3174 1667 3241 viam
1715 3173 2066 3257 nouellam,
2114 3189 2319 3254 vsqne
2367 3188 2562 3254 quam

296 3280 489 3347 viam
520 3301 564 3346 a
592 3280 874 3349 sinistris
901 3281 1159 3350 fuerunt
1191 3283 1620 3351 commetanei
1658 3281 2022 3363 Blinenses‚
2057 3277 2318 3366 quando
2350 3276 2561 3344 dictus

294 3384 689 3472 Propositus
739 3387 862 3454 has
894 3394 1104 3456 metas
1147 3388 1473 3477 inspexit3
1524 3388 1643 3457 sed
1690 3388 1846 3474 quia
1888 3394 2129 3455 terram
2159 3384 2563 3454 Blinensium

294 3494 607 3563 dedimus
652 3497 1066 3584 postmodum
1117 3497 1483 3586 hospitibus
1533 3496 1618 3564 de
1665 3496 1921 3584 Stytich
1944 3549 1963 3584 ,
2023 3494 2222 3564 iidem
2271 3493 2563 3581 hospites

293 3606 742 3673 commetanei
791 3612 944 3673 sunt
975 3605 1227 3694 effecti3
1279 3607 1693 3694 postmodum
1742 3606 1950 3673 eciam
1982 3626 2026 3672 a
2070 3601 2348 3672 sinistris
2396 3621 2564 3670 com-

292 3712 596 3782 metanei
627 3721 780 3782 sunt
828 3715 1128 3783 monachi
1159 3713 1243 3783 de
1274 3716 1553 3803 Toplica
1572 3741 1588 3803 ;
1608 3710 1617 3719 ’
1639 3736 1761 3803 per
1792 3734 1989 3799 quam
2021 3713 2196 3780 viam
2234 3711 2562 3780 nouellam

288 3842 424 3911 per
460 3828 671 3890 metas
700 3828 948 3891 terreas
997 3823 1302 3909 antiquas
1339 3832 1407 3893 et
1455 3845 1664 3893 nouas
1696 3824 1951 3892 uenitur
1997 3822 2085 3889 ad
2113 3826 2354 3888 metam
2393 3824 2563 3887 terre

290 3927 605 3999 eiusdem
634 3931 1043 4019 Stephconis,
1076 3953 1205 4000 non
1232 3933 1424 4001 huius
1454 3940 1624 4001 terre
1655 3931 1777 4000 sed
1810 3930 2100 4014 alteriue,
2135 3948 2330 4016 quam
2361 3928 2563 4015 possi-

286 4041 417 4108 det
450 4040 539 4107 ab
588 4041 856 4127 antiquo
906 4062 1026 4129 per
1074 4043 1260 4111 cuius
1290 4047 1462 4110 terre
1512 4049 1724 4110 metas
1774 4040 2032 4109 venitur
2075 4041 2309 4107 iterum
2358 4056 2566 4124 vsque

283 4148 577 4216 fluuium
608 4150 822 4236 Saua;
873 4156 941 4217 et
969 4149 1125 4218 inde
1171 4149 1411 4218 transit
1459 4149 1548 4217 ad
1592 4148 1913 4218 fossatum
1943 4146 2297 4231 Prenlaka‚
2349 4151 2415 4211 et
2443 4164 2562 4232 per

281 4276 545 4344 aquam
577 4257 935 4345 Stepchina
964 4257 1134 4326 redit
1162 4257 1231 4327 in
1263 4258 1526 4339 Sanam,
1570 4279 1690 4345 per
1721 4278 1914 4345 quem
1944 4254 2286 4324 reuertitur
2315 4252 2404 4320 ad
2432 4252 2563 4340 pri-

283 4389 487 4437 mam
517 4374 774 4453 metam,
808 4375 874 4437 et
904 4369 998 4436 ibi
1030 4369 1432 4437 terminatur.
1479 4369 1619 4437 Nos
1650 4367 1849 4454 igitur
1876 4367 2045 4435 iusto
2081 4364 2365 4464 petentis
2398 4362 2564 4432 desi-

279 4477 494 4547 derio
524 4474 816 4545 sanorem
846 4477 1232 4548 beneuolum
1255 4477 1660 4559 adhibentes,
1694 4484 1935 4545 terram
1964 4474 2237 4543 eandem
2256 4479 2562 4560 presente

280 4591 601 4657 Damaso
632 4584 852 4654 villico
883 4585 968 4654 de
995 4587 1247 4673 Stytich
1278 4586 1493 4653 vicino
1527 4593 1593 4654 et
1622 4589 2091 4670 commetaneo‚
2146 4589 2213 4651 et
2240 4604 2369 4651 non
2411 4604 2559 4654 con-

278 4692 692 4781 tradicente,
722 4693 1057 4784 sepedicto
1087 4694 1442 4784 Stephconi
1472 4701 1539 4765 et
1568 4694 1704 4764 suis
1734 4692 2088 4764 heredibus
2124 4692 2561 4779 heredumque
