3359 5250
1378 313 1514 381 225

306 516 603 575 tarorum
652 505 904 574 maiora
950 504 1288 575 fidelitatis
1319 527 1526 595 opera
1565 507 1756 574 nobis
1787 506 2099 575 exhibuit.
2146 507 2220 573 In
2259 505 2441 573 cuius
2473 526 2568 572 re·

308 614 922 700 compensacionem
968 615 1431 700 concessimus,
1483 622 1553 683 vt
1583 622 1892 700 castrum,
1941 615 2117 702 quod
2143 615 2213 682 in
2243 621 2422 682 terra
2450 633 2572 682 sua

312 723 621 792 edificare
652 720 1005 809 inceperat,
1038 722 1297 792 edificet
1325 723 1566 812 ipsum,
1598 732 1666 793 et
1695 731 1832 792 tam
1862 725 2030 812 ipse,
2071 744 2267 809 quam
2299 722 2398 790 sui
2431 743 2574 791 sue-

310 850 609 900 cessores
639 830 896 918 possint
930 838 997 899 et
1024 832 1294 901 valeant
1323 830 1393 900 in
1426 840 1811 920 perpetuum
1841 832 2198 920 possidere.
2240 833 2326 900 Vt
2354 838 2574 899 autem

310 939 505 1007 huius
530 945 752 1009 nostre
800 939 1243 1008 concessionis
1295 939 1502 1009 series
1532 940 1927 1009 inconcussa
1973 941 2044 1007 in
2074 946 2405 1027 posterum
2438 958 2580 1026 per-

312 1053 615 1133 maneat;
667 1067 788 1116 nec
819 1068 1107 1137 vnquam
1141 1048 1364 1134 aliquo
1417 1068 1727 1118 successu
1757 1054 2119 1138 temporum
2150 1054 2351 1132 queat
2376 1053 2578 1116 retra-

318 1156 486 1224 ctari
509 1206 529 1241 ,
577 1157 684 1223 vel
733 1156 802 1224 in
849 1156 1103 1226 irritum
1154 1157 1449 1227 reuocari
1469 1209 1489 1243 ,
1538 1157 1626 1224 ad
1662 1158 1806 1225 eius
1851 1157 2103 1224 firmam
2149 1155 2577 1225 stabilitatem

315 1271 653 1348 presentes
702 1263 917 1332 eidem
968 1265 1414 1333 concessimus
1466 1264 1723 1335 litteras
1775 1264 2056 1351 duplicis
2105 1264 2311 1351 sigilli
2374 1264 2582 1331 nostri

316 1371 672 1439 munimine
717 1371 1082 1442 roboratas.
1135 1373 1376 1441 Datum
1423 1393 1598 1442 anno
1646 1372 1912 1442 Domini
1942 1373 2036 1440 M‘·
2054 1371 2185 1439 00⁰
2216 1370 2581 1458 quadrage-

317 1479 487 1548 simo
515 1479 817 1567 septimo,
844 1480 1056 1568 Regni
1073 1486 1291 1550 autem
1315 1480 1522 1550 nostri
1553 1501 1727 1550 anno
1749 1478 2155 1565 duodecimo,
2188 1479 2377 1547 nonis
2397 1478 2578 1563 Maji.

323 1679 553 1746 (Bobert
574 1675 784 1745 Raroly
820 1677 1113 1747 kiralynak
1137 1681 1436 1749 „Magister
1468 1682 1638 1734 Ector
1662 1679 1806 1732 filius
1830 1678 2102 1733 Wltozlou
2140 1693 2235 1730 suo
2272 1683 2328 1731 et
2353 1677 2580 1731 Comitis

324 1769 523 1837 Punyk
548 1785 614 1823 ac
638 1769 908 1823 Johanuis
932 1769 1030 1840 filij
1060 1770 1282 1825 Gardun
1308 1771 1533 1823 fratrum
1558 1785 1779 1824 suorum
1805 1771 2054 1822 nomiue“
2081 1765 2329 1820 keresere
2371 1766 2583 1819 kiadott

325 1860 686 1929 privilegialis
729 1858 1204 1929 megerb'sstesebffl
1229 1861 1466 1925 „Datum
1489 1877 1589 1928 per
1612 1875 1805 1912 manus
1830 1859 2049 1913 discreti
2075 1860 2179 1911 viri
2201 1858 2454 1924 Magistri
2478 1857 2584 1908 La-

326 1949 493 2002 dizlai
514 1951 783 2019 prepositi
802 1949 1118 2018 'Pytulensis
1136 1951 1391 2003 Albensis
1411 1949 1623 2003 Electi“
1648 1950 1806 2002 1842.
1826 1954 2057 2015 „quarto
2075 1948 2198 1999 idus
2217 1947 2585 2010 Decembris“;

327 2069 399 2079 —
421 2041 677 2107 melynek
704 2040 941 2094 credetis
958 2037 1311 2109 borbat-tyn,
1347 2056 1383 2093 a
1406 2039 1594 2108 peeset
1616 2037 1738 2093 mbr
1759 2040 2037 2103 elveszett,
2062 2036 2342 2092 talaltatik
2366 2052 2399 2090 a
2421 2037 2586 2089 budai

1070 2133 1174 2186 kir.
1199 2132 1447 2185 kamarai
1468 2128 1849 2197 levelt‘rbau.)

1201 2419 1731 2431 ——————-————

1402 2903 1553 2971 151.

348 3103 391 3168 I
397 3103 467 3174 V.
500 3103 660 3171 Be‘la
687 3102 1017 3191 kirdlynak
1078 3100 1411 3170 Udvarnok
1456 3106 1617 3169 aeva
1645 3101 1859 3187 fo'ldet
1907 3103 2213 3185 tdrqyazd
2260 3099 2596 3184 adomdny-

683 3212 862 3279 leveze
899 3209 1154 3292 Tameia,
1185 3208 1329 3276 Aba
1360 3210 1670 3296 comesfia
1700 3213 2016 3277 szdmdra.
2048 3205 2246 3272 1247.

558 3408 727 3475 Bela
755 3407 883 3476 Dei
915 3406 1142 3494 gracia
1170 3405 1528 3492 Hungarie,
1560 3402 1926 3488 Dalmacie,
1959 3400 2340 3487 Choroacie,
2374 3401 2596 3484 Rame‚

350 3517 590 3603 Seruis,
624 3514 927 3602 Gallicis,
958 3513 1368 3601 Lodomerie,
1401 3511 1843 3595 Cumauieque
1870 3512 2012 3577 Rex
2030 3508 2329 3577 omnibus
2361 3506 2602 3574 Christi

350 3624 645 3695 fidelibus
693 3633 1062 3712 presentem
1110 3621 1424 3708 paginam
1474 3618 1869 3708 inspecturis
1901 3619 2181 3687 salutem
2228 3618 2298 3685 in
2346 3636 2445 3701 eo,
2492 3614 2603 3699 qui

350 3735 463 3803 dat
506 3735 788 3803 salutem
835 3731 1149 3818 Regibus.
1199 3727 1714 3816 Circumspecoio
1760 3728 2012 3813 Regum
2057 3723 2333 3811 prouida
2380 3720 2601 3792 condi-

349 3843 495 3928 gnis
542 3842 812 3931 premiis
861 3840 989 3909 sibi
1040 3837 1546 3925 obsequentibus
1596 3838 1694 3905 sic
1742 3834 1940 3903 debet
1968 3852 2322 3919 occurrere,
2373 3837 2445 3898 vt
2488 3831 2602 3915 alij

328 3972 570 4020 eorum
601 3950 903 4037 exemplo
934 3945 1274 4036 prouocati
1324 3944 1413 4013 ad
1459 3942 1800 4012 fidelitatis
1839 3941 2061 4009 studia
2089 3939 2330 4009 forcius
2380 3957 2605 4004 accen-

357 4058 613 4129 dantur.
646 4059 790 4127 Hac
822 4058 1044 4143 itaque
1083 4053 1616 4124 consideracione
1651 4052 1922 4138 inducti,
1955 4050 2191 4119 merita
2222 4068 2302 4116 ac
2332 4045 2609 4114 seruicia

354 4165 579 4237 dilecti
627 4171 695 4234 et
742 4164 955 4233 fidelis
1002 4162 1208 4232 nostri
1254 4161 1506 4229 Thome
1556 4158 1828 4228 Comitis
1876 4157 1997 4244 filij
2028 4156 2193 4241 Abe,
2242 4174 2370 4240 que
2419 4152 2608 4221 nobis

354 4296 508 4364 sepe
558 4280 626 4344 et
672 4272 896 4361 sepius
944 4271 1017 4340 in
1055 4268 1592 4358 expedicionibus
1640 4287 1721 4337 ac
1769 4266 1923 4352 aliis
1974 4263 2319 4334 euentibus
2368 4259 2610 4330 nostris

356 4384 633 4454 fideliter
696 4381 1017 4466 exhibuit,
1079 4378 1450 4447 memoriter
1509 4377 1864 4445 retinentes
1886 4426 1905 4462 ,
1970 4380 2037 4440 et
2080 4369 2613 4438 remuneracione

356 4498 569 4580 grata,
600 4490 755 4561 licet
784 4509 915 4558 non
949 4508 1034 4556 ex
1064 4486 1409 4572 condigno,
1462 4504 1609 4553 cum
1639 4499 1898 4552 omnem
1929 4479 2342 4549 affluenciam
2371 4484 2612 4563 tempo·

358 4601 562 4670 talem
592 4595 1037 4680 transcendat,
1089 4594 1449 4681 rependere
1498 4592 1814 4678 volentes,
1848 4588 2182 4677 quandam
2212 4597 2457 4656 terram
2499 4584 2616 4652 Oa-

445 4733 653 4772 uoumr.
686 4731 853 4771 uuus.
884 4730 1027 4795 ins-r.
1057 4738 1127 4749 —
1157 4729 1300 4767 nm..
1331 4720 1398 4758 ¹2.
2211 4704 2284 4761 15
