3359 5250
1384 343 1518 412 509

310 557 580 607 mansos
611 559 756 607 cum
786 539 1206 627 pertinenciis
1258 544 1631 629 eorundem,
1683 542 1808 609 sibi
1841 541 1907 608 in
1939 530 2202 609 feudum
2236 546 2301 609 et
2331 542 2398 606 in
2430 560 2570 628 per·

308 653 582 733 petuum
632 648 1026 716 contulimus
1075 650 1269 736 pleno
1299 651 1442 717 iure
1474 658 1539 718 et
1576 653 1641 717 in
1676 650 1842 718 filios
1891 649 2191 718 filiorum.
2242 650 2327 715 Et
2357 655 2426 716 vt
2455 648 2569 716 hu-

305 756 597 824 iusmodi
637 765 857 825 nostre
889 757 1271 826 donacionis
1315 760 1526 826 series
1558 760 1756 828 robur
1808 760 2100 828 obtineat
2130 764 2443 844 perpetue
2477 757 2577 823 fir·

305 862 581 947 mitatis‚
614 872 954 949 presentes
987 871 1246 932 nostras
1279 867 1535 933 litteras
1590 867 1803 935 eidem
1853 866 2241 933 contulimus
2291 865 2573 950 duplicis

307 971 519 1057 sigilli
551 973 758 1040 nostri
814 975 1164 1041 munimine
1212 977 1575 1044 roboratas.
1626 978 1869 1045 Datum
1921 997 2093 1044 anno
2142 975 2227 1042 ab
2259 976 2567 1041 lucarna-

304 1080 499 1148 cione
528 1081 791 1148 Domini
818 1082 1163 1151 millesimo
1197 1082 1642 1151 ducentesimo
1682 1084 2220 1172 quinquagesimo
2253 1101 2443 1151 nono.

306 1277 480 1345 (Goth
507 1281 574 1332 G.
618 1278 770 1343 utan,
819 1282 1242 1350 Mittheilungen
1285 1283 1379 1335 dos
1424 1283 1787 1337 historischen
1813 1286 2042 1338 Vereins
2084 1283 2176 1336 fiir
2217 1282 2562 1335 Steiermark.

983 1376 1048 1426 V.
1076 1375 1240 1426 fiizet.
1281 1376 1469 1438 Grata,
1500 1378 1654 1427 1854.
1686 1379 1811 1427 214.
1839 1377 1900 1443 l.)

1167 1665 1709 1675 *-

1360 2107 1518 2175 361.

307 2289 354 2354 Ι
365 2290 430 2353 V.
465 2289 721 2355 Sdndor
747 2293 924 2375 pdpa
955 2288 1312 2369 intezkedik,
1351 2291 1513 2377 hog-y
1545 2314 1587 2354 a
1606 2290 1841 2374 jddrai
1870 2312 1949 2354 ez.
1972 2289 2207 2355 Miklde
2236 2291 2565 2357 za'rdabeli

521 2397 926 2483 apdezdknak
956 2421 1034 2461 az
1063 2399 1246 2462 isteni
1275 2399 1630 2462 tiszteletben
1663 2398 1877 2464 renale
1908 2399 2138 2485 leyyen.
2174 2397 2366 2464 1259.

527 2593 906 2661 Alexander
937 2594 1303 2680 Episcopus
1338 2614 1567 2661 seruus
1599 2613 1934 2662 seruorum
1967 2595 2092 2663 Dei
2124 2595 2380 2664 dilectis
2411 2597 2565 2666 filiis

310 2756 326 2772 .
363 2757 379 2772 .
414 2755 430 2769 .
466 2704 759 2770 Ministro
790 2708 856 2770 et
886 2753 901 2768 .
939 2753 954 2768 .
992 2756 1006 2770 .
1047 2703 1306 2770 Vicario
1359 2703 1712 2771 Sclavonie
1743 2723 1824 2770 ac
1858 2755 1873 2770 .
1908 2753 1923 2769 .
1959 2755 1972 2770 .
2013 2704 2393 2775 Gnardiano
2445 2707 2559 2774 Or·

309 2813 483 2881 dinis
531 2811 847 2878 Minorum
899 2810 1201 2879 Jadrensi
1253 2811 1530 2878 salutem
1573 2820 1638 2878 et
1667 2811 2119 2897 Apostolicam
2158 2813 2559 2883 benedictio-

305 2942 476 2989 nem.
527 2920 698 2999 Quia
730 2939 1044 3007 personas
1076 2919 1423 3002 religiosas
1455 2939 1533 2987 eo
1566 2919 1800 2987 maiori
1847 2921 2155 3006 prosequi
2186 2921 2412 2988 favore
2444 2922 2559 2989 de-

305 3031 555 3112 bemus,
593 3048 720 3114 quo
761 3026 1078 3095 devotiori
1116 3027 1377 3113 placere
1408 3027 1672 3094 student
1692 3028 1971 3095 Domino
1990 3026 2329 3114 famulatu,
2361 3028 2563 3096 liben-

305 3146 405 3206 ter
422 3137 543 3203 illa
572 3135 698 3203 sibi
729 3140 1005 3222 paterna
1024 3134 1466 3203 sollicitudine
1499 3154 1942 3222 procuramus,
1974 3153 2092 3221 per
2111 3154 2238 3219 que
2270 3135 2559 3223 ipsarum

305 3245 539 3329 religio
580 3242 911 3310 landabile
941 3244 1268 3329 suscipere
1297 3245 1539 3330 valeat,
1574 3250 1838 3311 auctore
1868 3244 2173 3328 Domino,
2206 3244 2559 3313 incremen-

306 3363 464 3439 tum,
513 3361 580 3420 et
609 3350 834 3419 eedem
869 3351 1230 3419 animarum
1262 3351 1563 3438 salutem,
1610 3373 1734 3439 pro
1766 3372 1897 3438 qua
1933 3349 2158 3420 mundi
2201 3354 2560 3421 vanitatem

304 3463 568 3550 penitus
591 3460 1007 3546 reliquerunt,
1027 3460 1298 3528 liberius
1320 3468 1824 3545 consequantur.
1858 3459 2025 3526 Hinc
2044 3466 2163 3546 est,
2197 3460 2372 3546 quod
2392 3482 2557 3549 cum,

303 3571 474 3639 sicut
522 3569 761 3636 dilecte
791 3568 857 3634 in
891 3565 1152 3636 Christo
1205 3567 1338 3636 filie
1375 3619 1391 3637 .
1427 3617 1442 3634 .
1477 3617 1492 3633 .
1528 3567 1889 3636 Abbatissa
1920 3573 1985 3636 et
2018 3569 2388 3638 Conventus
2428 3569 2559 3638 Mo·

303 3678 575 3746 nialium
612 3675 1008 3743 inclusarum
1039 3677 1422 3745 Monasterii
1456 3677 1680 3745 Sancti
1699 3677 1960 3744 Nicolai
1992 3677 2336 3745 qladrensis
2369 3676 2559 3746 Ordi-

302 3786 408 3854 nis
441 3785 664 3854 Sancti
697 3785 1025 3872 Damiani,
1078 3787 1165 3853 ad
1194 3790 1558 3855 Romanam
1592 3786 1955 3854 Ecclesiam
2007 3785 2186 3853 nullo
2229 3786 2558 3853 mediante

302 3895 709 3983 pertinentis,
744 3901 1079 3982 exponunt
1096 3916 1241 3962 cum
1273 3896 1658 3980 reverentia,
1694 3892 1869 3980 quod
1900 3894 2229 3980 aliquibus
2251 3893 2560 3962 fratribus

301 4003 506 4072 vestri
537 4002 803 4070 Ordinis
834 4000 1190 4088 indigeant,
1242 4002 1355 4088 qui
1388 4003 1485 4069 eis
1522 4001 1770 4069 Divina
1819 4000 2038 4068 officia
2089 4001 2443 4087 celebrent,
2495 4008 2562 4068 et

302 4112 662 4181 exhibeant
723 4111 1172 4179 ecclesiastica
1221 4115 1673 4195 sacramenta;
1741 4107 2114 4177 discretioni
2161 4115 2380 4175 vestre
2441 4127 2562 4195 per

303 4219 689 4308 Apostolica
737 4220 986 4306 scripta
1016 4219 1084 4286 in
1115 4220 1357 4287 virtute
1388 4217 1759 4285 obedientie
1808 4217 2099 4285 districte
2129 4215 2555 4303 precipiendo

302 4330 712 4414 mandamus,
746 4335 1067 4415 quatenus
1085 4328 1404 4415 predictis
1424 4326 1779 4396 Abbatisse
1800 4332 1867 4394 et
1884 4324 2243 4393 Conventui
2282 4331 2559 4408 quatuor

302 4441 386 4509 de
415 4438 729 4506 fratribus
760 4440 961 4505 vestri
995 4437 1259 4504 Ordinis
1292 4433 1600 4523 providos
1644 4440 1712 4500 et
1741 4431 2057 4502 discretos
2089 4439 2307 4499 vestre
2346 4430 2554 4498 admi-

298 4545 705 4616 nistrationis
753 4568 872 4633 pro
905 4547 1321 4615 celebrandis
1354 4543 1613 4611 Divinis
1664 4542 1897 4610 officiis
1930 4548 1998 4609 et
2037 4539 2424 4610 exhibendis
2457 4559 2554 4606 ec-

297 4655 689 4726 clesiasticis
737 4653 1163 4723 sacramentis
1197 4655 1449 4739 absque
1479 4650 1865 4718 difficultate
1914 4649 2209 4733 qualibet
2244 4646 2555 4716 conceda·
