3359 5250
1331 360 1463 427 529

261 561 447 646 tiam,
501 579 695 644 quam
732 576 889 644 erga
941 557 1227 644 ipsorum
1279 555 1530 622 nobiles
1563 554 1767 623 nostri
1819 554 2362 641 praedecessores
2405 574 2526 640 per

261 677 519 755 tempus
556 667 979 755 praeteritum
1030 665 1416 748 habuerunt,
1470 663 1891 748 disponentes
1945 681 2170 728 eorum
2211 659 2524 727 haeredes

263 773 610 843 ostendere
657 792 858 860 opera
910 791 1029 857 per
1075 771 1397 853 effectum,
1450 769 1902 854 concedimus,
1955 776 2023 835 et
2071 771 2525 837 confirmamus

264 880 425 950 viris
457 880 806 949 Nobilibus
830 878 1225 962 Schinellae,
1266 885 1421 944 nato
1452 877 1785 961 quondam
1819 877 2071 964 egregii
2102 878 2226 945 viri
2255 877 2526 945 Comitis

265 988 757 1056 Bartholomaei
787 986 1061 1071 Veglae,
1085 1005 1164 1052 ac
1198 985 1339 1070 ejus
1373 983 1545 1068 filiis,
1570 986 1783 1062 Petro,
1819 984 2214 1069 Schinellae,
2242 985 2520 1054 Bartho-

267 1097 558 1181 lomaeo;
612 1102 678 1162 et
707 1093 1074 1177 Frederico,
1105 1092 1629 1176 Bartholomaeo,
1663 1090 1953 1161 Gnidoni
2001 1094 2155 1161 filiis
2197 1093 2524 1178 quondam

265 1204 539 1271 Comitis
571 1202 891 1273 Gnidonis
925 1202 1007 1269 de
1039 1201 1275 1285 Vegla,
1327 1207 1392 1267 et
1424 1220 1645 1269 eorum
1677 1194 2068 1268 haeredibus
2116 1202 2423 1270 masculis
2453 1204 2524 1271 in

264 1319 669 1398 perpetuum,
718 1311 814 1376 ita
844 1309 1018 1394 quod
1049 1292 1213 1375 unus
1245 1308 1435 1375 alteri
1467 1307 1795 1392 succedat,
1832 1310 2210 1376 universum
2242 1308 2524 1376 Comita-
2564 1376 2567 1379 ,

215 1448 220 1454 ·
265 1428 404 1487 tum
435 1419 707 1505 Veglae,
757 1424 823 1486 et
853 1419 1143 1497 Insulae,
1175 1423 1243 1485 et
1273 1416 1619 1501 Pervichii,
1655 1436 1800 1483 cum
1836 1418 2140 1486 omnibus
2180 1418 2523 1501 reditibus,

257 1527 666 1615 jndbnsque,
716 1527 1104 1611 rationibus,
1158 1525 1667 1595 honorificentiis
1690 1578 1708 1612 ,
1760 1525 2070 1610 collectis,
2131 1531 2195 1592 et
2251 1527 2525 1611 regaliis

268 1636 411 1702 suis
442 1634 532 1702 ad
561 1634 859 1705 eumdem
891 1633 1288 1703 Comitatum
1320 1641 1384 1701 et
1414 1634 1732 1719 Insulam,
1773 1635 1918 1713 sive
1949 1634 2201 1701 insulas
2232 1642 2525 1723 spectan-

267 1742 487 1827 tibus;
523 1749 597 1810 ut
625 1762 709 1810 ea
739 1741 959 1809 omnia
989 1742 1073 1808 de
1103 1746 1361 1810 caetero
1382 1740 1691 1825 habeant,
1726 1747 2013 1824 teneant,
2047 1747 2113 1808 et
2144 1742 2529 1830 possideant

266 1851 411 1917 sine
441 1850 665 1935 aliqua
696 1850 1172 1937 contrarietate,
1207 1852 1375 1917 sicut
1404 1849 1532 1937 ipsi
1563 1849 1868 1936 Comites,
1900 1855 1966 1917 et
2006 1869 2227 1917 eorum
2256 1850 2526 1937 praede-

271 1975 567 2027 cessores
596 1979 717 2047 per
749 1967 1008 2047 tempus
1037 1958 1462 2046 praeteritum
1491 1957 1859 2026 habuerunt
1896 1961 1964 2025 et
1991 1964 2361 2042 tenuerunt,
2410 1958 2524 2024 ha-

270 2064 503 2153 bendo,
559 2069 731 2135 sicut
760 2067 1007 2137 dictum
1039 2073 1157 2148 est,
1214 2065 1428 2135 dictus
1460 2065 1764 2134 dominus
1794 2065 2128 2133 Schinella
2156 2064 2410 2151 Comes,
2461 2075 2528 2134 et

268 2175 408 2262 filii,
439 2184 506 2242 et
538 2194 762 2244 eorum
793 2174 1114 2245 haeredes
1145 2174 1563 2243 medietatem
1592 2175 1793 2242 totius
1825 2173 1985 2241 dicti
2018 2171 2416 2261 Comitatus3
2460 2180 2528 2240 et

268 2283 591 2369 praedicti
640 2284 1034 2371 Fridericus,
1088 2293 1153 2351 et
1184 2284 1747 2368 Bartholomaeus,
1802 2291 1867 2350 et
1898 2280 2135 2367 Gnido,
2189 2304 2271 2351 ac
2301 2301 2527 2351 eorum

273 2390 595 2459 haeredes
645 2392 846 2459 aliam
879 2392 1315 2460 medietatem.
1364 2394 1720 2477 Propterea
1768 2411 1991 2459 omnes
2038 2389 2282 2459 dictum
2315 2392 2527 2462 Comi-

267 2502 477 2565 tatum
528 2517 755 2584 regere
784 2505 850 2566 et
880 2498 1248 2584 gubernare
1298 2497 1584 2567 debeant
1613 2498 1970 2566 secundum
1999 2498 2208 2566 bonas
2258 2506 2327 2567 et
2364 2500 2526 2566 anti-

272 2623 438 2689 quas
491 2607 994 2677 consuetudines
1044 2606 1253 2694 ipsius
1286 2605 1689 2695 Comitatus;
1738 2627 1821 2674 ac
1870 2604 2260 2674 comitatum
2307 2628 2526 2677 manu-

270 2721 496 2781 tenere
526 2720 594 2782 et
623 2715 964 2784 defensare
1004 2716 1179 2785 bona
1208 2713 1337 2784 fide
1369 2714 1460 2784 ad
1493 2723 1807 2798 nostrum,
1863 2716 2199 2800 nostrique
2232 2714 2524 2785 Commu-

269 2822 376 2888 nis
423 2823 659 2890 Veneti
708 2812 1056 2909 honorem3
1120 2829 1399 2911 excepta
1447 2842 1732 2910 persona
1789 2829 2137 2910 coronata,
2201 2833 2268 2892 et
2317 2826 2525 2913 ipsius

233 2999 238 3005 ,
271 2930 563 3000 exercitu
586 2930 951 2999 manifesto.
976 2931 1254 2999 Nuntios
1274 2938 1491 2998 autem
1512 2941 1772 3000 nostros
1791 2940 1857 2999 et
1875 2931 2254 3000 Communis
2281 2933 2527 3020 Veneti,

269 3057 351 3104 ac
399 3039 630 3125 galeas
679 3049 746 3108 et
782 3040 969 3126 ligna
1015 3042 1363 3124 currentia,
1416 3059 1584 3125 quae
1633 3039 1787 3106 illuc
1835 3060 1954 3124 per
1999 3044 2293 3128 tempora
2342 3041 2526 3108 adire

271 3148 636 3235 contigerit,
671 3147 950 3215 debeant
999 3150 1291 3235 recipere
1325 3150 1707 3230 honorifice,
1757 3156 1823 3215 et
1868 3153 2151 3215 tractare
2200 3147 2520 3235 benigne3

271 3258 570 3325 inimicos
631 3264 848 3324 autem
900 3259 1130 3325 Veneti
1180 3257 1556 3325 Communis
1609 3265 1680 3324 ut
1728 3255 2028 3324 inimicos
2093 3258 2521 3346 reputabunt;

268 3367 516 3434 amicos
547 3386 704 3433 vero
726 3386 844 3453 pro
877 3366 1109 3433 amieis
1141 3366 1491 3434 habebunt.
1522 3367 1602 3432 Et
1635 3384 1765 3432 non
1797 3362 2040 3432 facient
2065 3368 2523 3453 compagniam

272 3495 417 3541 cum
469 3475 598 3542 ullo
637 3475 945 3558 corsario,
997 3475 1101 3541 vel
1133 3475 1509 3542 societatem
1560 3493 1704 3540 cum
1738 3473 2067 3558 aliquibus
2118 3493 2201 3541 ex
2234 3476 2328 3542 eis
2380 3497 2525 3546 con-

271 3582 554 3666 trahent,
604 3583 714 3667 qui
749 3581 1236 3650 derobationem
1268 3581 1745 3668 piraticamque
1782 3589 2179 3668 exercenteS,
2228 3583 2525 3654 homines

271 3687 631 3777 offendunt,
683 3691 788 3757 vel
835 3689 1168 3758 offendere
1215 3690 1591 3776 niterentur,
1645 3689 1789 3758 sive
1838 3690 2008 3758 alios
2054 3690 2523 3779 undecumque,

268 3799 410 3866 sive
442 3798 756 3866 Venetias
787 3798 1145 3885 venientes,
1196 3803 1264 3864 et
1294 3798 1379 3864 de
1414 3798 1705 3865 Venetiis
1739 3797 2098 3866 redeuntes.
2153 3801 2236 3866 Et
2266 3809 2364 3869 est
2406 3804 2524 3871 sci-

271 3905 529 3991 endum,
563 3905 736 3990 quod
768 3926 883 3992 per
917 3905 1159 3974 dictam
1193 3907 1678 3976 concessionem
1718 3907 1923 3993 ipsius
1957 3905 2319 3976 Comitatus
2356 3910 2519 3977 solvi

270 4018 336 4079 et
366 4011 513 4079 dari
554 4014 837 4081 debeant
869 4014 1208 4082 Communi
1242 4016 1636 4083 Venetorum
1666 4014 1878 4082 librae
1920 4023 2288 4101 nongentae
2323 4018 2522 4085 Vene-

268 4127 379 4187 tae
409 4139 678 4208 parvae,
732 4120 815 4188 dc
848 4122 1084 4207 quibus
1133 4123 1322 4208 libris
1357 4126 1489 4193 900
1522 4123 1936 4190 medietatem
1979 4121 2230 4190 solvere
2269 4130 2333 4191 et
2366 4126 2525 4193 dare

269 4228 556 4296 debeant
605 4228 906 4298 dominus
939 4231 1172 4299 Comes
1201 4230 1537 4298 Schinella
1587 4237 1651 4297 et
1683 4229 1801 4297 filii
1830 4233 1972 4298 eius
2005 4251 2084 4298 ac
2115 4252 2335 4300 eorum
2371 4234 2523 4301 hae·

267 4335 479 4425 redes,
514 4339 750 4423 quibus
784 4360 1100 4409 concessa
1131 4348 1232 4408 est
1263 4339 1580 4409 medietas
1615 4338 1773 4406 dicti
1793 4338 2189 4426 Comitatus5
2226 4347 2291 4406 et
2323 4340 2522 4408 aliam

266 4445 686 4514 medietatem
721 4448 977 4516 soluere
1030 4455 1095 4514 et
1128 4447 1287 4518 dare
1320 4448 1601 4515 debeant
1638 4445 1913 4536 predicti
1944 4446 2336 4532 FridericuS,
2372 4451 2525 4517 Bar-

267 4554 678 4624 tholomaeus
699 4562 764 4623 et
794 4554 1032 4641 Gnido,
1071 4564 1137 4623 et
1168 4577 1388 4624 eorum
1408 4556 1744 4641 haeredes,
1779 4556 2011 4640 quibus
2044 4557 2183 4622 alia
2202 4557 2523 4627 medietas

271 4662 637 4734 Comitatus
670 4684 982 4754 concessa
1013 4674 1133 4734 est.
1186 4669 1288 4733 De
1322 4665 1556 4751 quibus
1589 4665 1832 4733 habere
1882 4664 2192 4733 debemus
2224 4684 2341 4731 nos
2371 4668 2524 4736 Dux

358 4801 564 4840 nom.
597 4803 762 4841 nuso.
795 4804 934 4840 ms‘r.
975 4814 1048 4823 —
1088 4803 1229 4838 num.
1269 4796 1332 4833 ιε.
2117 4783 2199 4839 34
