3359 5250
1852 331 1979 408 176

789 537 877 607 ad
909 559 1031 609 nos
1062 542 1380 607 metarum
1430 537 1726 607 ordinem
1775 539 1994 606 taliter
2025 538 2458 608 edisserauit:
2491 540 2716 608 Prima
2752 545 2929 607 meta
2960 537 3054 606 in·

786 647 948 735 cipit
977 649 1064 714 ab
1096 646 1345 714 oriente
1364 645 1551 713 iuxta
1579 644 1845 714 fluuium
1869 646 2194 715 Liscouch
2225 685 2315 696 —
2347 686 2435 698 --
2468 686 2555 698 —
2586 656 2767 717 atam
2797 656 2867 717 et
2899 668 3050 717 con-

785 757 1090 825 terminat
1106 764 1278 825 terre
1308 754 1662 823 eorundem
1682 754 2119 843 predictorum
2141 757 2572 826 vendencium
2599 783 2616 845 ;
2649 757 2887 826 deinde
2906 777 3052 845 pro·

788 865 1079 934 cedendo
1110 885 1229 953 per
1259 864 1537 932 eandem
1568 866 1763 952 viam,
1812 872 1878 933 et
1906 865 2189 934 tenendo
2222 874 2464 935 metam
2498 887 2645 935 cum
2675 866 2943 952 eisdem,
2979 867 3049 931 in

782 972 934 1060 ipsa
964 974 1076 1042 uia
1105 980 1541 1061 peruenerunt
1572 972 1660 1040 ad
1693 971 2016 1060 quendam
2056 974 2354 1060 riuulum,
2408 975 2572 1043 etin
2609 975 2818 1043 riuulo
2865 980 3048 1041 tenet

786 1089 1027 1149 metam
1061 1101 1206 1149 cum
1240 1080 1524 1168 eisdem3
1576 1081 1735 1148 item
1767 1081 2002 1150 deinde
2031 1083 2446 1170 procedendo
2483 1084 2807 1171 superius,
2858 1088 2927 1149 et
2957 1081 3052 1149 di·

783 1189 1066 1258 uidendo
1099 1197 1308 1258 metas
1342 1209 1459 1276 per
1479 1189 1761 1259 riuulum
1793 1191 2232 1279 peruenerunt
2250 1193 2337 1259 ad
2368 1199 2570 1281 caput
2598 1191 2806 1280 ipsius
2830 1189 3049 1275 riuuli,

785 1306 853 1367 et
882 1300 951 1366 in
984 1307 1180 1386 caput
1208 1299 1404 1367 riuuli
1436 1299 1634 1366 habet
1667 1308 1909 1368 metam
1940 1308 2219 1369 terream
2245 1323 2387 1370 cum
2422 1301 2670 1371 eisdem
2697 1324 2714 1387 ;
2754 1302 2911 1368 item
2941 1296 3048 1365 de·

782 1410 935 1476 inde
970 1406 1356 1478 declinendo
1392 1429 1619 1477 versus
1671 1410 2198 1497 septemtrionem
2237 1412 2671 1480 ascenderunt
2700 1409 2790 1477 ad
2819 1408 3049 1476 monti·

781 1518 1018 1602 culum,
1072 1525 1136 1585 et
1168 1515 1258 1584 ibi
1290 1516 1491 1584 habet
1542 1525 1784 1585 metam
1817 1537 1962 1585 cum
1994 1520 2241 1588 eisdem
2269 1546 2285 1608 ;
2343 1520 2583 1588 deinde
2630 1516 3048 1607 procedendo

782 1630 848 1692 et
877 1622 1337 1692 descendendo
1370 1623 1453 1691 de
1484 1625 1834 1693 monticulo
1874 1634 2310 1713 peruenerunt
2340 1648 2543 1712 vsque
2566 1628 2655 1694 ad
2683 1626 3046 1714 predictum

784 1732 1053 1801 fluuium
1081 1733 1444 1826 Liscouch;
1497 1734 1651 1801 item
1686 1735 1926 1803 deinde
1956 1736 2368 1823 procedendo
2407 1735 2682 1804 inferius
2715 1735 2904 1803 iuxta
2935 1735 3047 1802 flu-

784 1843 981 1929 uium,
1033 1842 1181 1930 ipso
1211 1841 1411 1910 fluuio
1445 1842 1652 1910 metas
1703 1844 2052 1913 dividendo
2084 1865 2230 1913 cum
2257 1844 2569 1934 predictis
2612 1852 3046 1933 peruenerunt

784 1971 993 2039 usque
1025 1951 1113 2017 ad
1161 1950 1445 2039 priorem
1479 1957 1759 2040 metam3
1805 1958 1870 2020 et
1900 1954 1997 2021 sic
2027 1954 2479 2022 terminarunt.
2537 1956 2625 2023 Vt
2653 1961 2874 2022 autem
2921 1956 3044 2022 hec

780 2060 850 2127 in
882 2060 1087 2128 nostri
1119 2061 1463 2147 presencia
1493 2060 1674 2128 facta
1705 2061 1797 2128 rei
1829 2062 2033 2131 series
2083 2063 2283 2131 nullis
2317 2083 2601 2149 vnquam
2633 2063 3041 2150 temporibus

782 2169 850 2236 in
880 2168 1130 2236 irritum
1162 2170 1385 2236 valeat
1417 2168 1778 2254 retractari,
1828 2169 2018 2238 salva
2048 2191 2305 2258 semper
2351 2179 2417 2240 et
2446 2169 2851 2239 inuiolabilis
2897 2191 3042 2258 per·

783 2283 1067 2361 maneat,
1100 2284 1440 2364 presentes
1470 2276 1908 2345 concessimus
1940 2278 2199 2348 litteras
2229 2280 2554 2370 dupplicis
2596 2279 2804 2366 sigilli
2834 2280 3043 2347 nostri

783 2383 1138 2452 munimine
1167 2386 1533 2454 roboratas.
1566 2387 1811 2453 Datum
1841 2406 1958 2474 per
1992 2408 2220 2458 manus
2253 2389 2474 2458 dilecti
2505 2395 2571 2456 et
2601 2387 2812 2457 fidelis
2841 2389 3041 2457 Nota-

781 2493 863 2559 rii
912 2493 1120 2560 nostri
1152 2493 1455 2578 Magistri
1487 2494 1845 2582 Benedicti,
1898 2518 2069 2566 anno
2099 2498 2365 2567 Domini
2409 2497 2758 2567 millesimo
2805 2495 3041 2564 ducen-

777 2601 1010 2670 tesimo
1042 2600 1550 2688 quadragesimo
1580 2609 1834 2689 quarto.

926 2802 1022 2867 (Az
1048 2802 1255 2858 eredeti
1281 2800 1411 2858 utan
1437 2803 1645 2858 Frankl
1668 2804 1894 2877 Vilmos,
1918 2806 2099 2860 Huzai
2120 2803 2458 2876 Okmzinytar
2479 2808 2584 2863 ΙΙΙ.
2609 2809 2722 2863 kat.
2752 2810 2803 2864 ’1.
2831 2808 2893 2880 1.)

1644 3120 2169 3133 w-

1836 3617 1984 3687 114.

784 3795 828 3862 I
836 3797 902 3864 V.
932 3797 1112 3866 Incze
1136 3798 1441 3888 pdpdnak
1462 3799 1782 3883 rendelete,
1818 3801 2100 3887 mclylyel
2117 3824 2194 3866 az
2214 3800 2407 3867 elobln·
2422 3802 2699 3868 boszniai
2707 3801 3038 3890 piiepo‘kre,

775 3929 807 3969 s
835 3919 995 3972 most
1024 3931 1105 3972 az.
1143 3908 1499 3975 Domonkos
1526 3910 1717 3975 rende
1743 3914 2077 3990 mester-cire,
2124 3933 2200 3975 az
2226 3914 2396 3996 θρόει
2425 3909 2584 3975 read
2596 3909 2804 3996 faletti
2832 3913 3034 3977 haral-

1550 4029 1683 4083 mat
1709 4017 2009 4082 ruhdzza.
2049 4015 2243 4082 1244.

990 4212 1409 4282 Innocentius
1458 4214 1824 4305 Episcopus
1874 4236 2102 4286 seruus
2147 4236 2478 4287 seruorum
2516 4215 2641 4284 Dei
2671 4217 3037 4287 venerabili

775 4370 790 4387 .
823 4367 840 4386 .
878 4371 891 4387 .
925 4320 1254 4409 Episcopo
1305 4324 1630 4410 quondam
1680 4327 2021 4414 Bosnensi,
2068 4327 2406 4414 Magistro,
2459 4334 2526 4394 et
2570 4325 2829 4395 dilectis
2877 4326 3034 4394 filiis

773 4427 1085 4497 fratribus
1106 4430 1372 4500 Ordinis
1403 4433 1918 4521 Predicatorum,
1951 4436 2229 4504 salutem
2260 4441 2324 4502 et
2356 4436 2808 4523 Apostolicam
2841 4439 3038 4504 bene-

775 4533 1144 4606 dictionem.
1180 4540 1356 4608 Inter
1387 4541 1543 4630 alia,
1577 4544 1812 4629 quibus
1846 4564 1928 4610 ex
1959 4543 2244 4612 iniuncto
2276 4544 2464 4612 nobis
2507 4544 2721 4613 officio
2753 4546 3048 4632 Aposto··

772 4642 947 4712 latus
997 4645 1421 4739 intendimus,
1489 4650 1829 4737 religionis
1880 4650 2080 4721 Sacre
2141 4650 2514 4740 specialiter
2577 4653 3034 4723 desiderantes
