3359 5250
1317 414 1376 419 *ff
1421 322 1547 419 1225

1414 885 1525 954 89.

319 1069 446 1136 IV.
479 1068 649 1135 Βέζα
681 1066 899 1154 kin-aly
930 1065 1067 1133 tabl>
1098 1069 1615 1153 trencsdnmeqyei
1637 1068 2086 1155 vdvy'obbdyyot
2116 1089 2196 1131 az
2228 1066 2426 1133 elb'bbi
2444 1069 2597 1133 azol-

1002 1173 1178 1262 9dlat
1207 1172 1340 1239 al6l
1355 1172 1667 1258 fdmcnn‘.
1702 1176 1892 1240 1243.
2406 1217 2413 1225 -

549 1371 716 1437 Bela
754 1369 881 1436 Dei
930 1369 1159 1455 gracia
1202 1369 1556 1454 Hungarie,
1609 1368 1971 1455 Dalmacie,
2023 1369 2318 1451 Croacie‚
2368 1371 2594 1454 Rame,

320 1478 580 1561 Seruie,
616 1475 918 1561 Gallicie,
953 1475 1338 1544 Lodomerie
1360 1474 1808 1560 Cumanieque
1840 1476 1978 1543 Rex
2016 1474 2319 1544 omnibus
2354 1476 2596 1543 Christi

317 1583 636 1652 fidelibus
687 1591 1058 1671 presentem
1094 1583 1408 1670 pagiuam
1440 1582 1834 1668 inspecturis
1884 1582 2164 1649 salutem
2205 1581 2275 1648 in
2306 1581 2590 1650 omnium

317 1693 689 1760 Saluatore.
726 1692 1243 1780 circumspeccio
1263 1694 1516 1775 Regum
1547 1691 1828 1778 prouida
1857 1711 2121 1760 suorum
2140 1690 2428 1757 fidelium
2452 1710 2585 1757 ser-

315 1800 517 1885 uiciJs
552 1806 743 1884 grato
778 1799 974 1868 debet
1006 1819 1341 1867 occurrere
1373 1797 1646 1886 premi0,
1691 1806 1762 1866 ut
1792 1799 1908 1885 alij
1942 1798 2027 1865 ad
2060 1799 2433 1866 exhibenda
2464 1797 2591 1865 sibi

314 1906 608 1974 seruicia
638 1913 704 1972 et
733 1904 1119 1974 fidelitatem
1168 1906 1677 1994 impendendam
1707 1906 1946 1974 sorcius
1993 1905 2368 1974 inuitentur.
2421 1906 2587 1970 Hinc

316 2019 419 2081 est
451 2032 637 2098 ergo,
666 2012 841 2096 quod
870 2018 1005 2080 tam
1035 2013 1445 2101 presentibus
1479 2035 1674 2100 quam
1706 2016 1986 2101 posteris
2035 2016 2264 2081 harum
2304 2013 2587 2080 insinua-

315 2120 512 2187 cione
548 2117 982 2204 declaramus,
1033 2119 1208 2202 quod
1239 2142 1358 2189 nos
1388 2120 1648 2209 Newer,
1682 2120 1888 2207 Buda,
1922 2121 2221 2206 Orcirad,
2255 2121 2583 2205 Raschoh,

309 2230 562 2300 Radila
594 2226 679 2316 {et
709 2229 1092 2313 Damaslou,
1145 2228 1436 2298 homines
1485 2230 1701 2297 Castri
1730 2229 2259 2299 Trenchiniensis
2312 2227 2395 2295 de
2424 2228 2584 2294 villa

311 2337 646 2405 Wetislou
680 2336 962 2420 nomine,
1016 2337 1128 2419 qui
1165 2337 1357 2404 nobis
1388 2336 1456 2403 in
1488 2337 1741 2406 cabatis
1789 2338 2039 2407 seruire
2089 2341 2582 2421 consueuerant,

311 2466 434 2533 pro
467 2464 574 2527 eo,
611 2441 786 2528 qnod
816 2442 1019 2528 ijdem
1069 2450 1362 2530 tempore
1391 2445 1872 2531 persecucionis
1902 2447 2328 2511 Tartarorum
2368 2462 2585 2528 perso·

312 2572 439 2620 nas
471 2559 540 2619 et
572 2569 680 2617 res
712 2551 780 2615 in
833 2549 1299 2617 obseruacione
1328 2558 1527 2618 castri
1559 2551 1900 2619 Trenchen
1952 2570 2278 2640 exponere
2316 2549 2584 2617 nullate-

314 2682 438 2728 nus
468 2659 881 2744 dubitarunt,
940 2663 1004 2723 et
1042 2658 1234 2725 nobis
1287 2657 1370 2724 de
1427 2659 1771 2726 maritimis
1823 2658 2293 2726 reuertentibus
2325 2658 2579 2742 armati,

312 2779 386 2839 ut
416 2769 720 2851 decebat,
757 2767 823 2831 in
846 2764 1139 2830 exercitu
1169 2772 1396 2832 contra
1414 2767 1664 2832 Ducem
1682 2766 1944 2834 Austrie
1974 2766 2203 2833 habito
2230 2763 2579 2832 seruicium

311 2877 752 2945 exhibuerunt
782 2879 1039 2958 gratum
1072 2878 1137 2938 et
1169 2880 1548 2959 acceptum;
1600 2894 1721 2960 pro
1756 2894 1833 2942 eo
1868 2875 2095 2958 eciam,
2145 2870 2317 2956 quod
2350 2871 2417 2938 in
2448 2892 2578 2938 ma-

307 2987 464 3053 ioris
496 2980 839 3049 fidelitatis
894 2986 1351 3064 argumentum
1383 2981 1574 3049 nobis
1625 2989 1691 3049 et
1722 2985 1973 3052 Corone
2006 2982 2215 3066 Regie
2265 3001 2337 3047 se
2378 2978 2578 3047 serui·

310 3102 494 3161 turos
526 3092 598 3156 in
633 3088 833 3156 armis
887 3086 1279 3156 militaribus
1311 3098 1828 3177 assumpserunt,
1880 3091 2060 3176 ipsos
2090 3089 2157 3155 in
2180 3088 2575 3175 jobagiones

309 3197 539 3267 Sancti
571 3193 775 3279 Regis
808 3191 1027 3260 Oastri
1080 3194 1373 3262 eiusdem
1403 3196 1748 3262 simulcum
1796 3193 2194 3262 hereditaria
2225 3213 2349 3260 sua
2394 3192 2576 3260 duxi·

309 3326 456 3374 mus
490 3309 811 3389 perpetuo
844 3301 1354 3371 transferendos.
1404 3304 1526 3390 Ita,
1561 3309 1630 3369 ut
1662 3301 1746 3369 de
1779 3309 1995 3371 cetero
2025 3310 2161 3369 tam
2190 3301 2342 3390 ipsi,
2377 3321 2572 3386 quam

309 3432 540 3484 eorum
572 3428 983 3479 successores
1016 3409 1184 3475 inter
1202 3410 1600 3495 jobagiones
1622 3408 1839 3479 Castri
1870 3409 2209 3479 memorati
2247 3415 2574 3496 computa-

308 3523 480 3591 biles
504 3523 650 3589 sine
680 3516 1205 3586 contradiccione
1226 3518 1611 3605 habeantur,
1649 3539 1774 3587 nec
1799 3519 1915 3586 ulli
1936 3537 2216 3604 unquam
2235 3518 2571 3584 hominum

305 3630 576 3697 racione
607 3624 1011 3694 condicionis
1041 3626 1314 3711 pristine
1336 3632 1682 3694 teneantur
1713 3628 2127 3710 aliquatenus
2146 3624 2566 3711 respondere.

303 3739 388 3805 Et
415 3757 503 3803 ne
555 3733 749 3801 huius
799 3751 1110 3800 concesse
1159 3731 1486 3800 libertatis
1539 3739 1749 3800 status
1781 3732 1849 3799 in
1888 3740 2217 3819 posterum
2270 3735 2465 3814 queat
2502 3728 2567 3795 in

303 3844 560 3910 irritum
579 3838 880 3907 reuocari
912 3838 1020 3904 uel
1042 3837 1454 3921 aliquatenus
1485 3839 1850 3923 retractari,
1884 3836 1973 3904 ad
1998 3837 2140 3905 eius
2171 3837 2420 3905 firmam
2441 3848 2567 3906 sta-

301 3950 630 4019 bilitatem
676 3944 934 4013 litteras
966 3950 1228 4012 nostras
1278 3947 1725 4015 concessimus
1755 3944 2082 4034 dupplicis
2128 3943 2332 4029 sigilli
2362 3947 2568 4014 nostri

298 4054 659 4125 munimine
691 4051 1055 4119 roboratas.
1091 4049 1282 4121 Anno
1301 4053 1528 4138 gracie
1553 4051 1900 4120 millesimo
1936 4049 2379 4121 ducentesimo
2411 4072 2566 4139 qua-

299 4162 679 4247 dragesimo
733 4158 935 4227 tercio
966 4157 1119 4225 IIII.
1154 4179 1364 4228 nonas
1396 4158 1595 4245 Junii,
1648 4159 1861 4244 Regni
1893 4168 2113 4226 autem
2158 4156 2364 4225 nostri
2394 4178 2566 4227 anno

293 4278 557 4338 octauo.

289 4416 382 4481 (V.
411 4411 604 4467 Intvan
629 4409 926 4480 kirtly-mk
954 4414 1178 4464 12⁷2-ki
1198 4409 1525 4479 mogerssaiw
1543 4409 2018 4481 privilegiumabol
2035 4426 2071 4464 a
2088 4409 2235 4462 molt.
2252 4406 2388 4463 baro
2409 4411 2538 4462 Med

971 4500 1239 4570 nyanszki
1265 4500 1451 4555 csalffl
1477 4499 1894 4572 leveltaraban.)
