3359 5250
1370 313 1505 382 566

306 515 666 602 cupienteS,
720 532 868 580 cum
918 511 1004 578 ad
1055 511 1316 580 ultimos
1365 513 1528 580 fines
1580 510 1850 580 Brussie
1900 510 2412 594 devenissemus,
2471 505 2566 575 rei

305 620 670 689 dedicimus
701 620 1062 706 veritatem,
1097 616 1273 700 quod
1303 640 1527 687 omnes
1560 619 1893 705 Thartari,
1928 620 2039 705 qui
2077 618 2284 686 eciam
2319 615 2565 703 Vngari

310 729 562 817 pagani
591 735 925 812 vocantur,
960 734 1027 794 et
1047 728 1339 814 Bulgari,
1373 734 1438 795 et
1469 729 1700 815 Regna
1738 747 1936 811 quam
1960 727 2261 815 plurima,
2296 726 2567 793 aThar-

305 839 471 907 taris
509 835 770 924 penitus
819 841 972 903 sunt
1001 835 1367 903 devastata.
1420 834 1593 913 Quid
1625 846 1844 904 autem
1875 836 2003 904 sint
2031 835 2343 904 Thartari
2367 836 2401 902 *Ρ
2455 852 2564 897 cu-

303 948 494 1014 iusve
524 950 702 1013 secte
733 945 917 1012 sint?
966 950 1163 1032 prout
1193 944 1424 1013 melius
1457 946 1784 1032 potuimus
1817 944 2063 1013 directe
2095 943 2299 1012 Vobis
2341 949 2566 1009 tenore

303 1053 709 1137 presentium
730 1051 1201 1120 enarrabimus,
1235 1052 1539 1119 Relatum
1574 1059 1675 1120 est
1695 1053 1852 1120 mihi
1885 1073 1927 1120 a
1946 1051 2358 1138 quibusdam,
2390 1046 2566 1135 quod

303 1160 612 1229 Thartari
643 1159 1100 1228 inhabitabant
1133 1168 1373 1228 terram
1400 1162 1607 1248 ptine,
1641 1182 1840 1246 quam
1872 1182 2043 1230 nunc
2076 1159 2353 1229 Cumani
2380 1157 2564 1226 inha-

302 1269 543 1353 bitant,
594 1277 662 1336 et
692 1267 996 1335 dicuntur
1026 1268 1093 1334 in
1125 1268 1402 1336 veritate
1433 1269 1550 1337 filii
1584 1270 1977 1355 Ysmahelis,
2031 1270 2204 1338 unde
2237 1275 2303 1336 et
2332 1267 2566 1334 Ysma·

303 1376 507 1445 helite
539 1377 763 1446 volunt
809 1395 981 1443 nunc
1011 1376 1319 1444 Thartari
1352 1379 1739 1465 nuncupari.
1791 1381 1998 1445 Terra
2027 1384 2268 1461 autem,
2324 1374 2409 1443 de
2439 1393 2569 1460 qua

305 1484 490 1571 prius
521 1491 672 1551 sunt
693 1482 969 1569 egressi,
992 1484 1193 1551 Gotta
1212 1490 1501 1571 vocatur,
1532 1503 1730 1570 quam
1751 1485 1981 1553 Ruben
2002 1485 2267 1554 Gottam
2286 1480 2567 1553 vocavit.

305 1594 601 1660 Primum
632 1597 852 1660 autem
881 1591 1127 1658 bellum
1147 1589 1615 1662 Thartarorum
1650 1592 1748 1659 sic
1781 1599 1883 1660 est
1901 1593 2312 1661 inchoatum:
2345 1588 2568 1656 Domi·

305 1721 434 1769 nus
467 1708 608 1767 erat
638 1701 704 1766 in
734 1705 911 1767 terra
935 1698 1157 1787 Gotta,
1191 1701 1555 1786 Gurgatam
1587 1703 1868 1787 nomine,
1903 1702 2016 1787 qui
2049 1719 2337 1770 sororem
2370 1698 2568 1765 habe·

305 1811 429 1877 bat
459 1809 801 1896 virginem,
853 1807 1238 1897 parentibus
1290 1807 1610 1875 defunctis
1645 1829 1763 1877 sue
1812 1810 2062 1877 familie
2101 1808 2564 1897 presidentem,

309 1926 379 1987 et
409 1938 587 1987 more
628 1918 824 2003 virili,
861 1925 932 1986 ut
961 1917 1216 2002 dicitur,
1248 1937 1318 1985 se
1351 1925 1710 2004 gerentem.
1749 1918 2192 2006 Expugnabat
2222 1914 2569 2002 quemdam

309 2028 561 2094 Ducem
613 2026 896 2095 vicinum
919 2077 938 2111 ,
989 2032 1057 2093 et
1105 2026 1381 2093 eundem
1430 2025 1568 2093 suis
1618 2026 1973 2113 spoliabat.
2031 2024 2298 2112 Elapsis
2348 2031 2567 2091 autem

309 2134 706 2220 quibusdam
726 2134 981 2219 diebus,
1014 2153 1159 2201 cum
1179 2134 1431 2201 Ducem
1463 2132 1693 2201 iterum
1716 2134 2079 2221 predictum
2101 2134 2568 2201 Thartarorum

307 2243 597 2327 natione,
632 2240 802 2309 sicut
832 2245 1282 2320 consueverat,
1315 2259 1693 2327 expugnare
1725 2241 2075 2327 niteretur3
2120 2240 2232 2307 ille
2262 2238 2393 2306 sibi
2424 2258 2567 2327 pre-

311 2367 575 2434 cavens,
628 2347 976 2417 commisso
1009 2347 1185 2417 bello
1227 2367 1372 2415 cum
1425 2347 1647 2435 puella
1692 2347 2074 2436 supradicta
2123 2344 2453 2434 prevaluit
2503 2345 2571 2414 in

310 2476 559 2545 pugna,
591 2461 657 2522 et
694 2474 862 2540 eam,
913 2474 1108 2540 quam
1147 2454 1327 2541 prius
1378 2455 1612 2523 habuit
1659 2456 2132 2541 adversariam,
2184 2454 2564 2542 captivavit,

310 2583 754 2651 conversoque
803 2563 871 2631 in
903 2563 1128 2650 fugam
1163 2583 1282 2632 suo
1316 2564 1628 2650 exercitu,
1684 2565 1897 2654 ipsam
1930 2566 1996 2633 in
2030 2564 2418 2653 captivitate
2454 2586 2570 2652 po-

308 2676 507 2742 sitam
539 2672 831 2759 violavit,
874 2671 1037 2740 etin
1075 2674 1335 2759 signum
1369 2674 1638 2743 maioris
1677 2674 1984 2760 vindicte,
2020 2674 2403 2742 defloratam
2436 2674 2570 2739 iam

309 2782 589 2870 turpiter
616 2781 988 2850 decollavit.
1022 2782 1168 2862 Quo
1200 2782 1426 2851 andito
1458 2782 1661 2851 frater
1687 2783 1910 2870 puelle
1940 2789 2297 2851 memorate
2317 2784 2569 2867 Garga-

309 2897 446 2958 tam
498 2889 911 2979 supradictus
960 2892 1135 2978 Dux,
1189 2892 1416 2959 nuntio
1466 2891 1552 2960 ad
1606 2891 1931 2979 prefatum
1982 2892 2191 2959 virum
2239 2891 2571 2976 delegato,

310 3000 446 3067 tale
479 3000 681 3067 fertur
711 2998 1090 3065 mandatum
1111 2999 1632 3068 transmississe:
1671 3000 2035 3086 „Intellexi,
2072 3000 2247 3083 quod
2279 3017 2571 3067 sororem

312 3127 526 3176 meam
577 3111 836 3194 captam
869 3111 936 3172 et
984 3106 1364 3175 defloratam
1411 3107 1792 3194 decollasti3
1845 3107 2129 3192 noveris,
2179 3106 2353 3193 quod
2405 3125 2570 3193 opus

313 3214 472 3282 mihi
507 3214 905 3282 contrarium
938 3215 1237 3301 exegisti.
1272 3215 1340 3283 Si
1373 3237 1557 3285 soror
1581 3237 1728 3284 mea
1758 3216 1878 3283 tibi
1907 3215 2184 3285 forsitan
2205 3215 2326 3284 fuit
2357 3214 2568 3298 inqui-

316 3329 446 3409 eta,
481 3321 959 3410 dampnificans
991 3330 1057 3390 te
1087 3323 1156 3390 in
1186 3324 1383 3391 rebus
1416 3324 1788 3411 mobilibus,
1829 3331 2098 3413 poteras
2132 3325 2221 3392 ad
2252 3345 2357 3392 me
2387 3343 2571 3391 acce—

310 3432 489 3518 dere,
545 3453 778 3517 equum
814 3433 895 3499 de
928 3453 1009 3500 ea
1039 3432 1353 3501 iudicium
1384 3434 1744 3522 petiturus;
1798 3438 1926 3522 vel,
1974 3435 2034 3503 si
2066 3435 2296 3504 volens
2326 3442 2392 3503 te
2421 3454 2571 3523 pro-

310 3541 474 3628 priis
526 3542 830 3609 manibus
863 3541 1217 3626 vindicare,
1269 3542 1665 3611 debellatam
1716 3544 2072 3632 captivasti
2113 3554 2179 3612 et
2210 3542 2572 3628 deflorati,

311 3648 549 3717 ducere
581 3668 727 3716 eam
759 3657 1021 3737 poteras
1053 3650 1121 3716 in
1153 3669 1442 3720 uxorem.
1495 3652 1565 3719 Si
1597 3659 1819 3720 autem
1852 3673 1999 3720 eam
2052 3652 2393 3722 occidendi
2424 3672 2572 3740 pro-

312 3758 601 3846 positum
631 3757 944 3842 habuisti,
994 3758 1373 3826 nullatenus
1424 3758 1749 3828 debueras
1791 3780 1934 3828 eam
1993 3759 2332 3830 deflorare.
2384 3760 2576 3827 Nunc

313 3865 567 3933 veroin
615 3865 870 3932 duobus
924 3864 1371 3953 damnificans,
1425 3875 1492 3934 et
1520 3867 1828 3953 virginali
1866 3869 2181 3956 pudicitie
2220 3867 2569 3957 turpitudi-

315 3994 466 4040 nem
512 3973 831 4058 intulisti,
884 3979 947 4039 et
979 3974 1248 4061 capitali
1301 3995 1446 4042 eam
1497 3983 1706 4042 morte
1753 3978 2214 4046 miserabiliter
2266 3977 2573 4046 condem-

311 4081 551 4168 pnasti.
585 4084 860 4168 Propter
879 4082 1051 4166 quod
1083 4083 1151 4149 in
1173 4083 1528 4152 vindictam
1562 4084 1742 4152 necis
1773 4088 1989 4174 puelle
2022 4086 2355 4155 nominate
2377 4087 2574 4168 scias,

311 4209 414 4257 me
435 4198 648 4259 tecum
681 4191 835 4258 totis
860 4191 1106 4259 viribus
1139 4189 1708 4279 congressurum.“
1746 4196 1887 4263 Hoc
1908 4194 2184 4262 audiens
2205 4196 2358 4261 Dux
2389 4195 2571 4260 necis

310 4307 741 4387 perpetrator,
796 4306 862 4366 et
891 4298 1146 4385 videns,
1182 4321 1253 4369 se
1284 4323 1414 4370 non
1447 4323 1646 4389 posse
1674 4305 2002 4388 resistere,
2052 4304 2221 4388 fugit
2253 4324 2400 4371 cum
2433 4304 2571 4370 suis

221 4433 232 4441 ·
310 4408 399 4474 ad
428 4408 785 4476 Soldanum
817 4408 901 4475 de
932 4409 1215 4496 Ornach,
1264 4417 1443 4478 terra
1473 4411 1747 4499 propria
1779 4411 2114 4480 derelicta.
2168 4412 2311 4479 Hiis
2345 4412 2571 4497 itaque

310 4518 516 4603 gestis
550 4526 693 4585 erat
724 4518 874 4586 Dux
905 4517 1171 4604 quidam
1202 4520 1268 4586 in
1304 4526 1478 4587 terra
1509 4521 1970 4605 Cumanorum,
2022 4520 2288 4589 nomine
2320 4518 2568 4606 Vithut,

315 4628 500 4700 cuius
533 4626 763 4696 divitie
792 4633 936 4695 tam
965 4628 1266 4715 preclare
1302 4628 1745 4716 predicantur,
1795 4626 1970 4714 quod
2002 4627 2202 4698 etiam
2232 4647 2476 4716 pecora
2509 4629 2577 4698 in
