3359 5250
1831 348 1957 412 100

762 541 1247 628 possessionem
1282 542 1822 628 predecessorum
1871 544 2162 631 ipsorum
2191 543 2652 611 hereditariam
2682 541 3024 630 prffuisse,

759 655 826 717 et
856 649 1286 717 instrumenta
1317 649 1635 716 litteralia
1666 670 1867 737 super
1896 651 2047 737 ipsa
2076 653 2499 738 possessione
2529 658 2840 718 emanata
2869 652 3026 717 ami-

759 756 930 824 sisse
961 755 1401 842 affirmabant,
1445 764 1636 842 prout
1667 758 1877 824 eciam
1908 761 1992 825 ab
2031 758 2331 825 omnibus
2363 756 2828 826 commetaneis
2859 757 3026 826 eius-

761 864 916 931 dem
966 864 1407 951 possessionis
1437 865 1939 950 circumquaque
1976 866 2403 934 existentibus
2434 868 2616 933 iuxta
2645 865 3023 933 fidelitatem

758 974 1049 1059 ipsorum
1095 972 1286 1039 nobis
1340 970 1632 1039 debitam
1685 973 1806 1039 hec
1852 974 1992 1041 fore
2041 974 2428 1041 resciuimus
2448 1024 2466 1058 ,
2534 974 2877 1040 restituere
2925 971 3020 1039 di·

768 1100 1140 1166 gnaremur.
1173 1080 1311 1148 Nos
1333 1079 1659 1164 siquidem
1677 1079 1869 1147 iustis
1888 1088 1954 1148 et
1982 1083 2292 1165 legitimis
2327 1081 2857 1165 admissioneque
2876 1099 3022 1146 con-

756 1188 978 1273 dignis
1027 1188 1465 1276 peticionibus
1516 1198 1580 1255 et
1610 1187 1954 1274 instancijs
1985 1210 2064 1256 ae
2102 1191 2697 1277 supplicacionibus
2727 1190 3016 1276 ipsorum

757 1296 1114 1380 Samsonis,
1166 1296 1431 1380 Georgi,
1483 1295 1643 1360 Wlk
1673 1302 1740 1362 et
1769 1295 2086 1380 chhete,
2121 1316 2239 1382 per
2270 1317 2547 1381 quorum
2578 1299 2787 1364 eciam
2819 1296 3019 1361 serui·

758 1402 863 1471 cia
913 1403 1136 1471 fidelia
1180 1402 1369 1470 nobis
1419 1408 1484 1469 et
1533 1399 1887 1470 Colomano
1939 1403 2107 1469 Duci
2157 1403 2347 1471 fratri
2395 1411 2618 1471 nostro
2666 1403 3017 1471 karissimo

762 1519 954 1596 grata
985 1517 1052 1577 et
1080 1508 1434 1593 laudanda,
1459 1528 1764 1595 suprema
1783 1509 2219 1578 sollicitudine
2235 1531 2355 1597 per
2375 1512 2555 1598 ipsos
2580 1511 2890 1594 exhibita,
2911 1531 3021 1578 no-

756 1629 891 1685 ster
920 1616 1168 1701 Regius
1199 1618 1456 1684 animus
1490 1617 1827 1684 mitissime
1868 1618 2257 1704 conquieuit,
2310 1618 2537 1687 fauore
2569 1617 2789 1686 debito
2836 1618 3018 1685 incli-

752 1728 913 1810 nati,
965 1734 1031 1794 et
1059 1726 1364 1813 precipue
1395 1724 1484 1792 ad
1514 1724 1901 1810 peticionem
1954 1724 2245 1793 eiusdem
2276 1724 2616 1794 Colomani
2647 1726 2854 1792 Ducis
2891 1725 3016 1791 fra·

752 1833 872 1899 tris
936 1834 1145 1901 nostri
1189 1833 1563 1912 karissimi,
1626 1832 1985 1918 predictam
2052 1834 2536 1919 possessionem
2602 1833 3014 1920 Superiorem

751 1940 1013 2008 Zdench
1046 1948 1365 2029 uocatam,
1397 1960 1542 2007 cum
1575 1940 1878 2008 omnibus
1908 1940 2043 2007 suis
2075 1940 2489 2025 utilitatibus,
2536 1940 2789 2009 scilicet
2819 1940 3011 2007 terris

756 2048 1137 2131 arabilibus,
1172 2051 1375 2134 agris,
1406 2048 1630 2134 pratis,
1663 2046 1998 2132 fenilibus,
2047 2047 2436 2126 nemoribus,
2471 2055 2538 2114 et
2569 2048 2722 2132 alijs
2753 2047 3011 2131 quibus·

746 2154 909 2223 libet
958 2156 1044 2222 ad
1092 2157 1371 2223 eandem
1419 2155 1847 2242 pertinencijs
1868 2205 1886 2238 ,
1932 2155 2054 2220 sub
2108 2155 2299 2221 metis
2350 2162 2416 2221 et
2462 2155 2758 2223 terminis
2804 2154 3007 2223 infra-

748 2264 1027 2350 scriptis,
1060 2263 1373 2330 indicium
1417 2270 1642 2330 nostre
1671 2261 1913 2345 gracie,
1947 2262 2325 2329 dileccionis
2366 2262 2611 2348 pariter
2643 2267 2708 2328 et
2739 2261 3003 2345 fauoris,

751 2369 1051 2457 ampliori
1102 2369 1331 2436 fauore
1377 2369 1581 2456 Regio
1616 2368 2040 2452 benignitatis
2090 2368 2377 2455 ipsorum
2409 2368 2718 2436 uirtuosis
2750 2367 3006 2435 actibus

745 2483 812 2544 et
841 2476 1295 2560 obsequiorum
1329 2475 1575 2543 meritis
1609 2477 1912 2561 gratuitis
1966 2476 2380 2561 exigentibus
2411 2475 2478 2541 in
2510 2482 2706 2541 antea
2740 2472 3002 2542 eosdem

744 2584 1051 2671 prosequi
1100 2584 1503 2652 intendimus
1552 2589 1617 2652 et
1663 2582 1993 2670 amplecti,
2034 2583 2441 2652 continentes
2473 2590 2540 2651 et
2578 2582 3002 2667 designantes

746 2692 994 2758 eisdem
1038 2693 1335 2776 Samson,
1368 2691 1675 2777 Georgio,
1723 2690 1878 2757 Wlk
1911 2699 1977 2758 et
2006 2691 2300 2759 chhete
2330 2693 2488 2776 filijs
2523 2691 2606 2757 de
2636 2691 2999 2773 Deuecher,

742 2804 809 2864 et
838 2817 957 2884 per
985 2798 1166 2884 ipsos
1215 2799 1505 2884 ipsorum
1556 2797 1905 2865 heredibus
1954 2798 2095 2864 iure
2132 2805 2450 2885 perpetuo
2483 2796 2855 2864 habendam
2883 2817 3001 2883 pa-

741 2902 900 2970 riter
929 2909 996 2969 et
1024 2902 1488 2988 possidendam
1526 2903 1831 2970 duximus
1882 2901 2364 2970 concedendam
2396 2922 2476 2968 ac
2506 2900 2998 2970 restituendam.

742 3008 939 3077 Cuius
989 3010 1250 3093 quidem
1299 3010 1592 3097 predicte
1621 3009 2078 3095 possessionis,
2119 3019 2314 3095 prout
2345 3008 2628 3077 uidimus
2661 3009 2731 3075 in
2757 3007 2999 3076 litteris

748 3116 1034 3202 Capituli
1054 3117 1497 3201 Chazmensis‚
1517 3121 1690 3183 mete
1710 3121 1921 3182 erecte
1939 3115 2035 3181 sic
2065 3116 2501 3199 distinguntur
2524 3138 2540 3180 ε
2573 3115 2763 3195 Quod
2781 3117 2998 3201 prima

740 3232 916 3291 meta
945 3224 1174 3311 incipit
1197 3225 1264 3291 in
1295 3224 1577 3310 quodam
1606 3221 1812 3307 riwlo,
1867 3221 1976 3288 ubi
2007 3222 2153 3308 ipse
2190 3222 2412 3289 riwlus
2443 3223 2625 3289 cadit
2652 3222 2722 3288 in
2753 3241 2992 3306 aquam

735 3329 1038 3396 Ezdench
1092 3337 1391 3397 uocatam
1439 3330 1620 3395 iuxta
1668 3331 2150 3415 possessionem
2185 3330 2484 3415 Magistri
2523 3331 2710 3414 Moys
2740 3327 2993 3396 Judicis

735 3435 928 3503 Curie
956 3442 1179 3503 nostre
1227 3435 1605 3502 Inferiorem
1652 3436 1916 3502 Zdench
1968 3446 2266 3502 uocatam
2298 3457 2343 3503 a
2379 3444 2565 3522 parte
2613 3434 2989 3519 occidentis,

735 3552 801 3611 et
849 3563 966 3627 per
1014 3543 1289 3609 eundem
1339 3543 1617 3609 riuulum
1648 3543 1944 3628 procedit
1988 3563 2188 3629 supra
2218 3544 2307 3609 ad
2336 3542 2888 3630 septemtrionem,
2925 3554 2991 3610 et

731 3652 1030 3736 peruenit
1057 3651 1147 3718 ad
1174 3651 1438 3718 fluuium
1468 3650 1842 3718 Melichnek
1885 3657 2344 3737 nuncupatum,
2380 3660 2445 3717 et
2474 3651 2687 3736 ipsum
2719 3651 2988 3717 fluuium

729 3757 1079 3843 prosiliens
1110 3759 1407 3846 peruenit
1439 3759 1522 3825 ad
1555 3759 1851 3825 arborem
1893 3773 2175 3845 yerttgyan
2206 3779 2396 3826 cruce
2426 3759 2756 3844 signatam
2789 3766 2988 3825 meta·

727 3883 854 3948 que
886 3874 1098 3933 terrea
1127 3867 1618 3949 circumfusam3
1671 3867 1911 3933 abhinc
1955 3868 2248 3953 procedit
2276 3867 2462 3933 iuxta
2492 3873 2703 3934 metas
2729 3885 2985 3952 posses·

727 3973 929 4039 sionis
977 3974 1251 4060 predicti
1284 3975 1583 4058 Magistri
1620 3976 1826 4058 Moys,
1886 3981 1952 4040 et
1981 3976 2281 4059 peruenit
2311 3976 2396 4041 ad
2429 3986 2628 4061 caput
2657 3974 2840 4058 fluuij
2873 3996 2985 4044 no·

725 4079 901 4145 mine
928 4081 1228 4164 Raduan,
1263 4088 1330 4147 et
1360 4101 1476 4167 per
1505 4081 1719 4165 ipsum
1752 4080 2018 4147 fluuium
2039 4081 2335 4165 procedit
2365 4081 2535 4147 infra
2565 4101 2796 4147 uersus
2818 4082 2984 4149 occi-

723 4185 982 4253 dentem
1036 4188 1125 4255 ad
1171 4207 1411 4272 aquam
1461 4185 1747 4253 Chazma
1782 4225 1859 4235 —
1895 4224 1982 4235 —
2017 4223 2104 4236 —-
2139 4224 2220 4234 —
2253 4207 2369 4273 per
2417 4187 2691 4253 eandem
2738 4206 2983 4270 aquam

722 4296 994 4362 uertitur
1011 4315 1211 4381 supra
1230 4293 1319 4362 ad
1339 4304 1589 4379 partem
1615 4296 1886 4363 orientis
1906 4330 1995 4342 —
2013 4330 2103 4342 ——
2123 4331 2210 4341 —
2233 4303 2431 4379 caput
2450 4295 2745 4362 eiusdem
2768 4314 2939 4379 aque
2961 4321 2978 4380 ς

720 4401 960 4469 abhinc
989 4405 1125 4471 exit
1153 4409 1219 4471 et
1248 4402 1539 4488 procedit
1575 4421 1779 4488 supra
1814 4438 2380 4450 —————
2408 4402 2847 4489 possessionis
2889 4402 2982 4467 ad

722 4509 1036 4576 celarium
1064 4516 1287 4579 nostre
1305 4508 1669 4579 Maiestatis
1715 4545 1792 4556 -
1829 4544 1918 4556 —
1953 4546 2030 4557 —
2071 4545 2158 4555 —
2193 4515 2439 4595 uocate,
2477 4516 2542 4576 et
2572 4508 2869 4596 peruenit
2889 4508 2983 4574 ad

720 4622 918 4700 caput
948 4616 1156 4685 minor
1189 4654 1267 4665 —
1307 4652 1385 4663 —
1424 4651 1508 4663 —
1542 4616 1673 4699 ati;
1727 4615 1879 4681 inde
1927 4635 2044 4700 per
2073 4615 2349 4711 eundem
2382 4616 2650 4683 fluuium
2679 4615 2983 4702 procedit
