3359 5250
1793 373 1924 443 390

728 595 851 663 pus
881 575 1299 662 Syrmiensis,
1353 571 1698 643 attendens
1753 576 1945 660 grata
1974 576 2043 638 et
2088 576 2363 659 accepta
2414 569 2683 639 servitia
2732 569 2865 636 sibi
2913 576 2978 634 et

729 683 1087 770 Syrmiensi
1137 683 1431 753 Ecclesie
1481 705 1524 752 a
1558 686 1626 751 te
1673 685 1995 771 impensa,
2047 701 2167 749 nec
2212 701 2341 748 non
2392 687 2457 748 et
2506 701 2703 765 quam
2753 680 2977 767 plures

729 793 991 861 labores
1013 844 1032 878 ,
1083 812 1249 878 quos
1299 812 1417 880 pro
1465 794 1610 879 ipso
1659 799 1728 860 et
1777 792 2009 860 cadem
2057 789 2356 858 Ecclesia
2404 789 2663 858 subiisti
2683 842 2700 873 ,
2747 787 2978 855 villam

733 901 1082 987 quamdam
1114 901 1308 969 sitam
1359 902 1427 969 in
1459 902 1721 987 Zlacho,
1775 920 1899 989 que
1931 901 2091 968 villa
2124 902 2383 969 Drasch
2429 898 2788 985 vulgariter
2818 916 2975 963 nun·

731 1016 1024 1097 cupatur,
1058 1012 1197 1096 tibi,
1232 1017 1421 1099 prout
1463 1012 1793 1100 sperabat,
1846 1010 1934 1077 ad
1970 1030 2115 1078 eum
2155 1012 2257 1078 sui
2292 1010 2574 1097 Capituli
2625 1005 2979 1076 accedente

732 1139 1072 1205 consensu,
1104 1119 1384 1208 provida
1415 1120 1888 1189 deliberatione
1920 1119 2334 1204 concesserit,
2385 1141 2428 1186 a
2462 1129 2526 1187 te
2558 1117 2772 1203 quoad
2803 1118 2981 1183 vixe-

735 1228 825 1297 ris
856 1227 1342 1318 possidendam,
1394 1229 1563 1298 sicut
1595 1232 1661 1298 in
1693 1229 1900 1317 ipsius
1948 1228 2179 1297 litteris
2214 1227 2523 1297 confectis
2573 1232 2808 1293 extunc
2850 1224 2983 1309 ple·

734 1337 882 1406 nius
914 1337 1293 1405 continetur.
1345 1338 1483 1404 Nos
1518 1337 1645 1405 tuis
1678 1336 2276 1426 supplicationibus
2325 1335 2636 1421 inclinati,
2687 1333 2862 1418 quod
2894 1333 2981 1399 ab

734 1445 981 1513 eisdem
1011 1446 1339 1534 Episcopo
1391 1455 1457 1513 et
1488 1445 1792 1534 Capitulo
1824 1466 2019 1534 super
2072 1448 2194 1513 hoc
2246 1444 2515 1530 provide
2567 1444 2809 1510 factum
2862 1448 2980 1527 est,

735 1559 947 1622 ratum
994 1554 1314 1623 habentes
1350 1561 1415 1622 et
1448 1560 1725 1640 gratum,
1780 1555 1848 1622 id
1897 1556 2287 1624 auctoritate
2323 1554 2702 1641 Apostolica
2754 1552 2980 1620 confir·

734 1682 987 1731 mamus
1018 1670 1083 1730 et
1114 1662 1434 1751 presentis
1486 1665 1710 1751 scripti
1740 1663 2103 1752 patrocinio
2154 1663 2640 1746 communimus,
2694 1666 2982 1729 teno'rem

735 1773 1094 1841 litterarum
1147 1773 1437 1859 ipsarum
1488 1774 1899 1859 presentibus
1947 1770 2028 1839 de
2080 1772 2277 1839 verbo
2330 1772 2417 1838 ad
2468 1772 2734 1839 verbum
2782 1768 2984 1836 inseri

735 1878 1054 1965 facientis,
1097 1880 1206 1965 qui
1238 1879 1394 1948 talis
1427 1887 1563 1946 est:

948 1987 1086 2056 Nos
1118 1987 1195 2054 Ο.
1230 1988 1357 2055 Dei
1408 1990 1625 2075 gratia
1655 1990 2023 2078 Episcopus
2068 1991 2463 2077 syrmiensis
2494 1989 2617 2057 stb.
2672 1987 2983 2055 kovetke-

737 2096 843 2162 zik
867 2095 1091 2163 Oliver
1123 2097 1395 2165 szeremi
1430 2098 1822 2185 piispoknek
1850 2098 2124 2167 1250-ki
2157 2098 2547 2185 adomanya,
2582 2097 2741 2164 mint
2769 2096 2985 2179 Fejer-

739 2204 847 2271 nel
879 2202 1039 2271 Cod.
1073 2204 1249 2292 Dipl.
1281 2207 1391 2272 IV.
1425 2205 1561 2275 ket.
1603 2212 1665 2275 2.
1700 2228 1749 2273 r.
1788 2208 1891 2275 78.
1925 2205 2002 2297 l.)

953 2312 1133 2379 Nulli
1164 2331 1320 2398 ergo
1354 2314 1612 2382 omnino
1630 2314 1961 2384 hominum
1992 2317 2188 2384 liceat
2219 2318 2389 2384 hanc
2417 2315 2732 2400 paginam
2764 2321 2986 2379 nostre

739 2418 1245 2487 confirmationis
1277 2419 1651 2509 infringere,
1706 2421 1810 2490 vel
1842 2424 1903 2490 ei
1937 2443 2104 2491 ausu
2134 2424 2481 2490 temerario
2533 2420 2878 2490 oontraire.
2912 2418 2983 2485 Si

739 2527 887 2614 quis
920 2535 1139 2595 autem
1169 2530 1293 2597 hoc
1325 2537 1717 2618 attemptare
1755 2533 2243 2620 presumpserit,
2289 2530 2805 2618 indignationem
2838 2529 2984 2595 Om-

739 2635 1094 2723 nipotentis
1124 2637 1247 2705 Dei
1297 2647 1362 2705 et
1392 2640 1739 2707 Beatorum
1786 2641 1959 2709 Petri
2009 2650 2075 2709 et
2110 2642 2299 2709 Pauli
2331 2642 2789 2728 Apostolorum
2841 2638 2984 2705 eius

740 2766 811 2811 se
841 2745 1097 2812 noverit
1128 2747 1552 2821 incursurum.
1586 2749 1827 2816 Datum
1858 2749 2141 2837 Neapoli
2161 2749 2380 2818 idibus
2401 2747 2740 2835 Februarij
2764 2749 2983 2814 Ponti-

739 2855 967 2921 ficatus
999 2854 1202 2923 nostri
1238 2876 1411 2923 anno
1440 2856 1665 2943 primo.

829 3034 1104 3102 (Theium,
1131 3040 1329 3090 Vetera
1351 3034 1705 3093 monumenta
1732 3039 2011 3091 Slavorum
2038 3039 2476 3091 Meritlionalium
2504 3041 2548 3088 1.
2580 3040 2689 3090 kot.
2718 3042 2802 3090 83.
2830 3035 2895 3104 l.)

1598 3325 2123 3338 5—ss

1782 3773 1932 3842 278.

745 3955 788 4019 I
800 3955 863 4017 V.
899 3955 1155 4020 Scindor
1197 3960 1376 4040 pcipa
1427 3957 1772 4040 meyerb'siti
1799 3957 2100 4021 kilciildo'tt
2148 3961 2437 4025 birciiemk
2484 3985 2559 4024 az
2600 3964 2733 4044 pyri
2779 3985 2989 4046 meyye

851 4064 1093 4128 tizedeit
1120 4069 1180 4127 e's
1209 4064 1388 4149 eqye‘b
1409 4065 1666 4148 69,ᾳῆάεί
1682 4064 2065 4146 jiicedelmeit
2083 4070 2390 4153 tciryyazo'
2422 4071 2647 4132 stelete't.
2691 4069 2878 4132 1255.

953 4258 1324 4327 Alexander
1356 4261 1720 4349 Episcopus
1754 4279 1976 4328 servus
2010 4281 2341 4329 servorum
2377 4264 2501 4330 Dei
2547 4266 2801 4334 dilectis
2836 4268 2989 4354 filijs

743 4366 1124 4434 Rectoribus
1158 4374 1223 4435 et
1256 4370 1588 4456 perpetuis
1612 4369 1890 4436 Vicariis
1924 4369 2363 4438 Ecclesiarum
2397 4372 2693 4440 Diocesis
2715 4373 2987 4460 Agrien-

746 4476 836 4543 sis
868 4476 1143 4542 salutem
1176 4483 1240 4543 et
1272 4477 1715 4565 Apostolicam
1751 4478 2285 4547 benedictionem.
2336 4478 2496 4548 Cum
2529 4503 2571 4547 a
2601 4482 2789 4551 nobis
2828 4486 2990 4571 peti-

743 4593 867 4668 tur,
920 4582 1093 4669 quod
1124 4586 1363 4652 iustum
1396 4597 1496 4654 est
1528 4595 1593 4654 et
1625 4589 1983 4664 honestum,
2038 4596 2173 4656 tam
2207 4589 2394 4677 vigor
2424 4591 2752 4679 equitatis,
2790 4613 2987 4677 quam

746 4691 903 4760 ordo
934 4693 1141 4777 exigit
1172 4695 1465 4782 rationis,
1522 4704 1589 4763 ut
1620 4697 1688 4762 id
1722 4717 1835 4785 per
1867 4698 2367 4767 sollicitudinem
2405 4701 2597 4768 officii
2654 4702 2855 4768 nostri
2899 4704 2987 4769 ad
