3359 5250
1869 403 1953 465 98

787 602 1117 684 continget
1150 601 1265 685 irc,
1301 600 1441 666 siue
1475 596 1561 663 ad
1592 595 1855 663 Curiam
1907 603 2212 680 nostram,
2267 595 2405 663 siue
2445 596 2614 662 alias
2667 617 2787 682 pro
2826 595 3039 662 causis

786 710 1102 776 Ecclesie.
1166 711 1478 775 Preterea
1528 704 1864 772 vduornici
1928 703 2167 772 debent
2214 703 2671 771 administrare
2727 704 2918 788 ligna
2978 710 3042 767 et

793 835 1030 899 aquam
1064 814 1251 881 furno
1285 823 1349 881 et
1382 813 1468 879 ad
1502 812 1847 896 coquinam
1881 817 2146 897 propter
2177 810 2439 894 balnea,
2472 817 2537 876 et
2569 809 2760 876 datur
2780 811 2877 877 eis
2907 828 3044 897 pre-

785 922 1002 990 benda
1035 943 1117 988 ex
1167 929 1353 1009 parte
1387 920 1683 987 Ecclesie
1715 940 1832 1006 per
1878 938 2190 1003 mensem,
2246 919 2310 983 in
2344 937 2471 1001 quo
2518 919 2832 985 seruiunt.
2882 920 3044 986 Item

789 1030 856 1097 hi
907 1036 1242 1116 presentes
1296 1049 1412 1115 per
1444 1048 1732 1094 mensem
1779 1032 2078 1094 tenentur
2112 1026 2274 1093 dare
2324 1025 2609 1110 singulis
2661 1027 3046 1114 septimanis

790 1146 924 1204 tres
958 1144 1256 1205 carratas
1307 1137 1650 1223 lignorum,
1704 1154 1785 1201 ne
1817 1135 1981 1202 forte
2016 1136 2238 1218 aliquo
2290 1155 2446 1201 casu
2480 1132 2821 1202 defficiant
2869 1135 3047 1221 ligna

795 1246 881 1312 ad
911 1246 1166 1313 furnum
1187 1246 1292 1312 vel
1325 1246 1408 1313 ad
1441 1243 1807 1329 coquinam.
1844 1247 2008 1311 Item
2030 1243 2365 1310 vduornici
2394 1250 2699 1310 tenentur
2731 1263 3049 1311 renouare

796 1355 1042 1422 curiam
1093 1354 1261 1420 furni
1297 1353 1469 1440 (igy)
1504 1372 1650 1419 cum
1684 1352 2056 1437 veterescit,
2111 1357 2176 1418 et
2226 1358 2482 1437 portam
2532 1350 2823 1418 eiusdem
2872 1350 3046 1418 curie

795 1463 1159 1546 custodire3
1195 1469 1264 1529 et
1290 1469 1587 1528 tenentur
1626 1480 1942 1528 renouare
1981 1467 2188 1527 ortum
2220 1459 2760 1527 Pannoniensem.
2794 1460 2901 1528 Ad
2921 1482 3046 1528 om-

793 1591 943 1639 nem
993 1589 1151 1636 uero
1203 1569 1482 1635 farinam
1531 1567 1904 1634 faciendam
1949 1574 2203 1634 tenetur
2251 1567 2550 1635 Ecclesia
2610 1567 3047 1637 molendinum

794 1677 1135 1747 vduornici
1166 1677 1342 1743 dare.
1398 1678 1560 1744 Item
1595 1674 1932 1742 vduornici
1984 1674 2064 1741 de
2097 1683 2291 1761 pastu
2325 1674 2634 1760 cuiusque
2685 1678 2931 1746 mensis
2962 1679 3045 1744 ad

791 1788 1029 1855 festum
1061 1785 1283 1853 Sancti
1317 1784 1574 1850 Martini
1625 1789 1925 1851 tenentur
1958 1782 2115 1850 dare
2148 1788 2404 1850 centum
2436 1803 2583 1868 oua,
2630 1791 2905 1868 quatuor
2932 1805 3042 1868 ga-

793 1896 968 1963 linas
989 1901 1054 1962 et
1086 1894 1248 1960 duos
1271 1912 1537 1960 anseres
1561 1914 1576 1975 ;
1612 1897 1676 1958 et
1699 1892 1784 1958 ad
1809 1890 2308 1978 carnispriuium
2331 1891 2628 1958 similiter
2649 1914 2666 1976 3
2707 1892 2773 1957 in
2792 1893 3046 1978 pascha

794 2023 948 2071 uero
968 2009 1225 2070 eentum
1258 2020 1386 2068 oua
1418 2008 1483 2066 et
1504 2020 1700 2066 vnum
1734 2020 1994 2085 agnum.
2028 2000 2192 2066 Item
2211 2007 2513 2066 tenentur
2533 1998 2600 2063 in
2630 1998 2797 2066 sesto
2817 2000 3046 2067 Sancti

793 2111 1075 2195 Martini,
1129 2114 1194 2176 et
1225 2110 1292 2175 in
1323 2108 1611 2175 aduentu
1643 2107 1843 2194 Regis
1875 2108 1958 2174 de
1994 2126 2379 2191 vnoquoque
2429 2126 2651 2174 mense
2701 2107 2864 2174 dare
2911 2117 3045 2177 tres

796 2225 1092 2286 carratas
1142 2216 1467 2301 lignorum
1489 2268 1506 2300 ‚
1570 2236 1735 2301 quos
1784 2223 2022 2283 vocant
2054 2214 2254 2303 tyzfa.
2320 2216 2482 2282 Item
2532 2222 2831 2282 tenentur
2889 2217 3046 2284 dare

793 2325 1079 2412 plebano
1143 2344 1261 2390 suo
1312 2323 1392 2389 de
1442 2323 1721 2407 singulis
1771 2322 2222 2389 mansionibus
2273 2319 2439 2388 duas
2488 2319 2712 2406 ydrias
2764 2344 3043 2394 annone.

795 2436 1106 2499 Preterea
1134 2429 1422 2514 quelibet
1454 2430 1616 2498 villa
1650 2429 1736 2495 ad
1768 2429 2001 2496 festum
2037 2427 2260 2494 Sancti
2291 2428 2554 2495 Martini
2602 2438 2856 2498 tenetur
2887 2433 3048 2499 dare

793 2543 1030 2608 bouem
1062 2538 1432 2623 tribea-bem,
1464 2543 1528 2605 et
1560 2537 1642 2604 de
1675 2537 1964 2622 quolibet
2003 2537 2144 2603 loco
2177 2556 2372 2602 vnam
2404 2534 2658 2620 ydriam
2692 2558 2951 2609 annone
2984 2551 3048 2611 et

795 2672 993 2718 vnam
1023 2648 1252 2733 brasij.
1307 2650 1468 2716 Item
1501 2648 1840 2716 vduornici
1890 2654 2187 2717 tenentur
2220 2645 2379 2714 dare
2429 2647 2516 2714 ad
2547 2648 2784 2717 festum
2822 2652 3048 2719 Sancti

794 2757 1062 2824 Martini
1093 2756 1365 2840 triginta
1397 2775 1625 2843 panes,
1674 2766 1741 2824 et
1771 2762 2070 2823 tenentur
2102 2756 2260 2823 dare
2291 2755 2374 2822 de
2406 2776 2791 2843 vnoquoque
2825 2780 3045 2828 mense

799 2865 1135 2933 annuatim
1185 2864 1365 2930 filum
1406 2864 1493 2930 ad
1525 2885 1723 2930 vnum
1774 2866 1956 2931 rhete
1986 2864 2276 2946 busonis,
2324 2871 2388 2932 et
2416 2871 2681 2951 portare
2714 2866 2800 2933 ad
2832 2889 3047 2937 mona·

799 2975 1105 3058 sterium;
1142 2978 1207 3038 et
1239 2969 1478 3038 debent
1510 2970 1667 3038 dare
1700 2990 1897 3037 unum
1930 2990 2165 3058 panem
2198 2970 2352 3054 illis,
2394 2972 2504 3057 qui
2535 2983 2773 3059 parant
2803 2976 3046 3044 rhecia.

796 3083 959 3148 Item
990 3101 1216 3148 omnes
1267 3079 1490 3168 populi
1519 3086 1657 3147 tam
1692 3077 2047 3163 vduornici,
2099 3099 2296 3163 quam
2329 3087 2395 3146 et
2426 3081 2540 3147 alii
2584 3089 2887 3151 tenentur
2917 3089 3047 3153 col-

794 3189 999 3274 ligere
1030 3188 1265 3273 scnum‚
1302 3186 1576 3271 quilibet
1608 3206 1828 3254 eorum
1862 3206 1994 3252 una
2025 3187 2131 3252 die
2163 3187 2483 3272 similiter,
2520 3195 2584 3254 et
2618 3209 2747 3257 una
2768 3191 2874 3258 die
2904 3214 3050 3278 por-

794 3302 940 3361 tare
971 3295 1209 3380 senum,
1262 3303 1327 3361 et
1362 3316 1492 3361 una
1524 3295 1631 3361 die
1663 3301 1925 3362 metere.
1980 3296 2139 3362 Item
2172 3294 2341 3361 fabri
2372 3315 2454 3362 ex
2485 3297 2734 3366 eisdem
2779 3301 3047 3388 populis

789 3407 1088 3468 tenentur
1119 3402 1376 3488 operari
1410 3401 1585 3488 apud
1617 3401 2086 3469 monasterium
2118 3402 2185 3468 in
2217 3423 2350 3469 una
2373 3403 2630 3494 incude,
2663 3426 2791 3475 non
2823 3416 3046 3477 tamen

793 3509 922 3595 ipsi
955 3507 1195 3576 debent
1226 3516 1486 3596 portare
1520 3509 1781 3596 serrum,
1835 3511 1954 3577 sed
1983 3531 2150 3578 nnus
2182 3511 2369 3579 faber
2413 3532 2495 3579 ex
2528 3515 2693 3601 ipsis
2743 3515 2930 3585 uadit
2960 3518 3049 3586 ad

792 3616 1069 3685 ferreum
1101 3624 1384 3685 castrum
1414 3638 1532 3703 pro
1554 3618 1861 3702 eligendo
1893 3619 2070 3688 ferro
2102 3624 2392 3707 tantum3
2426 3621 2726 3691 similiter
2743 3631 3044 3694 tenentur

792 3724 1007 3791 faeere
1059 3725 1199 3791 alia
1229 3724 1646 3810 ferramenta,
1699 3733 1764 3792 et
1796 3726 1932 3794 alia
1960 3728 2356 3815 necessaria,
2407 3736 2624 3814 preter
2671 3728 2918 3800 dictam
2956 3735 3046 3801 in·

793 3832 1024 3899 eudem
1057 3852 1271 3899 unam.
1322 3832 1483 3899 Item
1517 3831 1601 3899 de
1651 3832 1929 3918 singulis
1961 3832 2137 3900 villis
2186 3834 2255 3901 in
2287 3835 2630 3922 priuilegio
2670 3839 2892 3906 Sancti
2924 3843 3047 3910 La-

791 3939 988 4006 dizlai
1040 3939 1400 4008 nominatis
1449 3947 1581 4007 tres
1632 3941 2006 4009 mansiones
2039 3941 2280 4010 debent
2328 3943 2631 4013 ordinare
2663 3966 2858 4014 vnum
2908 3970 3048 4018 cur-

787 4067 925 4115 rum
953 4070 969 4132 ;
1003 4046 1117 4133 ita,
1169 4045 1345 4133 quod
1376 4048 1506 4117 duo
1538 4048 1833 4117 homines
1865 4049 2143 4117 diciores
2177 4048 2333 4117 dent
2364 4049 2525 4120 duos
2575 4053 2781 4123 boues
2813 4062 2879 4123 et
2908 4076 3048 4126 cur-

789 4176 949 4242 rum,
983 4157 1222 4225 tercius
1254 4159 1605 4244 pauperior
1635 4158 1703 4224 in
1735 4160 2004 4244 propria
2035 4179 2319 4245 persona
2364 4160 2621 4230 laboret
2650 4183 2907 4232 currum
2937 4167 3047 4235 de·

789 4263 1083 4331 ducendo
1136 4264 1223 4330 ad
1273 4263 1666 4352 portandum
1718 4264 1936 4331 uinum
1989 4265 2069 4333 de
2101 4267 2255 4336 uino
2289 4270 2602 4356 Ecclesie,
2656 4273 2799 4339 siue
2835 4273 2919 4340 de
2950 4276 3048 4342 Si-

787 4372 1010 4456 migi0,
1044 4373 1184 4439 siue
1205 4372 1286 4439 de
1306 4372 1604 4459 Simigio,
1638 4373 1780 4439 siue
1813 4372 1897 4439 de
1915 4374 2074 4442 Sala
2093 4395 2298 4460 usque
2328 4376 2417 4443 ad
2436 4378 2799 4447 Ecclesiam
2819 4383 3047 4450 Sancti

783 4481 1071 4547 Martini.
1126 4481 1427 4550 Ceterum
1478 4501 1705 4549 omnes
1738 4480 2076 4550 vduornici
2129 4487 2546 4571 unaquelibet
2584 4481 2836 4558 mansio
2869 4498 3049 4558 tene·

783 4598 889 4656 tur
920 4589 1136 4657 facere
1170 4591 1461 4660 bracium
1495 4591 1576 4658 de
1609 4590 1855 4660 hordeo
1887 4593 2307 4679 proueniente
2330 4596 2623 4666 Ecclesie
2656 4598 2739 4664 de
2771 4599 3048 4670 decimis

783 4697 870 4767 ad
905 4698 1069 4767 duos
1102 4721 1361 4770 aeones.
1416 4702 1825 4770 Exacciones
1859 4720 2016 4769 uero
2050 4706 2112 4769 et
2144 4702 2386 4791 debita,
2428 4727 2553 4791 que
2585 4709 2680 4774 eis
2721 4709 3046 4799 relaxaui·
