3359 5250
1738 295 1863 367 178

660 502 879 563 nostre
929 497 1373 567 concessionis
1426 494 1800 582 infringere,
1854 495 1957 563 vol
1990 497 2054 563 ei
2087 516 2250 564 ausu
2284 494 2633 564 temerario
2681 503 2928 564 contra·

659 603 774 670 ire.
795 602 866 669 Si
889 604 1038 688 quis
1058 611 1277 672 autem
1308 605 1434 672 hoc
1454 609 1850 690 attemptare
1871 604 2366 690 presumpserit,
2406 603 2927 689 indignationem

661 709 1140 797 omnipotentis
1163 713 1287 778 Dei
1322 719 1387 779 et
1417 712 1766 780 Beatorum
1787 714 1962 780 Petri
2003 718 2069 780 et
2086 712 2275 779 Pauli
2298 713 2762 800 Apostolorum
2786 713 2927 781 eius

662 839 738 887 se
772 820 1027 888 noverit
1051 821 1483 889 incursurum.
1504 824 1748 889 Datum
1767 824 2075 890 Laterani
2095 823 2273 890 XVI.
2306 822 2633 892 kalendas
2653 821 2930 891 Februa·

664 926 764 1013 rii,
797 929 1222 998 Pontificatus
1254 932 1458 998 nostri
1491 950 1660 999 anno
1700 932 1932 1017 primo.

667 1125 923 1192 (Theiner
944 1166 957 1188 .,
1003 1130 1205 1183 Vetera
1241 1132 1593 1183 Monumenta
1629 1130 1906 1184 Histoi-ica
1945 1132 2290 1197 Hungariam
2335 1131 2556 1184 Sacram
2596 1129 2928 1184 illustrantia

1599 1223 1645 1273 1.
1672 1224 1788 1275 ket.
1820 1223 1940 1278 189.
1967 1223 2003 1275 l.

1532 1507 2064 1522 Ἠ-

1722 1955 1877 2027 115.

661 2133 942 2199 Benedek
959 2136 1390 2222 αἰονεεάρόίνό
1407 2137 1703 2225 Scemeyn
1722 2163 1762 2204 a
1780 2140 2069 2227 kircilyne'
2077 2141 2676 2230 kamarayrojssy'dnak
2694 2143 2921 2231 Boyon

1380 2245 1648 2312 biv-tolcae
1678 2247 1803 2313 oda
1831 2250 1980 2313 itali.
2019 2249 2214 2313 1244.

877 2437 1016 2506 Nos
1046 2437 1440 2508 Benedictus
1494 2442 1663 2510 filius
1697 2442 1889 2529 Syka
1938 2442 2025 2513 de
2074 2466 2313 2531 genere
2343 2449 2533 2536 Papa
2564 2447 2926 2518 Uiceiudex

660 2543 854 2612 Ourie
905 2544 1151 2613 domini
1191 2546 1392 2632 Regis
1441 2548 1890 2634 significamus
1941 2554 2244 2623 omnibus
2294 2575 2565 2643 presens
2614 2557 2926 2645 scriptum

658 2652 1048 2738 inspecturis
1078 2661 1216 2721 tam
1248 2657 1662 2741 presentibus
1695 2680 1895 2745 quam
1927 2660 2182 2749 futuris,
2218 2664 2394 2748 quod
2425 2684 2574 2733 cum
2604 2664 2923 2754 Seemeyn

662 2757 896 2828 Comes
945 2759 1218 2831 Camere
1266 2764 1509 2833 domini
1559 2769 1761 2854 Regis
1817 2790 1900 2837 ex
1947 2768 2314 2841 donacione
2363 2772 2627 2841 domine
2674 2776 2925 2860 Regine

661 2864 991 2950 quandam
1040 2877 1282 2937 terram
1311 2872 1381 2937 in
1413 2873 1573 2940 villa
1604 2877 1835 2963 Boyon
1868 2878 2256 2969 possideret,
2310 2901 2437 2967 que
2467 2888 2688 2951 tamen
2728 2890 2924 2952 antea

664 2972 877 3040 suerat
925 2976 1309 3064 populorum
1340 2982 1609 3070 Regine,
1664 2992 1731 3053 et
1764 2996 1833 3055 ut
1881 2988 2161 3058 eandem
2197 2993 2447 3060 cercius
2497 2999 2566 3061 et
2592 2995 2733 3062 sine
2779 3014 2924 3062 con·

660 3083 1059 3153 tradiccione
1088 3088 1652 3160 conterminalium
1685 3100 1752 3162 et
1779 3103 2372 3167 commetaneorum
2418 3120 2684 3170 suorum
2713 3103 2924 3190 possit

659 3192 1016 3280 possidere,
1050 3202 1321 3282 accepto
1354 3199 1615 3268 homine
1639 3211 1866 3272 nostro
1898 3227 2127 3276 omncs
2171 3216 2652 3280 commetaneos
2682 3220 2750 3280 et
2780 3232 2924 3279 con-

661 3300 1035 3368 terminales
1063 3301 1149 3368 ad
1171 3310 1467 3373 nostram
1486 3305 1643 3375 fecit
1673 3310 1864 3379 citari
1887 3315 2300 3399 presenciam
2322 3341 2339 3403 ς
2374 3317 2682 3388 videlicet
2702 3319 2922 3388 Julam

662 3404 745 3472 de
794 3405 1050 3495 Pruslo‚
1082 3411 1347 3477 Petrum
1401 3414 1607 3483 filium
1639 3416 1934 3509 Adriani,
1988 3422 2220 3510 Gutus,
2271 3424 2637 3507 Nicolaum,
2684 3428 2921 3513 Jegdn,

660 3513 1035 3603 Boezlaum,
1066 3523 1133 3585 et
1162 3518 1364 3588 alium
1395 3521 1739 3594 Nicolaum
1790 3528 1994 3597 filium
2022 3530 2345 3602 Johannis
2377 3533 2647 3604 Comitis
2696 3535 2782 3605 de
2813 3557 2924 3623 ge·

659 3641 814 3690 nere
833 3623 1100 3711 Katpan
1122 3653 1140 3713 ς
1175 3633 1240 3695 et
1270 3649 1415 3698 cum
1448 3651 1651 3702 causa
1672 3635 1961 3724 ipsorum
1981 3644 2546 3713 conterminalium
2567 3646 2679 3713 diu
2699 3666 2920 3714 coram

658 3728 850 3796 nobis
880 3729 1114 3801 fuisset
1132 3736 1471 3827 uentilata,
1504 3747 1726 3811 tamen
1746 3752 1984 3831 postea
2001 3769 2086 3816 ex
2115 3757 2426 3838 precepto
2455 3752 2700 3821 domini
2720 3754 2922 3838 Regis

659 3841 727 3902 et
776 3833 1036 3907 domine
1064 3842 1316 3927 Regine
1368 3866 1565 3936 super
1597 3850 1813 3939 ipsam
1862 3860 2108 3924 terram
2158 3860 2594 3945 personaliter
2645 3863 2921 3932 accessi·

659 3962 822 4029 mus,
872 3945 1354 4032 interrogantes
1403 3956 1669 4027 eosdem
1703 3965 2209 4034 conterminales
2256 3966 2342 4035 de
2374 3975 2553 4037 statu
2585 3978 2651 4038 et
2690 3972 2917 4040 ordine

659 4061 829 4120 terre
859 4052 1073 4141 illius;
1122 4058 1238 4143 qui
1268 4066 1766 4154 responderunt,
1819 4071 1997 4156 qnod
2028 4093 2071 4141 a
2100 4080 2289 4160 parte
2338 4078 2643 4146 orientali
2686 4078 2770 4146 de
2801 4082 2920 4148 Te-

656 4167 873 4228 zercut
902 4162 1298 4255 incipiendo,
1333 4175 1399 4238 et
1416 4174 1834 4246 ascendendo
1865 4179 1933 4246 in
1967 4187 2272 4269 montem,
2307 4190 2374 4251 et
2393 4192 2626 4272 postea
2657 4187 2920 4257 descen·

658 4266 874 4336 dendo
922 4290 1042 4356 per
1073 4271 1313 4342 uallem
1361 4288 1533 4351 retro
1585 4285 1820 4355 uineas
1852 4290 1937 4355 ab
1989 4289 2220 4358 eadem
2253 4299 2440 4379 parte
2480 4295 2799 4380 orientali,
2855 4306 2922 4364 et

654 4379 1049 4446 transeundo
1081 4379 1350 4452 fluuium
1379 4390 1750 4461 uenientem
1782 4392 1866 4462 de
1895 4396 2093 4482 Pelys
2123 4399 2310 4467 iuxta
2340 4400 2538 4488 uiam,
2581 4423 2709 4489 que
2740 4403 2923 4472 ducit

653 4481 722 4546 in
742 4483 1015 4572 Budam‚
1039 4506 1243 4574 nsque
1275 4492 1429 4563 dum
1453 4498 1685 4569 eadem
1715 4503 1825 4570 uia
1857 4503 2036 4572 cadit
2055 4506 2125 4573 in
2157 4506 2359 4575 aliam
2380 4509 2555 4577 uiam
2588 4531 2918 4598 magnam,

651 4608 779 4674 que
810 4592 931 4660 sub
983 4607 1200 4667 monte
1233 4601 1377 4691 Nyr
1406 4608 1714 4678 similiter
1765 4611 1850 4680 de
1881 4612 2214 4700 Strigonio
2266 4617 2450 4684 uadit
2505 4619 2575 4687 in
2624 4620 2915 4709 Budam3
