<?xml version="1.0" encoding="UTF-8"?>
<!DOCTYPE html PUBLIC "-//W3C//DTD XHTML 1.0 Transitional//EN"
    "http://www.w3.org/TR/xhtml1/DTD/xhtml1-transitional.dtd">
<html xmlns="http://www.w3.org/1999/xhtml" xml:lang="en" lang="en">
 <head>
  <title>
</title>
<meta http-equiv="Content-Type" content="text/html;charset=utf-8" />
  <meta name='ocr-system' content='tesseract 3.04.00' />
  <meta name='ocr-capabilities' content='ocr_page ocr_carea ocr_par ocr_line ocrx_word'/>
</head>
<body>
  <div class='ocr_page' id='page_1' title='image "./codexdiplomatic09unkngoog_0454.png"; bbox 0 0 3359 5250; ppageno 0'>
   <div class='ocr_carea' id='block_1_1' title="bbox 1757 374 1891 446">
    <p class='ocr_par' dir='ltr' id='par_1_1' title="bbox 1757 374 1891 446">
     <span class='ocr_line' id='line_1_1' title="bbox 1757 374 1891 446; baseline -0.015 0"><span class='ocrx_word' id='word_1_1' title='bbox 1757 374 1891 446; x_wconf 80' lang='lat'><strong>414</strong></span> 
     </span>
    </p>
   </div>
   <div class='ocr_carea' id='block_1_2' title="bbox 1669 470 1984 483">
    <p class='ocr_par' dir='ltr' id='par_1_2' title="bbox 1669 470 1984 483">
     <span class='ocr_line' id='line_1_2' title="bbox 1669 470 1984 483; baseline 0 0"><span class='ocrx_word' id='word_1_2' title='bbox 1669 470 1984 483; x_wconf 95' lang='lat' dir='ltr'><strong> </strong></span> 
     </span>
    </p>
   </div>
   <div class='ocr_carea' id='block_1_3' title="bbox 618 572 2942 1954">
    <p class='ocr_par' dir='ltr' id='par_1_3' title="bbox 618 572 2942 1954">
     <span class='ocr_line' id='line_1_3' title="bbox 703 572 2940 664; baseline -0.001 -18"><span class='ocrx_word' id='word_1_3' title='bbox 703 578 910 647; x_wconf 83' lang='lat' dir='ltr'><strong>uersis</strong></span> <span class='ocrx_word' id='word_1_4' title='bbox 963 576 1284 647; x_wconf 82' lang='lat' dir='ltr'><strong>consimili</strong></span> <span class='ocrx_word' id='word_1_5' title='bbox 1335 576 1526 645; x_wconf 88' lang='lat' dir='ltr'><strong>modo</strong></span> <span class='ocrx_word' id='word_1_6' title='bbox 1577 576 1845 661; x_wconf 89' lang='lat' dir='ltr'><strong>reliquit</strong></span> <span class='ocrx_word' id='word_1_7' title='bbox 1888 576 2144 664; x_wconf 82' lang='lat' dir='ltr'><strong>prefato</strong></span> <span class='ocrx_word' id='word_1_8' title='bbox 2179 577 2415 646; x_wconf 81' lang='lat' dir='ltr'><strong>Comiti</strong></span> <span class='ocrx_word' id='word_1_9' title='bbox 2464 579 2667 646; x_wconf 86' lang='lat' dir='ltr'><strong>Paulo</strong></span> <span class='ocrx_word' id='word_1_10' title='bbox 2699 583 2763 645; x_wconf 89' lang='lat' dir='ltr'><strong>et</strong></span> <span class='ocrx_word' id='word_1_11' title='bbox 2804 572 2940 644; x_wconf 86' lang='lat' dir='ltr'><strong>suis</strong></span> 
     </span>
     <span class='ocr_line' id='line_1_4' title="bbox 705 684 2941 773; baseline -0 -18"><span class='ocrx_word' id='word_1_12' title='bbox 705 686 1057 758; x_wconf 82' lang='lat' dir='ltr'><strong>heredibus</strong></span> <span class='ocrx_word' id='word_1_13' title='bbox 1103 684 1568 773; x_wconf 79' lang='lat' dir='ltr'><strong>perpetualiter</strong></span> <span class='ocrx_word' id='word_1_14' title='bbox 1597 684 2056 773; x_wconf 86' lang='lat' dir='ltr'><strong>possidendas.</strong></span> <span class='ocrx_word' id='word_1_15' title='bbox 2106 687 2248 755; x_wconf 91' lang='lat' dir='ltr'><strong>Hoc</strong></span> <span class='ocrx_word' id='word_1_16' title='bbox 2279 694 2497 755; x_wconf 87' lang='lat' dir='ltr'><strong>tamen</strong></span> <span class='ocrx_word' id='word_1_17' title='bbox 2540 686 2941 773; x_wconf 87' lang='lat' dir='ltr'><strong>interposito,</strong></span> 
     </span>
     <span class='ocr_line' id='line_1_5' title="bbox 704 794 2940 883; baseline -0.002 -17"><span class='ocrx_word' id='word_1_18' title='bbox 704 798 877 882; x_wconf 87' lang='lat' dir='ltr'><strong>quod</strong></span> <span class='ocrx_word' id='word_1_19' title='bbox 904 802 1128 882; x_wconf 85' lang='lat' dir='ltr'><strong>partes</strong></span> <span class='ocrx_word' id='word_1_20' title='bbox 1159 815 1378 863; x_wconf 90' lang='lat' dir='ltr'><strong>coram</strong></span> <span class='ocrx_word' id='word_1_21' title='bbox 1426 794 1615 863; x_wconf 89' lang='lat' dir='ltr'><strong>nobis</strong></span> <span class='ocrx_word' id='word_1_22' title='bbox 1647 795 2079 883; x_wconf 78' lang='lat' dir='ltr'><strong>personaliter</strong></span> <span class='ocrx_word' id='word_1_23' title='bbox 2115 796 2461 865; x_wconf 86' lang='lat' dir='ltr'><strong>constitute</strong></span> <span class='ocrx_word' id='word_1_24' title='bbox 2512 795 2732 864; x_wconf 85' lang='lat' dir='ltr'><strong>taliter</strong></span> <span class='ocrx_word' id='word_1_25' title='bbox 2769 815 2841 863; x_wconf 87' lang='lat' dir='ltr'><strong>se</strong></span> <span class='ocrx_word' id='word_1_26' title='bbox 2870 797 2940 862; x_wconf 93' lang='lat' dir='ltr'><strong>in</strong></span> 
     </span>
     <span class='ocr_line' id='line_1_6' title="bbox 701 904 2941 993; baseline -0.001 -20"><span class='ocrx_word' id='word_1_27' title='bbox 701 906 1124 974; x_wconf 88' lang='lat' dir='ltr'><strong>alteruterum</strong></span> <span class='ocrx_word' id='word_1_28' title='bbox 1173 904 1583 991; x_wconf 83' lang='lat' dir='ltr'><strong>obligarunt3</strong></span> <span class='ocrx_word' id='word_1_29' title='bbox 1633 912 1705 972; x_wconf 86' lang='lat' dir='ltr'><strong>vt</strong></span> <span class='ocrx_word' id='word_1_30' title='bbox 1736 904 1793 971; x_wconf 86' lang='lat' dir='ltr'><strong>si</strong></span> <span class='ocrx_word' id='word_1_31' title='bbox 1824 923 1952 992; x_wconf 86' lang='lat' dir='ltr'><strong>que</strong></span> <span class='ocrx_word' id='word_1_32' title='bbox 1990 905 2282 992; x_wconf 89' lang='lat' dir='ltr'><strong>parcium</strong></span> <span class='ocrx_word' id='word_1_33' title='bbox 2335 925 2602 993; x_wconf 79' lang='lat' dir='ltr'><strong>presens</strong></span> <span class='ocrx_word' id='word_1_34' title='bbox 2651 923 2941 973; x_wconf 89' lang='lat' dir='ltr'><strong>concam·</strong></span> 
     </span>
     <span class='ocr_line' id='line_1_7' title="bbox 702 1013 2938 1098; baseline -0.001 -17"><span class='ocrx_word' id='word_1_35' title='bbox 702 1013 881 1082; x_wconf 90' lang='lat' dir='ltr'><strong>bium</strong></span> <span class='ocrx_word' id='word_1_36' title='bbox 927 1035 1060 1081; x_wconf 90' lang='lat' dir='ltr'><strong>non</strong></span> <span class='ocrx_word' id='word_1_37' title='bbox 1091 1021 1409 1098; x_wconf 86' lang='lat' dir='ltr'><strong>seruaret,</strong></span> <span class='ocrx_word' id='word_1_38' title='bbox 1461 1018 1527 1080; x_wconf 95' lang='lat' dir='ltr'><strong>et</strong></span> <span class='ocrx_word' id='word_1_39' title='bbox 1555 1019 1910 1081; x_wconf 84' lang='lat' dir='ltr'><strong>retractare</strong></span> <span class='ocrx_word' id='word_1_40' title='bbox 1961 1013 2161 1081; x_wconf 90' lang='lat' dir='ltr'><strong>uellet</strong></span> <span class='ocrx_word' id='word_1_41' title='bbox 2207 1014 2381 1081; x_wconf 87' lang='lat' dir='ltr'><strong>idem</strong></span> <span class='ocrx_word' id='word_1_42' title='bbox 2429 1033 2545 1082; x_wconf 91' lang='lat' dir='ltr'><strong>seu</strong></span> <span class='ocrx_word' id='word_1_43' title='bbox 2576 1018 2938 1098; x_wconf 75' lang='lat' dir='ltr'><strong>conaretur,</strong></span> 
     </span>
     <span class='ocr_line' id='line_1_8' title="bbox 702 1121 2942 1211; baseline -0.002 -19"><span class='ocrx_word' id='word_1_44' title='bbox 702 1144 834 1194; x_wconf 89' lang='lat' dir='ltr'><strong>non</strong></span> <span class='ocrx_word' id='word_1_45' title='bbox 887 1123 1149 1211; x_wconf 88' lang='lat' dir='ltr'><strong>poterit,</strong></span> <span class='ocrx_word' id='word_1_46' title='bbox 1199 1122 1327 1190; x_wconf 89' lang='lat' dir='ltr'><strong>nisi</strong></span> <span class='ocrx_word' id='word_1_47' title='bbox 1372 1127 1626 1190; x_wconf 88' lang='lat' dir='ltr'><strong>centum</strong></span> <span class='ocrx_word' id='word_1_48' title='bbox 1674 1121 1912 1189; x_wconf 85' lang='lat' dir='ltr'><strong>marcis</strong></span> <span class='ocrx_word' id='word_1_49' title='bbox 1964 1130 2119 1190; x_wconf 88' lang='lat' dir='ltr'><strong>ante</strong></span> <span class='ocrx_word' id='word_1_50' title='bbox 2167 1121 2304 1190; x_wconf 88' lang='lat' dir='ltr'><strong>litis</strong></span> <span class='ocrx_word' id='word_1_51' title='bbox 2353 1122 2715 1209; x_wconf 80' lang='lat' dir='ltr'><strong>ingressum</strong></span> <span class='ocrx_word' id='word_1_52' title='bbox 2767 1121 2942 1209; x_wconf 87' lang='lat' dir='ltr'><strong>parti</strong></span> 
     </span>
     <span class='ocr_line' id='line_1_9' title="bbox 705 1229 2941 1319; baseline -0.001 -19"><span class='ocrx_word' id='word_1_53' title='bbox 705 1231 954 1300; x_wconf 87' lang='lat' dir='ltr'><strong>tacenti</strong></span> <span class='ocrx_word' id='word_1_54' title='bbox 1002 1231 1183 1319; x_wconf 85' lang='lat' dir='ltr'><strong>prius</strong></span> <span class='ocrx_word' id='word_1_55' title='bbox 1232 1230 1602 1318; x_wconf 84' lang='lat' dir='ltr'><strong>persolutis.</strong></span> <span class='ocrx_word' id='word_1_56' title='bbox 1653 1232 1733 1298; x_wconf 91' lang='lat' dir='ltr'><strong>In</strong></span> <span class='ocrx_word' id='word_1_57' title='bbox 1766 1231 1950 1299; x_wconf 90' lang='lat' dir='ltr'><strong>cuius</strong></span> <span class='ocrx_word' id='word_1_58' title='bbox 1982 1231 2075 1300; x_wconf 89' lang='lat' dir='ltr'><strong>rei</strong></span> <span class='ocrx_word' id='word_1_59' title='bbox 2124 1231 2503 1300; x_wconf 77' lang='lat' dir='ltr'><strong>memoriam</strong></span> <span class='ocrx_word' id='word_1_60' title='bbox 2550 1229 2941 1297; x_wconf 78' lang='lat' dir='ltr'><strong>firmitatem·</strong></span> 
     </span>
     <span class='ocr_line' id='line_1_10' title="bbox 618 1338 2938 1428; baseline -0.001 -20"><span class='ocrx_word' id='word_1_61' title='bbox 618 1368 624 1377; x_wconf 95' lang='lat'><strong>·</strong></span> <span class='ocrx_word' id='word_1_62' title='bbox 699 1361 826 1426; x_wconf 90' lang='lat' dir='ltr'><strong>que</strong></span> <span class='ocrx_word' id='word_1_63' title='bbox 857 1346 1239 1428; x_wconf 84' lang='lat' dir='ltr'><strong>perpetuam</strong></span> <span class='ocrx_word' id='word_1_64' title='bbox 1287 1347 1623 1427; x_wconf 85' lang='lat' dir='ltr'><strong>presentes</strong></span> <span class='ocrx_word' id='word_1_65' title='bbox 1655 1341 2092 1410; x_wconf 74' lang='lat' dir='ltr'><strong>concessimus</strong></span> <span class='ocrx_word' id='word_1_66' title='bbox 2139 1339 2393 1408; x_wconf 86' lang='lat' dir='ltr'><strong>litteras</strong></span> <span class='ocrx_word' id='word_1_67' title='bbox 2423 1340 2512 1407; x_wconf 85' lang='lat' dir='ltr'><strong>ad</strong></span> <span class='ocrx_word' id='word_1_68' title='bbox 2550 1338 2938 1426; x_wconf 87' lang='lat' dir='ltr'><strong>peticionem</strong></span> 
     </span>
     <span class='ocr_line' id='line_1_11' title="bbox 698 1447 2936 1537; baseline -0.002 -18"><span class='ocrx_word' id='word_1_69' title='bbox 698 1450 904 1537; x_wconf 84' lang='lat' dir='ltr'><strong>partis</strong></span> <span class='ocrx_word' id='word_1_70' title='bbox 935 1449 1273 1532; x_wconf 89' lang='lat' dir='ltr'><strong>utriusque</strong></span> <span class='ocrx_word' id='word_1_71' title='bbox 1322 1448 1526 1536; x_wconf 80' lang='lat' dir='ltr'><strong>sigilli</strong></span> <span class='ocrx_word' id='word_1_72' title='bbox 1557 1449 1767 1518; x_wconf 84' lang='lat' dir='ltr'><strong>nostri</strong></span> <span class='ocrx_word' id='word_1_73' title='bbox 1796 1449 2152 1517; x_wconf 87' lang='lat' dir='ltr'><strong>munimine</strong></span> <span class='ocrx_word' id='word_1_74' title='bbox 2183 1450 2546 1519; x_wconf 87' lang='lat' dir='ltr'><strong>roboratas.</strong></span> <span class='ocrx_word' id='word_1_75' title='bbox 2595 1449 2837 1517; x_wconf 87' lang='lat' dir='ltr'><strong>Datum</strong></span> <span class='ocrx_word' id='word_1_76' title='bbox 2870 1447 2936 1514; x_wconf 89' lang='lat' dir='ltr'><strong>in</strong></span> 
     </span>
     <span class='ocr_line' id='line_1_12' title="bbox 697 1555 2936 1643; baseline -0.001 -16"><span class='ocrx_word' id='word_1_77' title='bbox 697 1557 1041 1643; x_wconf 85' lang='lat' dir='ltr'><strong>quindenis</strong></span> <span class='ocrx_word' id='word_1_78' title='bbox 1072 1557 1262 1625; x_wconf 82' lang='lat' dir='ltr'><strong>Beati</strong></span> <span class='ocrx_word' id='word_1_79' title='bbox 1291 1556 1632 1625; x_wconf 81' lang='lat' dir='ltr'><strong>Michaelis</strong></span> <span class='ocrx_word' id='word_1_80' title='bbox 1662 1557 2065 1643; x_wconf 83' lang='lat' dir='ltr'><strong>Archangeli</strong></span> <span class='ocrx_word' id='word_1_81' title='bbox 2097 1578 2270 1625; x_wconf 90' lang='lat' dir='ltr'><strong>anno</strong></span> <span class='ocrx_word' id='word_1_82' title='bbox 2301 1556 2562 1626; x_wconf 88' lang='lat' dir='ltr'><strong>Domini</strong></span> <span class='ocrx_word' id='word_1_83' title='bbox 2595 1555 2936 1624; x_wconf 87' lang='lat' dir='ltr'><strong>millesimo</strong></span> 
     </span>
     <span class='ocr_line' id='line_1_13' title="bbox 698 1664 2937 1753; baseline 0 -20"><span class='ocrx_word' id='word_1_84' title='bbox 698 1666 1135 1735; x_wconf 87' lang='lat' dir='ltr'><strong>ducentesimo</strong></span> <span class='ocrx_word' id='word_1_85' title='bbox 1153 1664 1693 1752; x_wconf 81' lang='lat' dir='ltr'><strong>quinquagesimo</strong></span> <span class='ocrx_word' id='word_1_86' title='bbox 1715 1666 1957 1751; x_wconf 87' lang='lat' dir='ltr'><strong>quinto.</strong></span> <span class='ocrx_word' id='word_1_87' title='bbox 1973 1666 2289 1753; x_wconf 80' lang='lat' dir='ltr'><strong>Magistro</strong></span> <span class='ocrx_word' id='word_1_88' title='bbox 2307 1667 2771 1735; x_wconf 86' lang='lat' dir='ltr'><strong>Bonauentura</strong></span> <span class='ocrx_word' id='word_1_89' title='bbox 2790 1666 2937 1733; x_wconf 85' lang='lat' dir='ltr'><strong>Pre-</strong></span> 
     </span>
     <span class='ocr_line' id='line_1_14' title="bbox 696 1772 2938 1863; baseline 0 -22"><span class='ocrx_word' id='word_1_90' title='bbox 696 1774 931 1861; x_wconf 89' lang='lat' dir='ltr'><strong>posito‚</strong></span> <span class='ocrx_word' id='word_1_91' title='bbox 946 1774 1235 1844; x_wconf 89' lang='lat' dir='ltr'><strong>Oliuerio</strong></span> <span class='ocrx_word' id='word_1_92' title='bbox 1257 1774 1559 1860; x_wconf 86' lang='lat' dir='ltr'><strong>Cantore,</strong></span> <span class='ocrx_word' id='word_1_93' title='bbox 1587 1772 1848 1843; x_wconf 87' lang='lat' dir='ltr'><strong>Ombud</strong></span> <span class='ocrx_word' id='word_1_94' title='bbox 1866 1772 2169 1863; x_wconf 83' lang='lat' dir='ltr'><strong>Custode,</strong></span> <span class='ocrx_word' id='word_1_95' title='bbox 2189 1774 2414 1843; x_wconf 83' lang='lat' dir='ltr'><strong>Mikou</strong></span> <span class='ocrx_word' id='word_1_96' title='bbox 2435 1775 2702 1844; x_wconf 87' lang='lat' dir='ltr'><strong>Decano</strong></span> <span class='ocrx_word' id='word_1_97' title='bbox 2720 1774 2938 1843; x_wconf 83' lang='lat' dir='ltr'><strong>Eccle-</strong></span> 
     </span>
     <span class='ocr_line' id='line_1_15' title="bbox 695 1882 1518 1954; baseline -0.002 -3"><span class='ocrx_word' id='word_1_98' title='bbox 695 1885 793 1953; x_wconf 89' lang='lat' dir='ltr'><strong>sie</strong></span> <span class='ocrx_word' id='word_1_99' title='bbox 823 1890 1044 1954; x_wconf 85' lang='lat' dir='ltr'><strong>nostre</strong></span> <span class='ocrx_word' id='word_1_100' title='bbox 1072 1882 1518 1953; x_wconf 81' lang='lat' dir='ltr'><strong>existentibus.</strong></span> 
     </span>
    </p>
   </div>
   <div class='ocr_carea' id='block_1_4' title="bbox 804 2080 2827 2243">
    <p class='ocr_par' dir='ltr' id='par_1_4' title="bbox 804 2080 2827 2243">
     <span class='ocr_line' id='line_1_16' title="bbox 804 2080 2827 2154; baseline 0 -16"><span class='ocrx_word' id='word_1_101' title='bbox 804 2087 875 2153; x_wconf 82' lang='grc' dir='ltr'><strong>(Α</strong></span> <span class='ocrx_word' id='word_1_102' title='bbox 904 2087 1062 2154; x_wconf 78' lang='lat' dir='ltr'><strong>gyo&#39;ri</strong></span> <span class='ocrx_word' id='word_1_103' title='bbox 1087 2082 1466 2153; x_wconf 63' lang='lat' dir='ltr'><strong>kaptalannak</strong></span> <span class='ocrx_word' id='word_1_104' title='bbox 1497 2085 1653 2137; x_wconf 76' lang='lat'><strong>1280.</strong></span> <span class='ocrx_word' id='word_1_105' title='bbox 1678 2084 1860 2139; x_wconf 70' lang='lat' dir='ltr'><strong>kun-{ili</strong></span> <span class='ocrx_word' id='word_1_106' title='bbox 1883 2080 2181 2139; x_wconf 55' lang='lat' dir='ltr'><strong>§titatkbol</strong></span> <span class='ocrx_word' id='word_1_107' title='bbox 2205 2099 2238 2137; x_wconf 74' lang='lat' dir='ltr'><strong>a</strong></span> <span class='ocrx_word' id='word_1_108' title='bbox 2264 2085 2428 2138; x_wconf 73' lang='lat' dir='ltr'><strong>budai</strong></span> <span class='ocrx_word' id='word_1_109' title='bbox 2452 2085 2555 2139; x_wconf 81' lang='lat' dir='ltr'><strong>kir.</strong></span> <span class='ocrx_word' id='word_1_110' title='bbox 2581 2086 2827 2139; x_wconf 72' lang='lat' dir='ltr'><strong>hamar-ai</strong></span> 
     </span>
     <span class='ocr_line' id='line_1_17' title="bbox 1615 2171 1998 2243; baseline 0.008 -17"><span class='ocrx_word' id='word_1_111' title='bbox 1615 2171 1998 2243; x_wconf 59' lang='lat' dir='ltr'><strong>leveltarban.)</strong></span> 
     </span>
    </p>
   </div>
   <div class='ocr_carea' id='block_1_5' title="bbox 1724 2915 1880 2984">
    <p class='ocr_par' dir='ltr' id='par_1_5' title="bbox 1724 2915 1880 2984">
     <span class='ocr_line' id='line_1_18' title="bbox 1724 2915 1880 2984; baseline -0.013 1"><span class='ocrx_word' id='word_1_112' title='bbox 1724 2915 1880 2984; x_wconf 75' lang='lat'><strong>295.</strong></span> 
     </span>
    </p>
   </div>
   <div class='ocr_carea' id='block_1_6' title="bbox 692 3096 2932 3402">
    <p class='ocr_par' dir='ltr' id='par_1_6' title="bbox 692 3096 2932 3402">
     <span class='ocr_line' id='line_1_19' title="bbox 692 3096 2932 3185; baseline -0.001 -22"><span class='ocrx_word' id='word_1_113' title='bbox 692 3098 752 3163; x_wconf 91' lang='lat' dir='ltr'><strong><em>A</em></strong></span> <span class='ocrx_word' id='word_1_114' title='bbox 786 3100 1177 3185; x_wconf 67' lang='lat' dir='ltr'><strong>somoqudm‘</strong></span> <span class='ocrx_word' id='word_1_115' title='bbox 1201 3096 1569 3163; x_wconf 75' lang='lat' dir='ltr'><strong>konventnek</strong></span> <span class='ocrx_word' id='word_1_116' title='bbox 1599 3098 2110 3185; x_wconf 65' lang='lat' dir='ltr'><strong>bizonysdylevele</strong></span> <span class='ocrx_word' id='word_1_117' title='bbox 2127 3147 2147 3178; x_wconf 92' lang='lat'><strong>,</strong></span> <span class='ocrx_word' id='word_1_118' title='bbox 2199 3099 2358 3185; x_wconf 71' lang='lat' dir='ltr'><strong>hoyy</strong></span> <span class='ocrx_word' id='word_1_119' title='bbox 2388 3097 2592 3185; x_wconf 70' lang='lat' dir='ltr'><strong>Heym</strong></span> <span class='ocrx_word' id='word_1_120' title='bbox 2626 3096 2932 3163; x_wconf 72' lang='lat' dir='ltr'><strong>comesnek</strong></span> 
     </span>
     <span class='ocr_line' id='line_1_20' title="bbox 694 3205 2929 3294; baseline -0.001 -24"><span class='ocrx_word' id='word_1_121' title='bbox 694 3208 801 3270; x_wconf 66' lang='lat' dir='ltr'><strong>fiai</strong></span> <span class='ocrx_word' id='word_1_122' title='bbox 833 3206 1099 3271; x_wconf 83' lang='lat' dir='ltr'><strong>Radban</strong></span> <span class='ocrx_word' id='word_1_123' title='bbox 1150 3205 1283 3270; x_wconf 58' lang='lat'><strong>&amp;06</strong></span> <span class='ocrx_word' id='word_1_124' title='bbox 1310 3205 1654 3272; x_wconf 75' lang='lat' dir='ltr'><strong>birtokukat</strong></span> <span class='ocrx_word' id='word_1_125' title='bbox 1689 3230 1729 3271; x_wconf 85' lang='lat' dir='ltr'><strong>a</strong></span> <span class='ocrx_word' id='word_1_126' title='bbox 1772 3208 2231 3293; x_wconf 80' lang='lat' dir='ltr'><strong>pannonhalmi</strong></span> <span class='ocrx_word' id='word_1_127' title='bbox 2275 3205 2664 3294; x_wconf 71' lang='lat' dir='ltr'><strong>apdtsdynak</strong></span> <span class='ocrx_word' id='word_1_128' title='bbox 2709 3205 2929 3268; x_wconf 76' lang='lat' dir='ltr'><strong>hcirom</strong></span> 
     </span>
     <span class='ocr_line' id='line_1_21' title="bbox 1295 3313 2319 3402; baseline 0 -25"><span class='ocrx_word' id='word_1_129' title='bbox 1295 3317 1696 3401; x_wconf 64' lang='lat' dir='ltr'><strong>ezfistqz&#39;rde&#39;rt</strong></span> <span class='ocrx_word' id='word_1_130' title='bbox 1724 3315 2091 3402; x_wconf 71' lang='lat' dir='ltr'><strong>dtenyedte&#39;k.</strong></span> <span class='ocrx_word' id='word_1_131' title='bbox 2125 3313 2319 3380; x_wconf 81' lang='lat'><em>1255.</em></span> 
     </span>
    </p>
   </div>
   <div class='ocr_carea' id='block_1_7' title="bbox 684 3508 2930 4804">
    <p class='ocr_par' dir='ltr' id='par_1_7' title="bbox 684 3508 2930 4804">
     <span class='ocr_line' id='line_1_22' title="bbox 903 3508 2920 3598; baseline -0.001 -21"><span class='ocrx_word' id='word_1_132' title='bbox 903 3509 978 3592; x_wconf 89' lang='grc' dir='ltr'><strong>Β.</strong></span> <span class='ocrx_word' id='word_1_133' title='bbox 1012 3509 1255 3576; x_wconf 71' lang='lat' dir='ltr'><strong>Diuixxa</strong></span> <span class='ocrx_word' id='word_1_134' title='bbox 1303 3508 1730 3578; x_wconf 86' lang='lat' dir='ltr'><strong>miseracione</strong></span> <span class='ocrx_word' id='word_1_135' title='bbox 1763 3511 1989 3580; x_wconf 88' lang='lat' dir='ltr'><strong>Abbas</strong></span> <span class='ocrx_word' id='word_1_136' title='bbox 2020 3511 2394 3598; x_wconf 83' lang='lat' dir='ltr'><strong>Monasterij</strong></span> <span class='ocrx_word' id='word_1_137' title='bbox 2444 3510 2668 3579; x_wconf 86' lang='lat' dir='ltr'><strong>Sancti</strong></span> <span class='ocrx_word' id='word_1_138' title='bbox 2699 3509 2920 3595; x_wconf 84' lang='lat' dir='ltr'><strong>Egidij</strong></span> 
     </span>
     <span class='ocr_line' id='line_1_23' title="bbox 693 3618 2928 3706; baseline 0 -20"><span class='ocrx_word' id='word_1_139' title='bbox 693 3620 775 3687; x_wconf 90' lang='lat' dir='ltr'><strong>de</strong></span> <span class='ocrx_word' id='word_1_140' title='bbox 804 3618 1079 3705; x_wconf 85' lang='lat' dir='ltr'><strong>Simigio</strong></span> <span class='ocrx_word' id='word_1_141' title='bbox 1111 3627 1177 3687; x_wconf 91' lang='lat' dir='ltr'><strong>et</strong></span> <span class='ocrx_word' id='word_1_142' title='bbox 1194 3618 1568 3688; x_wconf 84' lang='lat' dir='ltr'><strong>Conuentus</strong></span> <span class='ocrx_word' id='word_1_143' title='bbox 1600 3621 1893 3688; x_wconf 89' lang='lat' dir='ltr'><strong>eiusdem</strong></span> <span class='ocrx_word' id='word_1_144' title='bbox 1923 3621 2072 3706; x_wconf 90' lang='lat' dir='ltr'><strong>loci,</strong></span> <span class='ocrx_word' id='word_1_145' title='bbox 2105 3620 2425 3690; x_wconf 84' lang='lat' dir='ltr'><strong>vniuersis</strong></span> <span class='ocrx_word' id='word_1_146' title='bbox 2445 3620 2686 3688; x_wconf 82' lang='lat' dir='ltr'><strong>Christi</strong></span> <span class='ocrx_word' id='word_1_147' title='bbox 2726 3618 2928 3687; x_wconf 85' lang='lat' dir='ltr'><strong>fideli-</strong></span> 
     </span>
     <span class='ocr_line' id='line_1_24' title="bbox 692 3726 2929 3817; baseline 0 -23"><span class='ocrx_word' id='word_1_148' title='bbox 692 3727 812 3795; x_wconf 87' lang='lat' dir='ltr'><strong>bus</strong></span> <span class='ocrx_word' id='word_1_149' title='bbox 842 3733 978 3794; x_wconf 84' lang='lat' dir='ltr'><strong>tam</strong></span> <span class='ocrx_word' id='word_1_150' title='bbox 1008 3726 1417 3815; x_wconf 79' lang='lat' dir='ltr'><strong>presentibus</strong></span> <span class='ocrx_word' id='word_1_151' title='bbox 1448 3748 1643 3813; x_wconf 86' lang='lat' dir='ltr'><strong>quam</strong></span> <span class='ocrx_word' id='word_1_152' title='bbox 1675 3728 1930 3816; x_wconf 86' lang='lat' dir='ltr'><strong>futuris,</strong></span> <span class='ocrx_word' id='word_1_153' title='bbox 1970 3748 2242 3816; x_wconf 89' lang='lat' dir='ltr'><strong>presens</strong></span> <span class='ocrx_word' id='word_1_154' title='bbox 2271 3729 2580 3817; x_wconf 89' lang='lat' dir='ltr'><strong>scriptum</strong></span> <span class='ocrx_word' id='word_1_155' title='bbox 2607 3727 2929 3814; x_wconf 86' lang='lat' dir='ltr'><strong>inspectu·</strong></span> 
     </span>
     <span class='ocr_line' id='line_1_25' title="bbox 691 3835 2930 3923; baseline 0 -20"><span class='ocrx_word' id='word_1_156' title='bbox 691 3835 806 3921; x_wconf 84' lang='lat' dir='ltr'><strong>ris,</strong></span> <span class='ocrx_word' id='word_1_157' title='bbox 840 3837 1118 3905; x_wconf 90' lang='lat' dir='ltr'><strong>salutem</strong></span> <span class='ocrx_word' id='word_1_158' title='bbox 1151 3837 1216 3904; x_wconf 88' lang='lat' dir='ltr'><strong>in</strong></span> <span class='ocrx_word' id='word_1_159' title='bbox 1249 3855 1347 3922; x_wconf 86' lang='lat' dir='ltr'><strong>eo,</strong></span> <span class='ocrx_word' id='word_1_160' title='bbox 1381 3838 1491 3923; x_wconf 90' lang='lat' dir='ltr'><strong>qui</strong></span> <span class='ocrx_word' id='word_1_161' title='bbox 1524 3844 1624 3905; x_wconf 90' lang='lat' dir='ltr'><strong>est</strong></span> <span class='ocrx_word' id='word_1_162' title='bbox 1655 3840 1837 3907; x_wconf 86' lang='lat' dir='ltr'><strong>salus</strong></span> <span class='ocrx_word' id='word_1_163' title='bbox 1869 3838 2173 3905; x_wconf 86' lang='lat' dir='ltr'><strong>omnium.</strong></span> <span class='ocrx_word' id='word_1_164' title='bbox 2204 3838 2312 3906; x_wconf 86' lang='lat' dir='ltr'><strong>Ad</strong></span> <span class='ocrx_word' id='word_1_165' title='bbox 2339 3838 2647 3908; x_wconf 88' lang='lat' dir='ltr'><strong>noticiam</strong></span> <span class='ocrx_word' id='word_1_166' title='bbox 2678 3836 2930 3905; x_wconf 84' lang='lat' dir='ltr'><strong>vuinet-</strong></span> 
     </span>
     <span class='ocr_line' id='line_1_26' title="bbox 690 3944 2928 4033; baseline 0 -20"><span class='ocrx_word' id='word_1_167' title='bbox 690 3963 908 4013; x_wconf 89' lang='lat' dir='ltr'><strong>sorum</strong></span> <span class='ocrx_word' id='word_1_168' title='bbox 940 3946 1235 4014; x_wconf 90' lang='lat' dir='ltr'><strong>uolumus</strong></span> <span class='ocrx_word' id='word_1_169' title='bbox 1265 3945 1646 4033; x_wconf 82' lang='lat' dir='ltr'><strong>peruenire3</strong></span> <span class='ocrx_word' id='word_1_170' title='bbox 1701 3944 1875 4032; x_wconf 87' lang='lat' dir='ltr'><strong>quod</strong></span> <span class='ocrx_word' id='word_1_171' title='bbox 1905 3947 2139 4033; x_wconf 78' lang='lat' dir='ltr'><strong>Heym,</strong></span> <span class='ocrx_word' id='word_1_172' title='bbox 2176 3947 2421 4016; x_wconf 88' lang='lat' dir='ltr'><strong>Paulus</strong></span> <span class='ocrx_word' id='word_1_173' title='bbox 2468 3955 2535 4015; x_wconf 89' lang='lat' dir='ltr'><strong>et</strong></span> <span class='ocrx_word' id='word_1_174' title='bbox 2570 3946 2928 4031; x_wconf 82' lang='lat' dir='ltr'><strong>Dionysius</strong></span> 
     </span>
     <span class='ocr_line' id='line_1_27' title="bbox 684 4053 2925 4140; baseline 0 -19"><span class='ocrx_word' id='word_1_175' title='bbox 684 4053 801 4139; x_wconf 88' lang='lat' dir='ltr'><strong>filij</strong></span> <span class='ocrx_word' id='word_1_176' title='bbox 835 4054 1050 4140; x_wconf 80' lang='lat' dir='ltr'><strong>Heym</strong></span> <span class='ocrx_word' id='word_1_177' title='bbox 1077 4053 1347 4121; x_wconf 83' lang='lat' dir='ltr'><strong>Comitis</strong></span> <span class='ocrx_word' id='word_1_178' title='bbox 1396 4073 1615 4122; x_wconf 87' lang='lat' dir='ltr'><strong>coram</strong></span> <span class='ocrx_word' id='word_1_179' title='bbox 1644 4054 1837 4123; x_wconf 83' lang='lat' dir='ltr'><strong>nobis</strong></span> <span class='ocrx_word' id='word_1_180' title='bbox 1868 4055 2197 4124; x_wconf 86' lang='lat' dir='ltr'><strong>constituti</strong></span> <span class='ocrx_word' id='word_1_181' title='bbox 2244 4057 2399 4123; x_wconf 87' lang='lat' dir='ltr'><strong>uiva</strong></span> <span class='ocrx_word' id='word_1_182' title='bbox 2426 4075 2587 4122; x_wconf 88' lang='lat' dir='ltr'><strong>uoce</strong></span> <span class='ocrx_word' id='word_1_183' title='bbox 2631 4075 2925 4124; x_wconf 86' lang='lat' dir='ltr'><strong>asserue-</strong></span> 
     </span>
     <span class='ocr_line' id='line_1_28' title="bbox 687 4161 2927 4249; baseline 0.003 -21"><span class='ocrx_word' id='word_1_184' title='bbox 687 4169 857 4247; x_wconf 88' lang='lat' dir='ltr'><strong>runt,</strong></span> <span class='ocrx_word' id='word_1_185' title='bbox 890 4161 1066 4246; x_wconf 87' lang='lat' dir='ltr'><strong>quod</strong></span> <span class='ocrx_word' id='word_1_186' title='bbox 1095 4162 1366 4248; x_wconf 85' lang='lat' dir='ltr'><strong>triginta</strong></span> <span class='ocrx_word' id='word_1_187' title='bbox 1395 4163 1626 4249; x_wconf 83' lang='lat' dir='ltr'><strong>iugera</strong></span> <span class='ocrx_word' id='word_1_188' title='bbox 1653 4169 1971 4232; x_wconf 88' lang='lat' dir='ltr'><strong>terrarum</strong></span> <span class='ocrx_word' id='word_1_189' title='bbox 1990 4184 2135 4232; x_wconf 89' lang='lat' dir='ltr'><strong>cum</strong></span> <span class='ocrx_word' id='word_1_190' title='bbox 2168 4186 2296 4232; x_wconf 89' lang='lat' dir='ltr'><strong>uno</strong></span> <span class='ocrx_word' id='word_1_191' title='bbox 2325 4166 2540 4233; x_wconf 85' lang='lat' dir='ltr'><strong>feneto</strong></span> <span class='ocrx_word' id='word_1_192' title='bbox 2579 4172 2645 4232; x_wconf 89' lang='lat' dir='ltr'><strong>et</strong></span> <span class='ocrx_word' id='word_1_193' title='bbox 2675 4164 2927 4234; x_wconf 87' lang='lat' dir='ltr'><strong>duabus</strong></span> 
     </span>
     <span class='ocr_line' id='line_1_29' title="bbox 687 4269 2926 4362; baseline 0.002 -25"><span class='ocrx_word' id='word_1_194' title='bbox 687 4269 896 4339; x_wconf 88' lang='lat' dir='ltr'><strong>uineis</strong></span> <span class='ocrx_word' id='word_1_195' title='bbox 941 4271 1009 4342; x_wconf 90' lang='lat' dir='ltr'><strong>in</strong></span> <span class='ocrx_word' id='word_1_196' title='bbox 1060 4271 1222 4338; x_wconf 85' lang='lat' dir='ltr'><strong>villa</strong></span> <span class='ocrx_word' id='word_1_197' title='bbox 1268 4271 1414 4340; x_wconf 87' lang='lat' dir='ltr'><strong>Rad</strong></span> <span class='ocrx_word' id='word_1_198' title='bbox 1463 4273 1913 4360; x_wconf 84' lang='lat' dir='ltr'><strong>existentibus,</strong></span> <span class='ocrx_word' id='word_1_199' title='bbox 1962 4295 2080 4362; x_wconf 91' lang='lat' dir='ltr'><strong>pro</strong></span> <span class='ocrx_word' id='word_1_200' title='bbox 2109 4274 2396 4343; x_wconf 86' lang='lat' dir='ltr'><strong>remedio</strong></span> <span class='ocrx_word' id='word_1_201' title='bbox 2444 4274 2661 4342; x_wconf 86' lang='lat' dir='ltr'><strong>anime</strong></span> <span class='ocrx_word' id='word_1_202' title='bbox 2718 4275 2926 4362; x_wconf 83' lang='lat' dir='ltr'><strong>patris</strong></span> 
     </span>
     <span class='ocr_line' id='line_1_30' title="bbox 687 4380 2923 4470; baseline 0.002 -23"><span class='ocrx_word' id='word_1_203' title='bbox 687 4399 925 4465; x_wconf 89' lang='lat' dir='ltr'><strong>eorum,</strong></span> <span class='ocrx_word' id='word_1_204' title='bbox 958 4386 1025 4447; x_wconf 92' lang='lat' dir='ltr'><strong>et</strong></span> <span class='ocrx_word' id='word_1_205' title='bbox 1055 4380 1320 4468; x_wconf 88' lang='lat' dir='ltr'><strong>insuper</strong></span> <span class='ocrx_word' id='word_1_206' title='bbox 1350 4401 1471 4468; x_wconf 89' lang='lat' dir='ltr'><strong>pro</strong></span> <span class='ocrx_word' id='word_1_207' title='bbox 1501 4383 1710 4451; x_wconf 85' lang='lat' dir='ltr'><strong>tribus</strong></span> <span class='ocrx_word' id='word_1_208' title='bbox 1742 4384 1976 4451; x_wconf 89' lang='lat' dir='ltr'><strong>marcis</strong></span> <span class='ocrx_word' id='word_1_209' title='bbox 2008 4384 2263 4470; x_wconf 86' lang='lat' dir='ltr'><strong>argenti</strong></span> <span class='ocrx_word' id='word_1_210' title='bbox 2282 4385 2679 4452; x_wconf 83' lang='lat' dir='ltr'><strong>Monasterio</strong></span> <span class='ocrx_word' id='word_1_211' title='bbox 2699 4386 2923 4452; x_wconf 84' lang='lat' dir='ltr'><strong>Sancti</strong></span> 
     </span>
     <span class='ocr_line' id='line_1_31' title="bbox 685 4489 2922 4583; baseline 0.004 -27"><span class='ocrx_word' id='word_1_212' title='bbox 685 4490 947 4557; x_wconf 86' lang='lat' dir='ltr'><strong>Martini</strong></span> <span class='ocrx_word' id='word_1_213' title='bbox 980 4489 1063 4557; x_wconf 90' lang='lat' dir='ltr'><strong>de</strong></span> <span class='ocrx_word' id='word_1_214' title='bbox 1091 4491 1293 4559; x_wconf 86' lang='lat' dir='ltr'><strong>Sacro</strong></span> <span class='ocrx_word' id='word_1_215' title='bbox 1325 4491 1542 4559; x_wconf 81' lang='lat' dir='ltr'><strong>Monte</strong></span> <span class='ocrx_word' id='word_1_216' title='bbox 1571 4493 1913 4561; x_wconf 90' lang='lat' dir='ltr'><strong>Pannonie</strong></span> <span class='ocrx_word' id='word_1_217' title='bbox 1960 4494 2385 4564; x_wconf 87' lang='lat' dir='ltr'><strong>contulissent</strong></span> <span class='ocrx_word' id='word_1_218' title='bbox 2435 4503 2745 4583; x_wconf 88' lang='lat' dir='ltr'><strong>perpetuo</strong></span> <span class='ocrx_word' id='word_1_219' title='bbox 2776 4517 2922 4583; x_wconf 86' lang='lat' dir='ltr'><strong>pos·</strong></span> 
     </span>
     <span class='ocr_line' id='line_1_32' title="bbox 684 4597 2921 4692; baseline 0.003 -26"><span class='ocrx_word' id='word_1_220' title='bbox 684 4597 1017 4666; x_wconf 86' lang='lat' dir='ltr'><strong>sidendas.</strong></span> <span class='ocrx_word' id='word_1_221' title='bbox 1068 4601 1376 4668; x_wconf 86' lang='lat' dir='ltr'><strong>Preterea</strong></span> <span class='ocrx_word' id='word_1_222' title='bbox 1406 4600 1619 4671; x_wconf 86' lang='lat' dir='ltr'><strong>dictus</strong></span> <span class='ocrx_word' id='word_1_223' title='bbox 1648 4600 1862 4687; x_wconf 84' lang='lat' dir='ltr'><strong>Heym</strong></span> <span class='ocrx_word' id='word_1_224' title='bbox 1893 4621 2038 4669; x_wconf 91' lang='lat' dir='ltr'><strong>cum</strong></span> <span class='ocrx_word' id='word_1_225' title='bbox 2077 4603 2389 4671; x_wconf 81' lang='lat' dir='ltr'><strong>fratribus</strong></span> <span class='ocrx_word' id='word_1_226' title='bbox 2425 4604 2561 4672; x_wconf 87' lang='lat' dir='ltr'><strong>suis</strong></span> <span class='ocrx_word' id='word_1_227' title='bbox 2601 4606 2921 4692; x_wconf 88' lang='lat' dir='ltr'><strong>prenomi-</strong></span> 
     </span>
     <span class='ocr_line' id='line_1_33' title="bbox 687 4708 2921 4804; baseline 0.004 -28"><span class='ocrx_word' id='word_1_228' title='bbox 687 4709 861 4776; x_wconf 88' lang='lat' dir='ltr'><strong>natis</strong></span> <span class='ocrx_word' id='word_1_229' title='bbox 892 4708 1211 4792; x_wconf 77' lang='lat' dir='ltr'><strong>obligauit</strong></span> <span class='ocrx_word' id='word_1_230' title='bbox 1240 4729 1334 4794; x_wconf 86' lang='lat' dir='ltr'><strong>se,</strong></span> <span class='ocrx_word' id='word_1_231' title='bbox 1386 4711 1560 4794; x_wconf 87' lang='lat' dir='ltr'><strong>quod</strong></span> <span class='ocrx_word' id='word_1_232' title='bbox 1591 4712 1648 4778; x_wconf 88' lang='lat' dir='ltr'><strong>si</strong></span> <span class='ocrx_word' id='word_1_233' title='bbox 1699 4712 1920 4798; x_wconf 87' lang='lat' dir='ltr'><strong>aliquo</strong></span> <span class='ocrx_word' id='word_1_234' title='bbox 1971 4720 2259 4801; x_wconf 90' lang='lat' dir='ltr'><strong>tempore</strong></span> <span class='ocrx_word' id='word_1_235' title='bbox 2308 4715 2602 4801; x_wconf 86' lang='lat' dir='ltr'><strong>predicta</strong></span> <span class='ocrx_word' id='word_1_236' title='bbox 2650 4715 2921 4804; x_wconf 84' lang='lat' dir='ltr'><strong>triginta</strong></span> 
     </span>
    </p>
   </div>
  </div>
 </body>
</html>
