3359 5250
1756 407 1842 473 36

1753 972 1867 1039 23.

673 1161 797 1226 IV.
839 1157 999 1224 Be'la
1051 1156 1398 1243 kirdlynak
1446 1151 1755 1221 rendelete
1803 1150 2055 1216 Arnold
2102 1149 2486 1238 zalameqyei
2519 1150 2934 1238 fliispeirthoz,

677 1267 980 1353 Goztolya
1030 1264 1274 1351 helysdg]
1323 1263 1584 1326 hatdrai
1617 1258 2176 1345 senniartdsdnak
2226 1259 2599 1345 tdrqyciban,
2652 1259 2937 1344 melynek

896 1369 1161 1457 folytdn
1193 1370 1446 1436 Amold
1462 1368 1741 1455 fb'z’epdn
1774 1377 1864 1432 ott
1888 1367 2288 1452 hatdvja'rdst
2320 1376 2469 1430 tart.
2503 1368 2698 1431 1237.

889 1603 978 1614 --
1010 1603 1096 1613 -
1129 1565 1427 1632 Prefatns
1448 1563 1771 1647 Georgius
1802 1563 1870 1627 in
1896 1580 2018 1627 sua
2049 1569 2115 1627 et
2145 1560 2422 1647 predicti
2443 1560 2763 1628 Johannis
2797 1581 2938 1647 per-

678 1675 857 1742 sonis
910 1671 1234 1757 quasdam
1282 1671 1451 1739 duas
1500 1672 1774 1753 litterae,
1830 1689 2023 1735 vnam
2067 1669 2310 1736 domini
2345 1670 2502 1734 Bele
2546 1669 2703 1735 olim
2734 1668 2937 1752 Regis

676 1781 1012 1865 Hnngarie
1044 1781 1338 1846 clansam
1369 1800 1609 1846 annum
1642 1797 1760 1843 sne
1793 1776 2237 1842 emanaeionis
2269 1797 2398 1843 non
2430 1775 2817 1859 habentem3
2869 1789 2936 1841 et

680 1888 1033 1955 secundam
1065 1888 1337 1956 Amoldi
1371 1887 1642 1954 Comitis
1675 1885 2092 1953 Zaladiensis
2131 1885 2199 1950 in
2231 1905 2405 1951 anno
2438 1885 2702 1951 Domini
2735 1884 2936 1950 mille-

683 1996 847 2064 simo
878 1997 1320 2064 ducentesimo
1369 1997 1700 2063 tricesimo
1735 1994 2016 2081 septimo
2065 1993 2426 2060 confectam
2458 1993 2647 2060 nobis
2679 2012 2938 2079 presen-

679 2105 864 2169 tauit.
916 2107 990 2170 In
1031 2124 1307 2188 quarum
1354 2105 1565 2189 vnius,
1616 2102 1927 2169 videlieet
1974 2102 2183 2187 ipsius
2235 2101 2478 2168 domini
2525 2100 2687 2168 Bele
2735 2100 2936 2184 Regis

677 2211 892 2278 littere
925 2212 1331 2278 continencia
1355 2211 1591 2279 Comiti
1623 2210 1913 2277 Arnoldo
1948 2211 2339 2276 transmissa
2375 2210 2539 2275 inter
2572 2216 2793 2275 cetera
2822 2207 2936 2273 ha·

681 2319 994 2403 bebatur3
1048 2317 1223 2404 qnod
1267 2318 1589 2388 accedens
1643 2320 1733 2386 ad
1778 2318 2190 2404 presenciam
2239 2316 2448 2403 ipsius
2500 2316 2746 2384 domini
2775 2314 2936 2381 Bele

678 2426 879 2509 Regis
912 2426 1143 2493 Comes
1177 2430 1397 2494 Panus
1435 2428 1563 2494 sibi
1616 2425 2073 2511 conquerendo
2127 2423 2422 2507 dixisset,
2476 2423 2650 2508 qnod
2696 2421 2938 2489 Hahol-

689 2534 811 2600 dus
842 2532 1074 2603 Comes
1102 2535 1637 2623 composicionem
1672 2554 1788 2620 per
1818 2533 2034 2620 ipsum
2066 2532 2384 2599 Comitem
2410 2531 2772 2598 Arnoldum
2808 2528 2937 2595 fae-

677 2651 812 2708 tam
863 2652 926 2709 et
975 2644 1344 2710 ordinatam
1395 2642 1916 2728 transgrediens,
1972 2649 2180 2708 metas
2227 2648 2396 2706 terre
2448 2661 2566 2706 sne
2614 2638 2932 2723 Gestolia‚

679 2757 869 2836 prout
917 2752 983 2816 in
1012 2752 1250 2818 litteris
1303 2752 1437 2818 suis
1470 2751 1826 2837 Regalibus
1877 2750 2329 2833 contineretur,
2383 2768 2503 2835 per
2541 2746 2801 2813 fidelem
2834 2767 2936 2812 ca·

682 2857 1015 2942 pellannm
1047 2878 1235 2929 suum
1267 2858 1543 2924 Paulum
1575 2856 1987 2925 sacerdotem
2019 2857 2163 2943 ipso
2197 2855 2446 2923 Comite
2477 2855 2767 2923 Arnoldo
2798 2875 2936 2941 pre·

678 2968 864 3030 sente
895 2963 1289 3049 assignatae,
1341 2965 1811 3048 destruxisset3
1865 2964 2036 3031 vnde
2089 2965 2235 3050 ipse
2269 2963 2565 3030 dominus
2596 2962 2762 3028 Bela
2792 2962 2936 3028 Rex

679 3072 802 3157 hys
852 3071 1181 3157 perceptis
1246 3069 1459 3138 eidem
1511 3070 1752 3140 Comiti
1801 3070 2089 3139 Arnoldo
2138 3071 2550 3157 mandasset,
2615 3079 2936 3155 quatenus

678 3179 837 3245 visis
871 3178 1117 3246 eisdem
1170 3179 1404 3264 litteris
1436 3182 1571 3248 suis
1603 3180 1691 3246 ad
1725 3181 1967 3246 dictam
2000 3186 2240 3245 terram
2290 3178 2726 3265 personaliter
2757 3197 2934 3243 acce·

678 3286 864 3351 deret
894 3305 1039 3351 cum
1069 3293 1412 3372 prenotato
1445 3288 1651 3354 Paulo
1687 3287 2050 3370 sacerdote,
2093 3294 2159 3352 et
2196 3287 2254 3353 si
2286 3286 2526 3354 dietum
2557 3285 2933 3352 Haholdum

679 3395 991 3459 Comitem
1027 3393 1276 3478 aliquid
1306 3403 1529 3461 contra
1561 3395 2104 3482 composicionem
2136 3394 2378 3460 factam
2407 3394 2642 3460 fecisse
2660 3394 2933 3478 videret,

679 3507 971 3570 moneret
1019 3500 1141 3566 hoe
1172 3500 1240 3566 in
1271 3502 1502 3567 melius
1555 3501 1930 3585 reformari;
1985 3501 2274 3585 alioquin
2325 3500 2538 3567 eidem
2589 3501 2932 3567 terminum

680 3611 1052 3696 assignaret
1101 3627 1320 3674 eoram
1349 3610 1483 3675 Sua
1513 3609 1725 3692 Regia
1755 3608 2175 3675 Excelleneia
2225 3607 2647 3695 comparendi
2682 3627 2932 3694 compe-

678 3723 942 3801 tentem,
976 3721 1042 3782 et
1062 3736 1258 3803 super
1279 3717 1616 3803 premissis
1637 3724 1866 3785 contra
1887 3721 2105 3783 Panus
2132 3717 2448 3785 Comitem
2467 3714 2929 3802 respondendi,

681 3833 746 3891 et
796 3823 1179 3891 citacionem
1228 3826 1296 3890 in
1330 3828 1737 3911 presenciam
1786 3847 1971 3894 suam
2019 3827 2297 3910 Regiam
2346 3824 2588 3890 factam
2639 3843 2785 3890 eum
2835 3824 2931 3891 rei

678 3931 847 3998 serie
878 3931 1007 3997 sibi
1037 3931 1105 3997 in
1138 3933 1274 3999 suis
1306 3933 1539 4001 litteris
1572 3933 1717 4020 ipse
1750 3934 1986 4001 Comes
2007 3933 2337 4000 Arnoldus
2376 3931 2657 3999 fideliter
2680 3932 2932 3999 inlima-

676 4045 792 4107 ret.
829 4040 905 4104 In
938 4040 1224 4105 secunde
1252 4059 1428 4126 vero,
1470 4041 1724 4108 scilieet
1755 4042 1960 4127 ipsius
1982 4042 2257 4107 Arnoldi
2291 4040 2560 4106 Comitis
2592 4039 2932 4106 Zaladien-

676 4146 770 4211 sis
802 4146 1019 4212 littere
1051 4148 1487 4233 priuilegialis
1538 4159 1766 4215 tenore
1813 4149 1982 4214 inter
2014 4148 2151 4214 alia
2181 4146 2568 4231 habebatur,
2622 4146 2796 4229 quod
2826 4148 2934 4215 do·

675 4254 887 4320 minus
919 4255 1080 4321 Bela
1111 4258 1252 4323 Rex
1281 4278 1400 4344 per
1448 4258 1701 4324 litteras
1734 4279 1889 4326 suas
1943 4258 2070 4343 ipsi
2108 4257 2343 4325 Comiti
2377 4252 2668 4322 Arnoldo
2718 4274 2933 4341 prece-

671 4364 896 4447 pisset,
950 4370 1021 4429 vt
1053 4364 1139 4430 ad
1170 4373 1410 4431 terram
1443 4367 1660 4433 Pauus
1713 4367 1797 4432 de
1832 4367 2173 4451 Goztolya‚
2220 4385 2413 4449 quam
2462 4371 2701 4429 terram
2753 4368 2930 4428 ante·

672 4486 964 4535 cessores
1013 4470 1116 4534 sui
1148 4470 1658 4555 descendissent,
1712 4473 1795 4538 de
1826 4492 1957 4555 qua
1996 4478 2174 4538 terra
2203 4472 2424 4537 Pauus
2476 4468 2771 4555 predicto
2824 4469 2933 4534 do-

673 4574 846 4642 mino
878 4575 1033 4642 Bele
1064 4579 1231 4662 Regi
1262 4579 1496 4646 fuisset
1544 4587 1956 4665 conquestus,
2007 4580 2178 4664 quod
2212 4580 2298 4646 ab
2332 4599 2409 4646 eo
2442 4578 2660 4664 ipsam
2689 4581 2931 4643 terram

671 4682 844 4749 idem
896 4682 1130 4751 Comes
1179 4686 1506 4755 Arnoldus
1558 4688 1875 4756 voluisset
1930 4686 2225 4771 auferre3
2291 4686 2434 4773 ipse
2484 4704 2641 4751 vero
2693 4682 2928 4750 Comes
