<?xml version="1.0" encoding="UTF-8"?>
<!DOCTYPE html PUBLIC "-//W3C//DTD XHTML 1.0 Transitional//EN"
    "http://www.w3.org/TR/xhtml1/DTD/xhtml1-transitional.dtd">
<html xmlns="http://www.w3.org/1999/xhtml" xml:lang="en" lang="en">
 <head>
  <title>
</title>
<meta http-equiv="Content-Type" content="text/html;charset=utf-8" />
  <meta name='ocr-system' content='tesseract 3.04.00' />
  <meta name='ocr-capabilities' content='ocr_page ocr_carea ocr_par ocr_line ocrx_word'/>
</head>
<body>
  <div class='ocr_page' id='page_1' title='image "./codexdiplomatic09unkngoog_0294.png"; bbox 0 0 3359 5250; ppageno 0'>
   <div class='ocr_carea' id='block_1_1' title="bbox 1807 363 1939 431">
    <p class='ocr_par' dir='ltr' id='par_1_1' title="bbox 1807 363 1939 431">
     <span class='ocr_line' id='line_1_1' title="bbox 1807 363 1939 431; baseline 0 -1"><span class='ocrx_word' id='word_1_1' title='bbox 1807 363 1939 431; x_wconf 80' lang='lat'><strong>254</strong></span> 
     </span>
    </p>
   </div>
   <div class='ocr_carea' id='block_1_2' title="bbox 1726 454 2041 465">
    <p class='ocr_par' dir='ltr' id='par_1_2' title="bbox 1726 454 2041 465">
     <span class='ocr_line' id='line_1_2' title="bbox 1726 454 2041 465; baseline 0 4785"><span class='ocrx_word' id='word_1_2' title='bbox 1726 454 2041 465; x_wconf 95' lang='lat' dir='ltr'><strong> </strong></span> 
     </span>
    </p>
   </div>
   <div class='ocr_carea' id='block_1_3' title="bbox 746 554 3021 3368">
    <p class='ocr_par' dir='ltr' id='par_1_3' title="bbox 746 554 3021 3368">
     <span class='ocr_line' id='line_1_3' title="bbox 746 554 3012 645; baseline 0 -22"><span class='ocrx_word' id='word_1_3' title='bbox 746 554 1098 644; x_wconf 75' lang='lat' dir='ltr'><strong>plicarunt,</strong></span> <span class='ocrx_word' id='word_1_4' title='bbox 1132 565 1204 625; x_wconf 89' lang='lat' dir='ltr'><strong>ut</strong></span> <span class='ocrx_word' id='word_1_5' title='bbox 1236 558 1479 626; x_wconf 86' lang='lat' dir='ltr'><strong>dictam</strong></span> <span class='ocrx_word' id='word_1_6' title='bbox 1500 565 1738 628; x_wconf 85' lang='lat' dir='ltr'><strong>terram</strong></span> <span class='ocrx_word' id='word_1_7' title='bbox 1773 560 2022 629; x_wconf 87' lang='lat' dir='ltr'><strong>eisdem</strong></span> <span class='ocrx_word' id='word_1_8' title='bbox 2042 559 2381 629; x_wconf 75' lang='lat' dir='ltr'><strong>restituere</strong></span> <span class='ocrx_word' id='word_1_9' title='bbox 2399 559 2838 645; x_wconf 85' lang='lat' dir='ltr'><strong>dignaremur.</strong></span> <span class='ocrx_word' id='word_1_10' title='bbox 2873 559 3012 627; x_wconf 84' lang='lat' dir='ltr'><strong>Nos</strong></span> 
     </span>
     <span class='ocr_line' id='line_1_4' title="bbox 747 666 3014 756; baseline -0 -20"><span class='ocrx_word' id='word_1_11' title='bbox 747 687 927 755; x_wconf 81' lang='lat' dir='ltr'><strong>ergo,</strong></span> <span class='ocrx_word' id='word_1_12' title='bbox 974 666 1085 751; x_wconf 89' lang='lat' dir='ltr'><strong>qui</strong></span> <span class='ocrx_word' id='word_1_13' title='bbox 1118 687 1200 736; x_wconf 84' lang='lat' dir='ltr'><strong>ex</strong></span> <span class='ocrx_word' id='word_1_14' title='bbox 1230 670 1516 756; x_wconf 88' lang='lat' dir='ltr'><strong>suscepti</strong></span> <span class='ocrx_word' id='word_1_15' title='bbox 1546 670 1887 756; x_wconf 79' lang='lat' dir='ltr'><strong>regiminis</strong></span> <span class='ocrx_word' id='word_1_16' title='bbox 1919 668 2133 739; x_wconf 86' lang='lat' dir='ltr'><strong>officio</strong></span> <span class='ocrx_word' id='word_1_17' title='bbox 2168 669 2314 737; x_wconf 88' lang='lat' dir='ltr'><strong>iura</strong></span> <span class='ocrx_word' id='word_1_18' title='bbox 2347 668 2796 737; x_wconf 84' lang='lat' dir='ltr'><strong>vniuersorum</strong></span> <span class='ocrx_word' id='word_1_19' title='bbox 2838 673 3014 735; x_wconf 88' lang='lat' dir='ltr'><strong>tene·</strong></span> 
     </span>
     <span class='ocr_line' id='line_1_5' title="bbox 747 775 3014 867; baseline 0 -21"><span class='ocrx_word' id='word_1_20' title='bbox 747 798 890 846; x_wconf 89' lang='lat' dir='ltr'><strong>mur</strong></span> <span class='ocrx_word' id='word_1_21' title='bbox 920 775 1312 864; x_wconf 83' lang='lat' dir='ltr'><strong>confouere;</strong></span> <span class='ocrx_word' id='word_1_22' title='bbox 1349 777 1858 866; x_wconf 76' lang='lat' dir='ltr'><strong>considerantes,</strong></span> <span class='ocrx_word' id='word_1_23' title='bbox 1891 780 2067 865; x_wconf 87' lang='lat' dir='ltr'><strong>quod</strong></span> <span class='ocrx_word' id='word_1_24' title='bbox 2097 800 2215 867; x_wconf 92' lang='lat' dir='ltr'><strong>per</strong></span> <span class='ocrx_word' id='word_1_25' title='bbox 2245 779 2676 846; x_wconf 85' lang='lat' dir='ltr'><strong>instrumenta</strong></span> <span class='ocrx_word' id='word_1_26' title='bbox 2694 776 3014 863; x_wconf 85' lang='lat' dir='ltr'><strong>Demetrij</strong></span> 
     </span>
     <span class='ocr_line' id='line_1_6' title="bbox 749 884 3016 976; baseline -0.001 -20"><span class='ocrx_word' id='word_1_27' title='bbox 749 884 1022 956; x_wconf 87' lang='lat' dir='ltr'><strong>Comitis</strong></span> <span class='ocrx_word' id='word_1_28' title='bbox 1055 885 1139 953; x_wconf 91' lang='lat' dir='ltr'><strong>de</strong></span> <span class='ocrx_word' id='word_1_29' title='bbox 1170 905 1413 971; x_wconf 85' lang='lat' dir='ltr'><strong>genere</strong></span> <span class='ocrx_word' id='word_1_30' title='bbox 1442 886 1590 956; x_wconf 88' lang='lat' dir='ltr'><strong>Aba</strong></span> <span class='ocrx_word' id='word_1_31' title='bbox 1622 894 1688 955; x_wconf 89' lang='lat' dir='ltr'><strong>et</strong></span> <span class='ocrx_word' id='word_1_32' title='bbox 1719 886 2008 976; x_wconf 79' lang='lat' dir='ltr'>Capituli</span> <span class='ocrx_word' id='word_1_33' title='bbox 2038 885 2506 971; x_wconf 79' lang='lat' dir='ltr'><strong>Zagrabiensis</strong></span> <span class='ocrx_word' id='word_1_34' title='bbox 2535 884 2727 953; x_wconf 91' lang='lat' dir='ltr'><strong>nobis</strong></span> <span class='ocrx_word' id='word_1_35' title='bbox 2757 884 3016 972; x_wconf 84' lang='lat' dir='ltr'><strong>plenius</strong></span> 
     </span>
     <span class='ocr_line' id='line_1_7' title="bbox 754 994 3017 1084; baseline -0.001 -22"><span class='ocrx_word' id='word_1_36' title='bbox 754 995 1065 1080; x_wconf 88' lang='lat' dir='ltr'><strong>constitit,</strong></span> <span class='ocrx_word' id='word_1_37' title='bbox 1100 996 1282 1083; x_wconf 91' lang='lat' dir='ltr'><strong>ipsos</strong></span> <span class='ocrx_word' id='word_1_38' title='bbox 1315 997 1401 1064; x_wconf 91' lang='lat' dir='ltr'><strong>ab</strong></span> <span class='ocrx_word' id='word_1_39' title='bbox 1434 996 1703 1082; x_wconf 87' lang='lat' dir='ltr'><strong>antiquo</strong></span> <span class='ocrx_word' id='word_1_40' title='bbox 1735 997 1978 1065; x_wconf 91' lang='lat' dir='ltr'><strong>dictam</strong></span> <span class='ocrx_word' id='word_1_41' title='bbox 2016 1003 2253 1065; x_wconf 90' lang='lat' dir='ltr'><strong>terram</strong></span> <span class='ocrx_word' id='word_1_42' title='bbox 2285 994 2700 1084; x_wconf 79' lang='lat' dir='ltr'><strong>possedisse3</strong></span> <span class='ocrx_word' id='word_1_43' title='bbox 2730 995 3017 1062; x_wconf 82' lang='lat' dir='ltr'><strong>maxime</strong></span> 
     </span>
     <span class='ocr_line' id='line_1_8' title="bbox 757 1101 3014 1190; baseline 0.001 -22"><span class='ocrx_word' id='word_1_44' title='bbox 757 1108 995 1190; x_wconf 86' lang='lat' dir='ltr'><strong>autem,</strong></span> <span class='ocrx_word' id='word_1_45' title='bbox 1048 1101 1223 1188; x_wconf 90' lang='lat' dir='ltr'><strong>quod</strong></span> <span class='ocrx_word' id='word_1_46' title='bbox 1257 1123 1404 1172; x_wconf 90' lang='lat' dir='ltr'><strong>eum</strong></span> <span class='ocrx_word' id='word_1_47' title='bbox 1435 1103 1524 1171; x_wconf 85' lang='lat' dir='ltr'><strong>ad</strong></span> <span class='ocrx_word' id='word_1_48' title='bbox 1555 1102 1871 1173; x_wconf 88' lang='lat' dir='ltr'><strong>maiorem</strong></span> <span class='ocrx_word' id='word_1_49' title='bbox 1903 1105 2229 1173; x_wconf 87' lang='lat' dir='ltr'><strong>cautelam</strong></span> <span class='ocrx_word' id='word_1_50' title='bbox 2277 1103 2685 1173; x_wconf 83' lang='lat' dir='ltr'><strong>dedissemus</strong></span> <span class='ocrx_word' id='word_1_51' title='bbox 2733 1101 2804 1170; x_wconf 89' lang='lat' dir='ltr'><strong>in</strong></span> <span class='ocrx_word' id='word_1_52' title='bbox 2834 1123 3014 1170; x_wconf 84' lang='lat' dir='ltr'><strong>mau-</strong></span> 
     </span>
     <span class='ocr_line' id='line_1_9' title="bbox 751 1208 3014 1301; baseline 0.001 -24"><span class='ocrx_word' id='word_1_53' title='bbox 751 1208 933 1278; x_wconf 85' lang='lat' dir='ltr'><strong>datis</strong></span> <span class='ocrx_word' id='word_1_54' title='bbox 965 1210 1208 1280; x_wconf 89' lang='lat' dir='ltr'><strong>dilecto</strong></span> <span class='ocrx_word' id='word_1_55' title='bbox 1244 1220 1309 1281; x_wconf 88' lang='lat' dir='ltr'><strong>et</strong></span> <span class='ocrx_word' id='word_1_56' title='bbox 1341 1212 1521 1281; x_wconf 87' lang='lat' dir='ltr'><strong>fideli</strong></span> <span class='ocrx_word' id='word_1_57' title='bbox 1549 1222 1773 1283; x_wconf 89' lang='lat' dir='ltr'><strong>nostro</strong></span> <span class='ocrx_word' id='word_1_58' title='bbox 1792 1216 1975 1301; x_wconf 84' lang='lat' dir='ltr'><strong>Ecoy</strong></span> <span class='ocrx_word' id='word_1_59' title='bbox 1995 1212 2231 1282; x_wconf 86' lang='lat' dir='ltr'><strong>Comiti</strong></span> <span class='ocrx_word' id='word_1_60' title='bbox 2263 1213 2347 1280; x_wconf 91' lang='lat' dir='ltr'><strong>de</strong></span> <span class='ocrx_word' id='word_1_61' title='bbox 2364 1216 2624 1282; x_wconf 84' lang='lat' dir='ltr'><strong>worost</strong></span> <span class='ocrx_word' id='word_1_62' title='bbox 2642 1210 3014 1297; x_wconf 87' lang='lat' dir='ltr'><strong>inquisicio-</strong></span> 
     </span>
     <span class='ocr_line' id='line_1_10' title="bbox 758 1319 3017 1411; baseline 0 -24"><span class='ocrx_word' id='word_1_63' title='bbox 758 1340 905 1389; x_wconf 87' lang='lat' dir='ltr'><strong>nem</strong></span> <span class='ocrx_word' id='word_1_64' title='bbox 937 1339 1136 1408; x_wconf 90' lang='lat' dir='ltr'><strong>super</strong></span> <span class='ocrx_word' id='word_1_65' title='bbox 1164 1319 1313 1409; x_wconf 79' lang='lat' dir='ltr'><strong>ipsa</strong></span> <span class='ocrx_word' id='word_1_66' title='bbox 1361 1327 1539 1391; x_wconf 83' lang='lat' dir='ltr'><strong>terra</strong></span> <span class='ocrx_word' id='word_1_67' title='bbox 1567 1321 1956 1411; x_wconf 87' lang='lat' dir='ltr'><strong>faciendam,</strong></span> <span class='ocrx_word' id='word_1_68' title='bbox 2009 1323 2270 1391; x_wconf 88' lang='lat' dir='ltr'><strong>rediens</strong></span> <span class='ocrx_word' id='word_1_69' title='bbox 2302 1322 2476 1391; x_wconf 87' lang='lat' dir='ltr'><strong>idem</strong></span> <span class='ocrx_word' id='word_1_70' title='bbox 2525 1320 2617 1389; x_wconf 86' lang='lat' dir='ltr'><strong>ad</strong></span> <span class='ocrx_word' id='word_1_71' title='bbox 2645 1341 2765 1389; x_wconf 87' lang='lat' dir='ltr'><strong>nos</strong></span> <span class='ocrx_word' id='word_1_72' title='bbox 2795 1322 3017 1390; x_wconf 87' lang='lat' dir='ltr'><strong>retulit</strong></span> 
     </span>
     <span class='ocr_line' id='line_1_11' title="bbox 754 1429 3017 1520; baseline 0 -23"><span class='ocrx_word' id='word_1_73' title='bbox 754 1429 911 1497; x_wconf 91' lang='lat' dir='ltr'><strong>uiua</strong></span> <span class='ocrx_word' id='word_1_74' title='bbox 942 1449 1124 1516; x_wconf 89' lang='lat' dir='ltr'><strong>uoce,</strong></span> <span class='ocrx_word' id='word_1_75' title='bbox 1160 1431 1336 1517; x_wconf 91' lang='lat' dir='ltr'><strong>quod</strong></span> <span class='ocrx_word' id='word_1_76' title='bbox 1367 1448 1572 1518; x_wconf 87' lang='lat' dir='ltr'><strong>usque</strong></span> <span class='ocrx_word' id='word_1_77' title='bbox 1603 1432 1694 1500; x_wconf 91' lang='lat' dir='ltr'><strong>ad</strong></span> <span class='ocrx_word' id='word_1_78' title='bbox 1723 1440 2001 1520; x_wconf 89' lang='lat' dir='ltr'><strong>tempus,</strong></span> <span class='ocrx_word' id='word_1_79' title='bbox 2049 1452 2176 1519; x_wconf 90' lang='lat' dir='ltr'><strong>quo</strong></span> <span class='ocrx_word' id='word_1_80' title='bbox 2209 1432 2421 1501; x_wconf 90' lang='lat' dir='ltr'><strong>dictus</strong></span> <span class='ocrx_word' id='word_1_81' title='bbox 2451 1431 2734 1500; x_wconf 83' lang='lat' dir='ltr'><strong>Michael</strong></span> <span class='ocrx_word' id='word_1_82' title='bbox 2781 1431 3017 1500; x_wconf 83' lang='lat' dir='ltr'><strong>Comes</strong></span> 
     </span>
     <span class='ocr_line' id='line_1_12' title="bbox 752 1538 3015 1627; baseline 0 -22"><span class='ocrx_word' id='word_1_83' title='bbox 752 1538 900 1606; x_wconf 89' lang='lat' dir='ltr'><strong>sine</strong></span> <span class='ocrx_word' id='word_1_84' title='bbox 929 1538 1090 1606; x_wconf 89' lang='lat' dir='ltr'><strong>iuris</strong></span> <span class='ocrx_word' id='word_1_85' title='bbox 1144 1540 1374 1610; x_wconf 83' lang='lat' dir='ltr'><strong>ordine</strong></span> <span class='ocrx_word' id='word_1_86' title='bbox 1425 1540 1642 1627; x_wconf 86' lang='lat' dir='ltr'><strong>ipsam</strong></span> <span class='ocrx_word' id='word_1_87' title='bbox 1692 1547 1935 1608; x_wconf 83' lang='lat' dir='ltr'><strong>terram</strong></span> <span class='ocrx_word' id='word_1_88' title='bbox 1965 1543 2052 1609; x_wconf 88' lang='lat' dir='ltr'><strong>ab</strong></span> <span class='ocrx_word' id='word_1_89' title='bbox 2104 1541 2202 1608; x_wconf 91' lang='lat' dir='ltr'><strong>eis</strong></span> <span class='ocrx_word' id='word_1_90' title='bbox 2234 1541 2614 1626; x_wconf 81' lang='lat' dir='ltr'><strong>abstulerat,</strong></span> <span class='ocrx_word' id='word_1_91' title='bbox 2659 1539 2840 1607; x_wconf 83' lang='lat' dir='ltr'><strong>facta</strong></span> <span class='ocrx_word' id='word_1_92' title='bbox 2871 1539 3015 1607; x_wconf 92' lang='lat' dir='ltr'><strong>dili·</strong></span> 
     </span>
     <span class='ocr_line' id='line_1_13' title="bbox 755 1626 3019 1737; baseline -0 -21"><span class='ocrx_word' id='word_1_93' title='bbox 755 1626 942 1734; x_wconf 61' lang='lat' dir='ltr'><strong>§citi</strong></span> <span class='ocrx_word' id='word_1_94' title='bbox 973 1649 1402 1733; x_wconf 89' lang='lat' dir='ltr'><strong>inquisicione</strong></span> <span class='ocrx_word' id='word_1_95' title='bbox 1435 1650 1837 1719; x_wconf 81' lang='lat' dir='ltr'><strong>constitisset</strong></span> <span class='ocrx_word' id='word_1_96' title='bbox 1884 1650 2032 1734; x_wconf 86' lang='lat' dir='ltr'><strong>sibi,</strong></span> <span class='ocrx_word' id='word_1_97' title='bbox 2080 1649 2149 1716; x_wconf 90' lang='lat' dir='ltr'><strong>in</strong></span> <span class='ocrx_word' id='word_1_98' title='bbox 2198 1658 2396 1717; x_wconf 87' lang='lat' dir='ltr'><strong>antea</strong></span> <span class='ocrx_word' id='word_1_99' title='bbox 2444 1668 2702 1737; x_wconf 89' lang='lat' dir='ltr'><strong>semper</strong></span> <span class='ocrx_word' id='word_1_100' title='bbox 2747 1647 3019 1737; x_wconf 86' lang='lat' dir='ltr'><strong>pacifice</strong></span> 
     </span>
     <span class='ocr_line' id='line_1_14' title="bbox 755 1756 3016 1843; baseline -0.001 -18"><span class='ocrx_word' id='word_1_101' title='bbox 755 1756 1139 1843; x_wconf 87' lang='lat' dir='ltr'><strong>possedisse</strong></span> <span class='ocrx_word' id='word_1_102' title='bbox 1170 1777 1282 1826; x_wconf 90' lang='lat' dir='ltr'><strong>eos</strong></span> <span class='ocrx_word' id='word_1_103' title='bbox 1316 1764 1382 1826; x_wconf 88' lang='lat' dir='ltr'><strong>et</strong></span> <span class='ocrx_word' id='word_1_104' title='bbox 1411 1759 1651 1843; x_wconf 87' lang='lat' dir='ltr'><strong>quiete.</strong></span> <span class='ocrx_word' id='word_1_105' title='bbox 1701 1759 1889 1826; x_wconf 88' lang='lat' dir='ltr'><strong>Vnde</strong></span> <span class='ocrx_word' id='word_1_106' title='bbox 1919 1765 2016 1826; x_wconf 89' lang='lat' dir='ltr'><strong>tot</strong></span> <span class='ocrx_word' id='word_1_107' title='bbox 2048 1763 2113 1823; x_wconf 92' lang='lat' dir='ltr'><strong>et</strong></span> <span class='ocrx_word' id='word_1_108' title='bbox 2151 1756 2391 1825; x_wconf 86' lang='lat' dir='ltr'><strong>talibus</strong></span> <span class='ocrx_word' id='word_1_109' title='bbox 2423 1756 2907 1826; x_wconf 89' lang='lat' dir='ltr'><strong>assercionibus</strong></span> <span class='ocrx_word' id='word_1_110' title='bbox 2939 1777 3016 1823; x_wconf 86' lang='lat' dir='ltr'><strong>ac</strong></span> 
     </span>
     <span class='ocr_line' id='line_1_15' title="bbox 749 1866 3018 1953; baseline 0 -22"><span class='ocrx_word' id='word_1_111' title='bbox 749 1866 1062 1953; x_wconf 77' lang='lat' dir='ltr'><strong>precibus</strong></span> <span class='ocrx_word' id='word_1_112' title='bbox 1094 1886 1316 1936; x_wconf 88' lang='lat' dir='ltr'><strong>eorum</strong></span> <span class='ocrx_word' id='word_1_113' title='bbox 1347 1867 1665 1952; x_wconf 88' lang='lat' dir='ltr'><strong>inclinati,</strong></span> <span class='ocrx_word' id='word_1_114' title='bbox 1721 1867 1874 1935; x_wconf 87' lang='lat' dir='ltr'><strong>licet</strong></span> <span class='ocrx_word' id='word_1_115' title='bbox 1920 1867 2106 1936; x_wconf 87' lang='lat' dir='ltr'><strong>illam</strong></span> <span class='ocrx_word' id='word_1_116' title='bbox 2164 1874 2400 1935; x_wconf 83' lang='lat' dir='ltr'><strong>terram</strong></span> <span class='ocrx_word' id='word_1_117' title='bbox 2442 1867 2823 1934; x_wconf 91' lang='lat' dir='ltr'><strong>sciuerimus</strong></span> <span class='ocrx_word' id='word_1_118' title='bbox 2873 1885 3018 1933; x_wconf 89' lang='lat' dir='ltr'><strong>esse</strong></span> 
     </span>
     <span class='ocr_line' id='line_1_16' title="bbox 752 1973 3019 2062; baseline 0 -21"><span class='ocrx_word' id='word_1_119' title='bbox 752 1973 967 2043; x_wconf 80' lang='lat' dir='ltr'><strong>Castri</strong></span> <span class='ocrx_word' id='word_1_120' title='bbox 1001 1975 1378 2062; x_wconf 81' lang='lat' dir='ltr'><strong>memorati3</strong></span> <span class='ocrx_word' id='word_1_121' title='bbox 1430 1982 1651 2043; x_wconf 86' lang='lat' dir='ltr'><strong>tamen</strong></span> <span class='ocrx_word' id='word_1_122' title='bbox 1690 1977 1850 2061; x_wconf 91' lang='lat' dir='ltr'><strong>quia</strong></span> <span class='ocrx_word' id='word_1_123' title='bbox 1902 1975 2280 2043; x_wconf 80' lang='lat' dir='ltr'><strong>constiterat</strong></span> <span class='ocrx_word' id='word_1_124' title='bbox 2308 1976 2517 2060; x_wconf 89' lang='lat' dir='ltr'><strong>nobis,</strong></span> <span class='ocrx_word' id='word_1_125' title='bbox 2568 1983 2706 2044; x_wconf 88' lang='lat' dir='ltr'><strong>tam</strong></span> <span class='ocrx_word' id='word_1_126' title='bbox 2738 1975 2823 2042; x_wconf 85' lang='lat' dir='ltr'><strong>ab</strong></span> <span class='ocrx_word' id='word_1_127' title='bbox 2856 1975 3019 2042; x_wconf 88' lang='lat' dir='ltr'><strong>anti·</strong></span> 
     </span>
     <span class='ocr_line' id='line_1_17' title="bbox 754 2083 3016 2172; baseline 0 -22"><span class='ocrx_word' id='word_1_128' title='bbox 754 2103 883 2169; x_wconf 89' lang='lat' dir='ltr'><strong>quo</strong></span> <span class='ocrx_word' id='word_1_129' title='bbox 918 2103 1033 2153; x_wconf 90' lang='lat' dir='ltr'><strong>eos</strong></span> <span class='ocrx_word' id='word_1_130' title='bbox 1064 2084 1460 2171; x_wconf 88' lang='lat' dir='ltr'><strong>possedisse,</strong></span> <span class='ocrx_word' id='word_1_131' title='bbox 1515 2085 1677 2154; x_wconf 91' lang='lat' dir='ltr'><strong>etin</strong></span> <span class='ocrx_word' id='word_1_132' title='bbox 1725 2091 1958 2152; x_wconf 85' lang='lat' dir='ltr'><strong>neutra</strong></span> <span class='ocrx_word' id='word_1_133' title='bbox 1990 2084 2287 2170; x_wconf 83' lang='lat' dir='ltr'><strong>generali</strong></span> <span class='ocrx_word' id='word_1_134' title='bbox 2330 2083 2759 2153; x_wconf 86' lang='lat' dir='ltr'><strong>reuocacione</strong></span> <span class='ocrx_word' id='word_1_135' title='bbox 2791 2103 3016 2172; x_wconf 89' lang='lat' dir='ltr'><strong>perpe·</strong></span> 
     </span>
     <span class='ocr_line' id='line_1_18' title="bbox 752 2191 3016 2281; baseline -0 -23"><span class='ocrx_word' id='word_1_136' title='bbox 752 2192 1059 2260; x_wconf 89' lang='lat' dir='ltr'><strong>tuitatum</strong></span> <span class='ocrx_word' id='word_1_137' title='bbox 1094 2193 1197 2261; x_wconf 87' lang='lat' dir='ltr'><strong>ius</strong></span> <span class='ocrx_word' id='word_1_138' title='bbox 1236 2192 1614 2281; x_wconf 87' lang='lat' dir='ltr'><strong>possidendi</strong></span> <span class='ocrx_word' id='word_1_139' title='bbox 1654 2194 1975 2280; x_wconf 88' lang='lat' dir='ltr'><strong>amisisse,</strong></span> <span class='ocrx_word' id='word_1_140' title='bbox 2028 2201 2267 2262; x_wconf 85' lang='lat' dir='ltr'><strong>terram</strong></span> <span class='ocrx_word' id='word_1_141' title='bbox 2315 2193 2448 2259; x_wconf 88' lang='lat' dir='ltr'><strong>iam</strong></span> <span class='ocrx_word' id='word_1_142' title='bbox 2478 2191 2718 2261; x_wconf 86' lang='lat' dir='ltr'><strong>dictam</strong></span> <span class='ocrx_word' id='word_1_143' title='bbox 2769 2191 3016 2260; x_wconf 91' lang='lat' dir='ltr'><strong>eisdem</strong></span> 
     </span>
     <span class='ocr_line' id='line_1_19' title="bbox 755 2299 3019 2389; baseline 0 -24"><span class='ocrx_word' id='word_1_144' title='bbox 755 2299 1090 2387; x_wconf 87' lang='lat' dir='ltr'><strong>Stephano</strong></span> <span class='ocrx_word' id='word_1_145' title='bbox 1125 2307 1189 2368; x_wconf 90' lang='lat' dir='ltr'><strong>et</strong></span> <span class='ocrx_word' id='word_1_146' title='bbox 1220 2302 1510 2370; x_wconf 88' lang='lat' dir='ltr'><strong>Johanni</strong></span> <span class='ocrx_word' id='word_1_147' title='bbox 1544 2301 1846 2370; x_wconf 81' lang='lat' dir='ltr'><strong>duximus</strong></span> <span class='ocrx_word' id='word_1_148' title='bbox 1867 2301 2353 2387; x_wconf 86' lang='lat' dir='ltr'><strong>restituendam,</strong></span> <span class='ocrx_word' id='word_1_149' title='bbox 2383 2309 2455 2370; x_wconf 88' lang='lat' dir='ltr'><strong>ut</strong></span> <span class='ocrx_word' id='word_1_150' title='bbox 2470 2306 2611 2369; x_wconf 88' lang='lat' dir='ltr'><strong>tam</strong></span> <span class='ocrx_word' id='word_1_151' title='bbox 2638 2300 2787 2389; x_wconf 91' lang='lat' dir='ltr'><strong>ipsi,</strong></span> <span class='ocrx_word' id='word_1_152' title='bbox 2820 2318 3019 2385; x_wconf 90' lang='lat' dir='ltr'><strong>quam</strong></span> 
     </span>
     <span class='ocr_line' id='line_1_20' title="bbox 754 2408 3017 2498; baseline 0 -25"><span class='ocrx_word' id='word_1_153' title='bbox 754 2408 1029 2476; x_wconf 90' lang='lat' dir='ltr'><strong>heredes</strong></span> <span class='ocrx_word' id='word_1_154' title='bbox 1061 2428 1286 2477; x_wconf 87' lang='lat' dir='ltr'><strong>eorum</strong></span> <span class='ocrx_word' id='word_1_155' title='bbox 1326 2409 1725 2479; x_wconf 89' lang='lat' dir='ltr'><strong>heredumue</strong></span> <span class='ocrx_word' id='word_1_156' title='bbox 1773 2430 2186 2479; x_wconf 89' lang='lat' dir='ltr'><strong>successores</strong></span> <span class='ocrx_word' id='word_1_157' title='bbox 2237 2429 2355 2498; x_wconf 90' lang='lat' dir='ltr'><strong>per</strong></span> <span class='ocrx_word' id='word_1_158' title='bbox 2386 2408 2650 2479; x_wconf 87' lang='lat' dir='ltr'><strong>eosdem</strong></span> <span class='ocrx_word' id='word_1_159' title='bbox 2700 2415 3017 2495; x_wconf 89' lang='lat' dir='ltr'><strong>perpetuo</strong></span> 
     </span>
     <span class='ocr_line' id='line_1_21' title="bbox 753 2517 3018 2605; baseline -0.001 -21"><span class='ocrx_word' id='word_1_160' title='bbox 753 2519 894 2585; x_wconf 91' lang='lat' dir='ltr'><strong>iure</strong></span> <span class='ocrx_word' id='word_1_161' title='bbox 928 2517 1214 2585; x_wconf 88' lang='lat' dir='ltr'><strong>debeant</strong></span> <span class='ocrx_word' id='word_1_162' title='bbox 1245 2518 1602 2605; x_wconf 89' lang='lat' dir='ltr'><strong>possidere.</strong></span> <span class='ocrx_word' id='word_1_163' title='bbox 1649 2520 1727 2584; x_wconf 93' lang='lat' dir='ltr'><strong>In</strong></span> <span class='ocrx_word' id='word_1_164' title='bbox 1763 2518 1947 2586; x_wconf 89' lang='lat' dir='ltr'><strong>cuius</strong></span> <span class='ocrx_word' id='word_1_165' title='bbox 1979 2524 2152 2586; x_wconf 87' lang='lat' dir='ltr'><strong>terre</strong></span> <span class='ocrx_word' id='word_1_166' title='bbox 2201 2517 2687 2604; x_wconf 88' lang='lat' dir='ltr'><strong>possessionem</strong></span> <span class='ocrx_word' id='word_1_167' title='bbox 2718 2534 3018 2602; x_wconf 89' lang='lat' dir='ltr'><strong>corpora·</strong></span> 
     </span>
     <span class='ocr_line' id='line_1_22' title="bbox 757 2623 3018 2715; baseline -0.002 -20"><span class='ocrx_word' id='word_1_168' title='bbox 757 2631 886 2696; x_wconf 89' lang='lat' dir='ltr'><strong>lem</strong></span> <span class='ocrx_word' id='word_1_169' title='bbox 936 2648 1053 2715; x_wconf 85' lang='lat' dir='ltr'><strong>per</strong></span> <span class='ocrx_word' id='word_1_170' title='bbox 1102 2626 1359 2695; x_wconf 87' lang='lat' dir='ltr'><strong>fidelem</strong></span> <span class='ocrx_word' id='word_1_171' title='bbox 1414 2635 1703 2697; x_wconf 87' lang='lat' dir='ltr'><strong>nostrum</strong></span> <span class='ocrx_word' id='word_1_172' title='bbox 1749 2627 1964 2695; x_wconf 88' lang='lat' dir='ltr'><strong>Balad</strong></span> <span class='ocrx_word' id='word_1_173' title='bbox 2011 2627 2216 2696; x_wconf 87' lang='lat' dir='ltr'><strong>filium</strong></span> <span class='ocrx_word' id='word_1_174' title='bbox 2265 2627 2530 2695; x_wconf 83' lang='lat' dir='ltr'><strong>Martini</strong></span> <span class='ocrx_word' id='word_1_175' title='bbox 2584 2623 2854 2695; x_wconf 84' lang='lat' dir='ltr'><strong>Comitis</strong></span> <span class='ocrx_word' id='word_1_176' title='bbox 2905 2644 3018 2693; x_wconf 88' lang='lat' dir='ltr'><strong>eos</strong></span> 
     </span>
     <span class='ocr_line' id='line_1_23' title="bbox 760 2733 3021 2825; baseline -0.001 -22"><span class='ocrx_word' id='word_1_177' title='bbox 760 2735 1031 2805; x_wconf 82' lang='lat' dir='ltr'><strong>fecimus</strong></span> <span class='ocrx_word' id='word_1_178' title='bbox 1063 2736 1410 2804; x_wconf 87' lang='lat' dir='ltr'><strong>introduci.</strong></span> <span class='ocrx_word' id='word_1_179' title='bbox 1442 2738 1527 2804; x_wconf 86' lang='lat' dir='ltr'><strong>Vt</strong></span> <span class='ocrx_word' id='word_1_180' title='bbox 1558 2746 1781 2805; x_wconf 90' lang='lat' dir='ltr'><strong>autem</strong></span> <span class='ocrx_word' id='word_1_181' title='bbox 1812 2736 1934 2805; x_wconf 87' lang='lat' dir='ltr'><strong>hec</strong></span> <span class='ocrx_word' id='word_1_182' title='bbox 1965 2757 2084 2825; x_wconf 91' lang='lat' dir='ltr'><strong>per</strong></span> <span class='ocrx_word' id='word_1_183' title='bbox 2113 2757 2233 2805; x_wconf 90' lang='lat' dir='ltr'><strong>nos</strong></span> <span class='ocrx_word' id='word_1_184' title='bbox 2270 2736 2446 2804; x_wconf 83' lang='lat' dir='ltr'><strong>facta</strong></span> <span class='ocrx_word' id='word_1_185' title='bbox 2476 2735 2806 2805; x_wconf 81' lang='lat' dir='ltr'><strong>restitucio</strong></span> <span class='ocrx_word' id='word_1_186' title='bbox 2824 2733 3021 2802; x_wconf 88' lang='lat' dir='ltr'><strong>robur</strong></span> 
     </span>
     <span class='ocr_line' id='line_1_24' title="bbox 756 2842 3021 2933; baseline -0.002 -20"><span class='ocrx_word' id='word_1_187' title='bbox 756 2842 1427 2933; x_wconf 57' lang='lat' dir='ltr'><strong>perpetuejfirmitatis</strong></span> <span class='ocrx_word' id='word_1_188' title='bbox 1459 2845 1769 2933; x_wconf 84' lang='lat' dir='ltr'><strong>obtineat,</strong></span> <span class='ocrx_word' id='word_1_189' title='bbox 1817 2867 1938 2914; x_wconf 90' lang='lat' dir='ltr'><strong>nec</strong></span> <span class='ocrx_word' id='word_1_190' title='bbox 1969 2846 2122 2913; x_wconf 90' lang='lat' dir='ltr'><strong>ullis</strong></span> <span class='ocrx_word' id='word_1_191' title='bbox 2153 2866 2441 2931; x_wconf 88' lang='lat' dir='ltr'><strong>unquam</strong></span> <span class='ocrx_word' id='word_1_192' title='bbox 2469 2844 2867 2932; x_wconf 89' lang='lat' dir='ltr'><strong>temporibus</strong></span> <span class='ocrx_word' id='word_1_193' title='bbox 2900 2862 3021 2929; x_wconf 91' lang='lat' dir='ltr'><strong>per</strong></span> 
     </span>
     <span class='ocr_line' id='line_1_25' title="bbox 758 2950 3018 3043; baseline -0.002 -20"><span class='ocrx_word' id='word_1_194' title='bbox 758 2954 1136 3043; x_wconf 87' lang='lat' dir='ltr'><strong>quempiam</strong></span> <span class='ocrx_word' id='word_1_195' title='bbox 1167 2955 1237 3022; x_wconf 91' lang='lat' dir='ltr'><strong>in</strong></span> <span class='ocrx_word' id='word_1_196' title='bbox 1267 2953 1519 3023; x_wconf 89' lang='lat' dir='ltr'><strong>irritum</strong></span> <span class='ocrx_word' id='word_1_197' title='bbox 1553 2955 1777 3022; x_wconf 82' lang='lat' dir='ltr'><strong>ualeat</strong></span> <span class='ocrx_word' id='word_1_198' title='bbox 1808 2955 2166 3040; x_wconf 82' lang='lat' dir='ltr'><strong>retractari,</strong></span> <span class='ocrx_word' id='word_1_199' title='bbox 2198 2960 2535 3041; x_wconf 88' lang='lat' dir='ltr'><strong>presentes</strong></span> <span class='ocrx_word' id='word_1_200' title='bbox 2567 2954 2664 3022; x_wconf 87' lang='lat' dir='ltr'><strong>eis</strong></span> <span class='ocrx_word' id='word_1_201' title='bbox 2700 2950 3018 3020; x_wconf 90' lang='lat' dir='ltr'><strong>concessi-</strong></span> 
     </span>
     <span class='ocr_line' id='line_1_26' title="bbox 756 3062 3018 3152; baseline -0.003 -19"><span class='ocrx_word' id='word_1_202' title='bbox 756 3086 900 3134; x_wconf 89' lang='lat' dir='ltr'><strong>mus</strong></span> <span class='ocrx_word' id='word_1_203' title='bbox 929 3066 1182 3133; x_wconf 84' lang='lat' dir='ltr'><strong>litteras</strong></span> <span class='ocrx_word' id='word_1_204' title='bbox 1215 3064 1492 3152; x_wconf 90' lang='lat' dir='ltr'><strong>duplicis</strong></span> <span class='ocrx_word' id='word_1_205' title='bbox 1523 3063 1733 3132; x_wconf 91' lang='lat' dir='ltr'><strong>nostri</strong></span> <span class='ocrx_word' id='word_1_206' title='bbox 1762 3063 1971 3149; x_wconf 84' lang='lat' dir='ltr'><strong>sigilli</strong></span> <span class='ocrx_word' id='word_1_207' title='bbox 1988 3063 2344 3131; x_wconf 86' lang='lat' dir='ltr'><strong>munimine</strong></span> <span class='ocrx_word' id='word_1_208' title='bbox 2374 3063 2740 3132; x_wconf 89' lang='lat' dir='ltr'><strong>roboratas.</strong></span> <span class='ocrx_word' id='word_1_209' title='bbox 2771 3062 3018 3128; x_wconf 90' lang='lat' dir='ltr'><strong>Datum</strong></span> 
     </span>
     <span class='ocr_line' id='line_1_27' title="bbox 757 3171 3015 3258; baseline -0.003 -17"><span class='ocrx_word' id='word_1_210' title='bbox 757 3194 930 3243; x_wconf 87' lang='lat' dir='ltr'><strong>anno</strong></span> <span class='ocrx_word' id='word_1_211' title='bbox 982 3173 1243 3241; x_wconf 91' lang='lat' dir='ltr'><strong>Domini</strong></span> <span class='ocrx_word' id='word_1_212' title='bbox 1292 3172 1633 3241; x_wconf 87' lang='lat' dir='ltr'><strong>millesimo</strong></span> <span class='ocrx_word' id='word_1_213' title='bbox 1687 3171 2136 3242; x_wconf 86' lang='lat' dir='ltr'><strong>ducentesimo</strong></span> <span class='ocrx_word' id='word_1_214' title='bbox 2192 3171 2695 3258; x_wconf 81' lang='lat' dir='ltr'><strong>quadragesimo</strong></span> <span class='ocrx_word' id='word_1_215' title='bbox 2758 3175 3015 3251; x_wconf 82' lang='lat' dir='ltr'><strong>octauo,</strong></span> 
     </span>
     <span class='ocr_line' id='line_1_28' title="bbox 755 3280 2202 3368; baseline -0.001 -17"><span class='ocrx_word' id='word_1_216' title='bbox 755 3284 967 3368; x_wconf 83' lang='lat' dir='ltr'><strong>Regni</strong></span> <span class='ocrx_word' id='word_1_217' title='bbox 997 3290 1215 3352; x_wconf 87' lang='lat' dir='ltr'><strong>autem</strong></span> <span class='ocrx_word' id='word_1_218' title='bbox 1245 3281 1450 3349; x_wconf 85' lang='lat' dir='ltr'><strong>nostri</strong></span> <span class='ocrx_word' id='word_1_219' title='bbox 1481 3300 1654 3349; x_wconf 88' lang='lat' dir='ltr'><strong>anno</strong></span> <span class='ocrx_word' id='word_1_220' title='bbox 1692 3281 1895 3349; x_wconf 87' lang='lat' dir='ltr'><strong>tercio</strong></span> <span class='ocrx_word' id='word_1_221' title='bbox 1927 3280 2202 3350; x_wconf 87' lang='lat' dir='ltr'><strong>decimo.</strong></span> 
     </span>
    </p>
   </div>
   <div class='ocr_carea' id='block_1_4' title="bbox 758 3475 3015 3637">
    <p class='ocr_par' dir='ltr' id='par_1_4' title="bbox 758 3475 3015 3637">
     <span class='ocr_line' id='line_1_29' title="bbox 758 3475 3015 3550; baseline -0.004 -15"><span class='ocrx_word' id='word_1_222' title='bbox 758 3482 1035 3549; x_wconf 80' lang='lat' dir='ltr'><strong>(Eredetie</strong></span> <span class='ocrx_word' id='word_1_223' title='bbox 1058 3479 1392 3550; x_wconf 64' lang='lat' dir='ltr'><strong>borhartyan</strong></span> <span class='ocrx_word' id='word_1_224' title='bbox 1418 3481 1968 3550; x_wconf 75' lang='lat' dir='ltr'><strong>barna-medgyszinii</strong></span> <span class='ocrx_word' id='word_1_225' title='bbox 2008 3483 2178 3549; x_wconf 64' lang='lat' dir='ltr'><strong>sugg&amp;</strong></span> <span class='ocrx_word' id='word_1_226' title='bbox 2202 3479 2389 3548; x_wconf 67' lang='lat' dir='ltr'><strong>pecset</strong></span> <span class='ocrx_word' id='word_1_227' title='bbox 2433 3480 2585 3539; x_wconf 84' lang='lat' dir='ltr'><strong>alatt‚</strong></span> <span class='ocrx_word' id='word_1_228' title='bbox 2630 3493 2665 3530; x_wconf 75' lang='lat' dir='ltr'><strong>a</strong></span> <span class='ocrx_word' id='word_1_229' title='bbox 2690 3475 2896 3531; x_wconf 61' lang='lat' dir='ltr'><strong>fomelt.</strong></span> <span class='ocrx_word' id='word_1_230' title='bbox 2925 3476 3015 3542; x_wconf 80' lang='lat' dir='ltr'><strong>hg.</strong></span> 
     </span>
     <span class='ocr_line' id='line_1_30' title="bbox 1261 3566 2511 3637; baseline -0.003 -14"><span class='ocrx_word' id='word_1_231' title='bbox 1261 3566 1559 3637; x_wconf 64' lang='lat' dir='ltr'><strong>Batthyani</strong></span> <span class='ocrx_word' id='word_1_232' title='bbox 1583 3566 1769 3622; x_wconf 68' lang='lat' dir='ltr'><strong>csalad</strong></span> <span class='ocrx_word' id='word_1_233' title='bbox 1793 3571 2075 3624; x_wconf 72' lang='lat' dir='ltr'><strong>kbrmendi</strong></span> <span class='ocrx_word' id='word_1_234' title='bbox 2099 3566 2511 3635; x_wconf 55' lang='lat' dir='ltr'><strong>leveltfiraban.)</strong></span> 
     </span>
    </p>
   </div>
  </div>
 </body>
</html>
