3359 5250
1463 318 1589 419 36}
1673 416 1685 419 ,

1454 898 1607 969 253.

404 1081 445 1147 I
463 1081 529 1147 V.
559 1081 718 1148 Be'la
747 1082 956 1174 kircily
983 1081 1246 1170 Gerqely
1279 1083 1456 1148 Nata
1468 1083 1701 1167 fidnulc
1732 1107 1771 1147 a
1804 1084 1920 1148 teile
1949 1084 2121 1148 ele-eti
2134 1081 2448 1166 semelem
2479 1103 2659 1147 esere-

1003 1193 1191 1280 keipcn
1222 1192 1294 1277 vij
1320 1191 1578 1259 binoloot
1609 1192 1839 1259 renutet.
1874 1190 2003 1257 125
2012 1190 2063 1257 4.

624 1393 787 1461 Bela
817 1395 942 1461 Dei
993 1394 1221 1480 gracia
1267 1393 1620 1480 Hungarie,
1671 1394 2036 1480 Dalmacie,
2087 1395 2382 1478 Croacie,
2433 1398 2658 1477 Rame,

404 1502 653 1586 Seruie,
688 1500 984 1587 Gallicie,
1020 1500 1403 1571 Lodomerie
1423 1501 1866 1587 Cumanieque
1895 1506 2033 1570 Rex
2067 1502 2366 1571 omnibus
2405 1520 2661 1591 presen-

409 1618 510 1678 tes
564 1609 817 1678 litteras
868 1610 1258 1696 inspecturis
1307 1612 1587 1678 salutem
1636 1610 1703 1677 in
1759 1612 2043 1680 omnium
2092 1611 2455 1678 Saluatore.
2506 1614 2661 1698 Ipsa

406 1719 622 1806 pietas
655 1739 774 1786 nos
807 1718 1065 1802 inuitat,
1117 1726 1189 1786 vt
1222 1716 1554 1787 subiectos
1588 1739 1733 1786 cum
1775 1718 2215 1788 moderamine
2266 1719 2522 1788 iusticie
2568 1719 2656 1786 so-

405 1846 698 1912 ueamus‚
733 1845 854 1894 nec
886 1847 929 1893 a
959 1827 1171 1911 Regia
1191 1825 1593 1895 celsitudine
1626 1826 1941 1913 procedat
1972 1826 2235 1910 iniuria,
2276 1823 2448 1894 vnde
2477 1828 2662 1896 nasci

406 1936 670 2004 iusticia
720 1935 1073 2004 consueuit.
1126 1933 1230 2002 Ad
1262 1935 1710 2003 vniuersorum
1760 1934 1957 2021 igitur
2005 1934 2309 2004 noticiam
2359 1937 2658 2003 volumus

405 2044 769 2132 peruenire,
824 2040 997 2127 quod
1030 2062 1174 2110 cum
1226 2061 1346 2110 nos
1396 2048 1609 2110 terras
1639 2041 1942 2128 Gregorij
1976 2041 2095 2128 filij
2142 2043 2338 2128 Nata,
2389 2063 2660 2128 quarum

404 2152 674 2220 nomina
703 2156 854 2218 sunt
875 2150 1149 2236 Gykew,
1173 2152 1375 2238 Poya,
1400 2150 1833 2236 Holosscegb,
1854 2150 2279 2237 Egerpotaka
2308 2151 2395 2219 ad
2428 2151 2661 2239 viginti

405 2259 694 2346 quinque
743 2265 964 2326 aratra
1013 2257 1432 2343 sufficientes,
1466 2259 1827 2327 existentes
1878 2259 2054 2327 infra
2100 2266 2385 2328 castrum
2425 2261 2661 2346 Tubul,

407 2367 859 2436 mansionatas
911 2364 1173 2453 quidem
1205 2372 1271 2434 et
1306 2367 1683 2455 populosae,
1737 2367 2001 2456 abipso
2053 2354 2555 2455 recepissemuS,
2599 2376 2664 2436 et

406 2478 495 2546 ad
530 2476 876 2545 vtilitatem
908 2475 1107 2543 castri
1140 2475 1353 2544 Tubul
1393 2476 1859 2564 perpetualiter
1897 2476 2323 2561 dedissemus,
2373 2476 2664 2545 volentes

404 2607 493 2655 ex
526 2580 696 2673 oficij
731 2583 937 2655 nostri
972 2583 1214 2670 debito,
1267 2603 1347 2653 ne
1382 2585 1683 2670 cuiquam
1715 2602 1958 2671 graues
1985 2585 2051 2653 in
2085 2604 2204 2655 sua
2241 2584 2504 2656 iusticia
2534 2585 2663 2654 exi-

405 2707 681 2779 stamus,
735 2695 801 2760 iu
841 2694 1289 2765 concambium
1341 2694 1696 2762 earundem
1745 2702 2065 2763 terrarum
2119 2695 2293 2763 dicto
2344 2695 2663 2781 Gregorio

405 2804 544 2871 filio
594 2802 792 2887 Nata,
835 2808 1045 2871 terras
1077 2800 1421 2887 quasdm,
1472 2801 1691 2870 Lezna
1739 2801 1992 2870 scilicet
2038 2810 2106 2869 et
2144 2801 2531 2888 Chemerna,
2580 2801 2665 2869 ad

405 2912 680 2998 triginta
708 2922 930 2980 aratra
949 2909 1365 2996 sufficientes,
1399 2910 1562 2979 sitas
1595 2912 1664 2978 in
1689 2909 2014 2981 Comitatu
2036 2910 2380 3000 Zemplyn,
2420 2908 2491 2978 in
2524 2910 2661 2995 qui·

410 3021 535 3089 bus
563 3020 833 3106 Mycuta
863 3024 930 3085 et
958 3016 1310 3103 Noualyad
1340 3025 1540 3087 antea
1571 3018 1971 3102 residebant,
2021 3038 2265 3087 vacuas
2299 3017 2558 3087 omuino
2598 3027 2665 3086 ct

406 3130 894 3200 habitatoribus
943 3135 1270 3214 carentes,
1321 3129 1446 3197 sibi
1478 3137 1545 3197 et
1575 3148 1696 3217 per
1745 3149 1892 3197 eum
1925 3130 2063 3199 suis
2096 3128 2448 3197 heredibus
2481 3129 2659 3197 here·

403 3240 692 3328 dumque
719 3239 1211 3308 successoribus
1255 3239 1644 3308 contulimus
1667 3239 1819 3325 ,iure
1852 3246 2168 3327 perpetuo
2200 3237 2658 3325 possidendas,

405 3356 471 3417 ct
519 3350 736 3436 ipsum
773 3347 1162 3435 Gregorium
1210 3368 1327 3436 per
1359 3348 1618 3418 fidelem
1669 3354 1960 3416 nostrum
1998 3348 2405 3435 Mychaelem
2436 3346 2658 3415 Coni-

405 3468 538 3528 tem
570 3459 654 3528 de
698 3460 901 3526 Sarus
954 3458 1020 3525 in
1067 3459 1554 3546 possessionem
1586 3459 1940 3527 earundem
1976 3466 2293 3527 terrarum
2341 3456 2663 3525 introduci

405 3567 682 3637 fecimus
713 3565 1139 3653 corporalem.
1173 3564 1464 3644 Quarum
1497 3573 1815 3635 terrarum
1850 3572 2041 3653 mete,
2092 3573 2286 3653 prout
2321 3565 2496 3634 idem
2527 3565 2662 3652 My·

404 3677 593 3746 chael
619 3673 856 3744 Comes
886 3673 1126 3741 nobis
1108 3694 1175 3741 m
1208 3675 1345 3742 suis
1381 3675 1617 3743 litteris
1647 3675 1994 3763 intimauit,
2027 3676 2149 3744 hoc
2182 3676 2410 3746 ordine
2440 3674 2663 3742 distin-

402 3794 668 3873 guntur.
719 3784 939 3852 Prima
970 3790 1146 3851 meta
1192 3783 1425 3871 incipit
1457 3804 1501 3851 a
1531 3790 1721 3871 parte
1772 3784 2072 3854 orientali
2122 3785 2207 3853 de
2248 3784 2515 3853 flumine
2546 3784 2661 3852 Lo·

403 3895 628 3978 borch,
661 3899 729 3960 et
747 3892 933 3961 vadit
963 3891 1052 3960 ad
1071 3893 1472 3979 sepulturam
1493 3893 1959 3979 Ruthenorum,
1992 3901 2058 3961 et
2088 3893 2182 3961 ibi
2213 3900 2390 3980 tenet
2419 3899 2660 3961 metam

402 4021 552 4072 cum
583 4001 746 4069 vilia
778 4004 1057 4087 Peotry;
1112 4008 1178 4069 et
1208 4001 1363 4070 inde
1394 4002 1611 4070 veniet
1640 4003 1727 4069 ad
1768 4003 2031 4072 fluuium
2066 4003 2372 4071 Jezenew
2403 4000 2493 4070 ad
2523 4003 2659 4090 pla-

399 4132 555 4200 gam
606 4109 965 4193 meridiem,
1016 4119 1083 4178 et
1126 4110 1217 4179 ibi
1248 4118 1352 4180 est
1399 4118 1611 4196 meta;
1666 4112 1819 4180 inde
1867 4132 1987 4200 per
2037 4112 2307 4181 fluuium
2358 4112 2661 4179 Jezenew

400 4220 620 4289 veniet
642 4218 915 4289 inferius
947 4239 1154 4306 vsque
1183 4220 1468 4289 riuulum
1499 4222 1800 4310 Eleusa,
1847 4220 2002 4290 inde
2024 4221 2321 4290 ascendit
2359 4220 2661 4308 superius

402 4330 492 4398 ad
523 4338 828 4414 montem,
883 4328 993 4414 qui
1046 4327 1286 4396 dicitur
1316 4328 1545 4410 Berch‚
1599 4337 1667 4399 et
1696 4330 1852 4397 inde
1883 4329 2069 4398 vadit
2115 4349 2321 4415 vsque
2352 4336 2553 4416 caput
2581 4327 2663 4396 ri-

402 4438 542 4505 uuli
573 4439 827 4524 Henna,
881 4445 948 4504 et
998 4437 1090 4504 ibi
1141 4442 1320 4505 tenet
1370 4445 1609 4506 metam
1662 4458 1808 4506 cum
1855 4439 2060 4525 Sopol
2091 4436 2362 4523 Comite,
2414 4443 2480 4504 et
2509 4436 2660 4504 inde

401 4547 627 4618 veniet
656 4544 744 4613 ad
776 4551 1034 4634 partem
1085 4546 1555 4615 occidentalem
1589 4544 1677 4614 ad
1708 4555 1909 4636 caput
1953 4546 2149 4617 riuuli
2180 4546 2543 4630 Cenem3
2594 4552 2662 4612 et

401 4654 560 4724 inde
586 4655 798 4724 tendit
827 4656 916 4724 ad
947 4649 1148 4741 caput
1175 4654 1390 4740 riuuli‚
1423 4657 1534 4743 qui
1568 4655 1805 4729 dicitur
1833 4655 2228 4744 Souspotok,
2264 4661 2331 4722 et
2361 4654 2452 4724 ibi
2475 4660 2659 4723 tenet
