3359 5250
1406 408 1444 419 *
1506 321 1630 387 149

430 513 662 601 Orpan
690 514 833 599 λαις
873 523 938 582 et
967 519 1201 600 postea
1231 512 1530 582 ascendit
1561 514 1651 582 ad
1670 521 1952 584 montem
1984 535 2214 584 uersus
2246 516 2562 584 orientem
2593 517 2685 584 ad

419 622 766 689 frutectum
797 622 1139 707 auellaue3
1173 628 1241 688 et
1270 621 1425 689 inde
1455 624 1803 690 reuertitur
1825 621 1914 689 ad
1945 624 2228 711 priorem
2258 631 2521 708 metam,
2554 626 2678 691 soi-

417 730 574 796 licet
590 729 829 815 Ocrog.
861 729 999 798 Nos
1032 730 1233 815 igitur
1265 728 1355 796 ad
1385 732 1779 818 peticionem
1809 732 2146 816 utriusque
2176 733 2385 820 partis
2404 732 2474 800 in
2502 732 2683 800 testi·

417 837 708 906 monium
756 836 948 905 buius
979 837 1077 905 rei
1107 844 1447 923 presentes
1497 841 1755 907 litteras
1795 838 2120 907 conscribi
2151 838 2445 924 fecimus,
2496 845 2562 906 et
2592 841 2679 906 si-

417 945 560 1029 gilli
592 944 802 1014 nostri
832 953 1170 1013 caractere
1203 946 1756 1016 confirmauimuS.
1790 949 1982 1014 Anno
2010 947 2237 1032 gracie
2267 946 2362 1013 w
2382 944 2514 1013 000
2534 946 2680 1013 XL⁰

414 1054 643 1118 tercio.
675 1051 1015 1121 Existente
1036 1054 1392 1120 venerabili
1418 1053 1856 1137 Zagrabiensi
1887 1054 2213 1141 Episcopo
2234 1054 2325 1138 S„
2357 1053 2506 1121 Fila
2530 1056 2678 1120 Pre-

418 1158 662 1245 posito,
693 1157 884 1227 Petro
905 1157 1209 1241 Cantore,
1244 1158 1505 1226 Barano
1526 1158 1819 1242 Lectore‚
1853 1157 2174 1243 Gregorio
2195 1156 2500 1240 Custode,
2521 1158 2673 1227 Gor·

416 1264 594 1332 nelio
627 1266 914 1350 Decano,
954 1273 1020 1332 et
1052 1265 1283 1333 ceteris
1316 1265 1626 1334 fratribus
1668 1265 1964 1334 eiusdem
1996 1264 2310 1334 Ecclesie.

417 1462 673 1513 Eredetie
697 1460 1044 1530 biii-hirmin,
1070 1464 1297 1529 melyrffl
1322 1478 1355 1513 a
1381 1460 1761 1530 kiptalannak
1784 1461 2030 1531 pecsetje
2049 1460 2346 1516 votos-kek
2369 1462 2679 1528 solymani·

837 1569 1005 1605 noron
1030 1553 1180 1619 fflgg,
1211 1569 1245 1604 a
1271 1552 1435 1605 budai
1462 1555 1566 1604 kir.
1594 1554 1846 1605 kamarai
1871 1548 2255 1618 leveltarban.)

1283 1848 1814 1864 Ἀ

1480 2368 1633 2436 101.

659 2551 932 2638 Spalato
963 2551 1026 2613 ἐκ
1063 2549 1239 2613 Trau
1268 2495 1538 2615 vair-osolt
1566 2550 1738 2613 1εὸπὶ
1767 2553 1840 2634 ά]
1870 2547 2204 2613 ὀόΙεοΙσὸιέε.
2244 2550 2440 2615 1243.

641 2751 716 2816 In
748 2745 992 2814 Christi
1042 2745 1329 2812 nomine.
1377 2744 1569 2812 Anno
1603 2745 2093 2811 Incarnacionis
2143 2744 2284 2810 eius
2336 2742 2682 2811 millesimo

428 2856 871 2926 ducentesimo
920 2851 1431 2937 quadragesimo
1479 2852 1705 2933 tercio,
1768 2851 2141 2920 Indiccione
2189 2853 2404 2938 prima
2465 2870 2685 2918 mense

427 2962 792 3052 Septembri
842 2960 952 3027 die
982 2960 1098 3026 XI.
1137 2959 1521 3025 introeunte.
1573 2958 2004 3044 Temporibus
2057 2958 2301 3026 domini
2350 2957 2683 3043 Treguani

427 3069 823 3140 venerabilis
855 3064 1188 3153 Episcopi,
1223 3064 1566 3150 Stepconis
1598 3063 1888 3147 Comitis,
1933 3064 2106 3130 Petri
2139 3063 2222 3129 de
2254 3065 2457 3144 Luca,
2490 3063 2681 3129 Pauli

427 3190 493 3249 et
541 3175 806 3245 Martini
852 3173 1061 3257 Blasij
1104 3173 1147 3240 J
1152 3171 1405 3238 udicum
1453 3170 1995 3254 Traguriensium
2052 3170 2296 3237 factum
2347 3176 2467 3237 est.
2521 3168 2681 3236 Cum

424 3292 593 3356 inter
624 3287 806 3352 ciues
837 3284 1263 3370 Spalatenses
1295 3288 1360 3346 et
1390 3279 1865 3364 Tragurienses
1896 3298 1979 3344 ex
2009 3277 2262 3362 antiqui
2302 3277 2510 3345 hostis
2539 3298 2685 3366 per·

427 3394 737 3467 suasione
767 3388 989 3475 gravis
1021 3387 1256 3456 fuisset
1286 3395 1516 3453 exorta
1541 3383 1897 3471 discordia,
1931 3386 2048 3468 ita,
2083 3393 2152 3451 ut
2181 3385 2348 3452 inter
2381 3390 2684 3470 utrasque

428 3505 731 3573 ciuitates
763 3496 920 3566 belli
951 3496 1083 3562 iam
1113 3495 1336 3561 rabies
1369 3495 1633 3580 incepta
1659 3494 1742 3559 de
1773 3493 1880 3560 die
1912 3494 1978 3558 in
2013 3493 2188 3559 diem
2220 3490 2686 3559 miserabiliter

424 3614 789 3679 inerescere
805 3606 1168 3687 videretur3
1202 3601 1348 3687 Ego
1378 3600 1580 3668 frater
1600 3599 1918 3669 Girardus
1953 3600 2034 3665 de
2053 3601 2307 3666 Mutina
2338 3618 2422 3664 ex
2441 3599 2642 3684 Apuli
2656 3616 2693 3664 e

425 3719 732 3810 partibus
764 3711 1251 3799 superveniens,
1288 3728 1422 3776 una
1453 3729 1599 3775 cum
1629 3707 1835 3774 fratre
1854 3707 2060 3775 Paulo
2094 3714 2161 3774 et
2189 3705 2395 3773 fratre
2420 3705 2686 3771 Andrea

426 3827 874 3916 predictarum
922 3820 1268 3888 ciuitatum
1316 3817 1803 3901 compacientes
1850 3813 2224 3896 discrimini,
2274 3813 2342 3878 in
2374 3831 2686 3897 magnam

427 3933 646 4004 cordis
697 3929 1118 3998 affeccionem
1180 3925 1476 3993 succensi
1523 3923 1785 4009 fuimus,
1838 3932 1974 3990 tam
2023 3919 2260 4005 nefarij
2314 3918 2476 3986 belli
2516 3918 2685 3984 inter

426 4042 667 4109 fratres
719 4045 784 4105 et
813 4038 1217 4124 propinquos
1268 4032 1639 4100 incendium
1690 4030 1930 4098 Diuino
1980 4028 2384 4113 suffragante
2439 4025 2685 4093 auxilio

429 4149 833 4233 extinguere,
866 4152 933 4212 et
949 4149 1171 4229 partes
1199 4141 1270 4207 in
1291 4142 1480 4228 pacis
1502 4147 1568 4206 et
1592 4138 1941 4208 concordie
1960 4136 2291 4206 vinculum
2310 4132 2683 4201 reformare.

427 4253 725 4323 Tandem
752 4254 825 4320 in
870 4250 1137 4320 nomine
1168 4248 1435 4316 Domini
1473 4246 1767 4335 cepimus
1816 4245 1987 4312 inter
2016 4244 2195 4332 ipsos
2226 4241 2312 4309 de
2341 4259 2508 4326 pace
2558 4245 2683 4304 tra·

428 4369 628 4446 ctare,
678 4366 746 4427 et
789 4358 888 4425 ita
917 4357 1107 4425 nobis
1162 4355 1394 4443 gracia
1423 4352 1672 4421 Diuina
1719 4351 1949 4433 affluit,
2001 4355 2073 4417 nt
2104 4347 2297 4415 ambe
2348 4349 2569 4433 partes
2603 4344 2687 4409 de

426 4467 607 4535 facili
638 4467 708 4532 in
739 4471 1036 4534 nostrum
1082 4461 1425 4529 arbitrium
1466 4457 2080 4546 compromitterent,
2129 4451 2589 4542 promittentes
2624 4461 2688 4515 et

428 4574 798 4661 obligantes
848 4590 920 4638 sc
956 4577 1133 4638 stare
1163 4569 1251 4636 ad
1284 4569 1523 4654 omnia,
1575 4585 1705 4650 que
1736 4584 1853 4632 nos
1884 4582 2002 4650 pro
2031 4563 2202 4630 bono
2253 4557 2438 4647 pacis
2491 4557 2691 4624 velle-
