3359 5250
1555 376 1598 441 3

435 588 587 635 eum
615 569 908 636 Albense
956 567 1332 654 Capitulum
1369 567 1614 635 debent
1661 568 1987 637 adducere
2017 569 2105 636 ad
2154 572 2368 638 locum
2404 580 2706 658 prenota-

435 682 616 761 tum3
649 682 715 743 et
744 696 918 762 pars,
953 694 1080 759 que
1110 674 1194 742 de
1224 681 1514 743 uestrum
1537 676 1847 760 omnium,
1880 676 1985 743 uel
2015 698 2259 762 eorum,
2300 679 2410 765 qui
2443 698 2703 765 presen-

430 791 537 851 tes
570 803 716 851 esse
748 788 1053 870 poterunt
1102 782 1185 850 de
1220 782 1432 867 uobis,
1482 803 1599 871 per
1631 803 1905 869 quorum
1939 783 2280 851 arbitrium
2315 784 2387 851 in
2417 787 2564 872 ipso
2595 805 2705 853 ne-

433 890 627 975 gocio
678 890 968 957 finaliter
995 888 1265 977 procedi
1315 891 1637 975 uolumus,
1692 891 1861 958 sicut
1904 899 2130 977 partes
2181 901 2701 979 assumpserunt,

432 996 708 1067 arbitrio
740 996 1067 1083 resilierit,
1100 1015 1270 1082 pene
1301 995 1496 1063 trium
1526 1016 1897 1065 marcarum
1929 997 2320 1087 subiacebit,
2360 1000 2446 1067 de
2478 1000 2704 1089 damp-

430 1105 539 1172 nis
572 1105 782 1172 eciam
816 1103 1146 1190 preteritis
1175 1104 1347 1171 inter
1379 1112 1604 1190 partes
1633 1105 1810 1172 datis
1846 1107 1998 1174 hinc
2027 1106 2201 1191 inde,
2235 1107 2406 1175 sicut
2437 1108 2694 1195 dicitur,

431 1212 918 1281 ordinacionem
973 1210 1412 1280 omnimodam
1462 1212 1608 1279 uice
1656 1218 1884 1281 nostra
1931 1213 2192 1282 faciatis
2247 1215 2418 1283 inter
2447 1224 2694 1305 partes-

433 1320 665 1388 Partes
695 1320 921 1404 itaque
949 1320 1018 1385 in
1050 1319 1306 1387 octauis
1337 1319 1726 1387 Natiuitatis
1779 1323 1984 1389 Beate
2014 1323 2304 1408 Virginis
2336 1344 2557 1393 coram
2588 1345 2695 1392 no-

432 1429 542 1495 bis
590 1427 1098 1514 comparebunt,
1151 1433 1218 1494 et
1267 1426 1641 1514 Capitulum
1685 1429 2200 1517 Wesprimiense
2246 1432 2563 1500 Mathiam
2614 1433 2698 1501 de

428 1538 583 1603 Wrs
612 1534 1002 1621 pristaldum
1022 1554 1209 1602 suum
1242 1535 1437 1604 debet
1455 1543 1744 1605 statuere
1763 1537 1879 1606 illo
1912 1538 2040 1627 die,
2061 1538 2150 1605 ad
2179 1540 2304 1608 hoc
2322 1539 2691 1629 dicendum,

428 1652 646 1712 utrum
677 1643 1051 1731 Capitulum
1082 1645 1387 1729 Albense,
1426 1666 1546 1733 pro
1584 1667 1714 1732 quo
1753 1647 2125 1736 Stephanus
2159 1646 2395 1717 Comes
2426 1649 2692 1738 astabit,

427 1752 731 1822 citauerit
761 1752 849 1820 ad
879 1761 1171 1821 nostram
1195 1754 1606 1842 presenciam
1638 1755 1728 1822 ad
1759 1756 2124 1842 quindenas
2146 1756 2370 1824 Sancti
2401 1757 2692 1845 Martini,

424 1881 551 1929 nec
577 1882 682 1945 ne,
715 1868 941 1928 eontra
967 1860 1343 1949 Capitulum
1360 1863 1893 1950 Wesprimiense.
1927 1866 2172 1932 Datum
2197 1862 2381 1932 Bude
2411 1866 2481 1933 in
2510 1865 2694 1933 curia

424 1970 689 2038 domine
705 1969 959 2056 Regine
976 1970 1045 2037 in
1067 1970 1236 2039 feria
1255 1971 1729 2057 quindenarum
1746 1974 2212 2042 Pentechostes
2237 1972 2407 2040 feria
2438 1972 2692 2059 quinta.

424 2168 706 2233 (Eredetie
729 2164 1079 2235 bdrhartyan,
1117 2169 1344 2236 melyrffl
1369 2187 1404 2223 a
1430 2168 1720 2238 kiralynak
1745 2168 1898 2225 hattul
1927 2172 2034 2224 oda
2057 2177 2307 2239 nyomott
2351 2167 2590 2239 peccetis
2618 2169 2694 2222 el·

888 2261 1111 2318 vestat,
1138 2271 1173 2307 a
1196 2258 1496 2325 veszpremi
1522 2256 1787 2326 kaptalan
1811 2256 2227 2326 leveltaraban.)

1300 2526 1595 2536 0—---—-.—
1606 2528 1819 2537 ——-——..

414 3193 544 3258 IX.
579 3190 849 3279 θῆράς]
870 3193 1057 3277 papa
1074 3189 1281 3256 Jdnoo
1292 3188 1541 3277 jddrai
1568 3189 1865 3255 erscknek
1896 3189 2289 3276 moqhaqw’a,
2319 3187 2482 3276 hoqy
2500 3190 2685 3253 asilu-

398 3305 536 3389 jon
566 3321 702 3387 ἠερ
732 3299 838 3385 oly
855 3297 1339 3364 intdzkeddeeket
1370 3297 1559 3381 tenni,
1588 3295 1826 3383 melyok
1855 3320 1935 3362 az
1964 3296 2228 3384 ethdzi
2249 3295 2686 3384 feqyelemmel

1100 3403 1460 3471 altentatem
1489 3404 1766 3470 vannak.
1811 3407 2012 3473 1225.

657 3582 1014 3670 Gregorius
1067 3571 1443 3670 Episcopus
1488 3601 1717 3650 servus
1768 3601 2102 3651 servorum
2152 3582 2278 3649 Dei
2324 3584 2685 3654 venerabili

406 3692 607 3762 fratri
644 3740 661 3758 .
696 3744 712 3759 .
750 3745 767 3763 .
800 3691 1311 3778 Archiepiscopo
1341 3692 1385 3758 J
1388 3688 1650 3759 adrensi
1684 3693 1964 3757 salutem
2005 3695 2072 3757 et
2101 3690 2546 3776 Apostolicam
2575 3692 2682 3761 be-

406 3800 877 3868 nedictionem.
930 3799 1393 3886 Sperabamus‚
1446 3797 1641 3884 quod,
1685 3817 1829 3866 cum
1863 3798 1947 3865 de
1979 3796 2299 3883 qualitate
2328 3804 2539 3866 status
2567 3800 2682 3884 tui,

402 3927 540 3997 pro
571 3928 673 3996 eo,
724 3908 899 3994 quod
929 3909 1022 3977 sis
1052 3906 1121 3973 in
1171 3914 1420 3976 remoto
1454 3907 1731 3993 positus,
1777 3906 2009 3974 haberi
2038 3904 2120 3972 de
2151 3904 2333 3973 facili
2363 3905 2680 3975 certitudo

403 4038 547 4085 non
578 4017 809 4104 possit,
860 4016 983 4083 illa
1010 4013 1225 4083 mente
1256 4014 1445 4099 vigili
1477 4014 1773 4082 studeres
1805 4013 2081 4097 efficere,
2136 4032 2253 4099 per
2284 4032 2455 4098 quae
2492 4013 2680 4081 nobis

402 4124 816 4212 quandoque
846 4129 1196 4211 constaret,
1231 4131 1298 4191 te
1328 4123 1638 4190 virtutum
1668 4121 2041 4208 fragrantia
2072 4142 2193 4207 pro
2225 4121 2677 4209 Redemptoris

403 4234 651 4324 gloria,
684 4239 750 4300 et
779 4235 992 4302 salute
1024 4232 1146 4322 tibi
1177 4232 1511 4301 commissi
1539 4231 1769 4318 populi
1799 4230 2120 4298 redolere.
2163 4227 2296 4296 Sed
2326 4249 2500 4315 ecce,
2534 4250 2680 4299 con-

401 4341 688 4412 trarium
736 4362 821 4410 ex
852 4360 932 4409 eo
963 4338 1329 4424 didicimus,
1379 4339 1803 4424 admirantes,
1854 4337 2051 4423 quod,
2101 4357 2248 4404 cum
2299 4338 2565 4423 quidam
2595 4357 2679 4405 ex

403 4452 676 4521 dilectis
708 4449 864 4518 filiis
912 4448 1227 4516 fratfibus
1261 4445 1529 4516 Ordinis
1558 4448 1909 4532 Minorum,
1960 4445 2074 4531 qui
2109 4445 2247 4513 fere
2292 4446 2459 4513 nihil
2496 4444 2679 4514 aliud

400 4565 739 4647 quaerunt
768 4557 876 4625 vel
905 4556 1224 4642 cogitant,
1277 4555 1407 4624 nisi
1437 4554 1617 4639 quod
1656 4553 1958 4638 singulae
2005 4552 2341 4620 hominum
2376 4553 2678 4622 nationes

400 4665 646 4737 Divini
678 4666 854 4731 cultu
901 4664 1184 4732 nominis
1228 4664 1676 4749 refulgescant
1695 4714 1713 4748 ‚
1766 4661 1855 4728 ad
1894 4661 2225 4729 civitatem
2262 4663 2306 4729 J
2307 4661 2671 4765 adrensem7

2267 4778 2297 4831 1
2323 4780 2355 4814 R
