3359 5250
1444 358 1525 419 15
1572 447 1628 456 --

1308 446 1433 456 σφιν.-

332 556 553 638 gistcr
584 556 667 619 ab
700 554 931 622 eodem
954 552 1471 639 Arcbiepiscopo
1504 551 2017 620 confirmationis
2048 552 2332 636 gratiam
2364 553 2606 620 obtine-

332 668 444 729 ret
464 685 483 746 ς
515 668 778 748 propter
798 660 975 747 quod
999 658 1200 727 iidem
1221 658 1536 727 Canonici
1554 658 1644 725 ad
1675 666 1971 727 nostram
1990 657 2312 728 duxerunt
2343 661 2608 740 audien·

326 770 508 835 tiam
525 769 1026 856 appellandum3
1061 787 1334 854 quorum
1355 767 1803 855 appellatione
1826 772 2218 854 contempta,
2239 769 2395 853 quia
2414 767 2608 835 intru-

330 898 417 945 so
437 876 570 965 ipsi
585 876 901 946 nolebant
920 873 1283 961 intendere,
1306 874 1476 942 sicut
1497 876 1695 943 etiam
1715 895 1839 942 nec
1856 873 2208 962 debebant,
2224 876 2483 943 fuerunt
2500 876 2610 943 bo·

330 988 446 1053 nis
480 985 779 1054 omnibus
797 983 1103 1071 spoliati3
1129 983 1301 1051 unde
1331 983 1598 1052 dilectis
1626 984 1780 1052 filiis
1816 1035 1832 1052 .
1854 1029 1874 1051 .
1897 1035 1913 1052 .
1947 984 2195 1052 Abbati
2213 984 2441 1052 Sancti
2460 982 2610 1051 Got-

327 1092 541 1162 hardi
570 1100 638 1160 et
668 1091 1122 1161 coniudicibus
1170 1091 1311 1159 suis
1348 1093 1680 1176 negotium
1719 1092 1937 1180 ipsum
1975 1113 2019 1160 a
2046 1092 2237 1159 nobis
2268 1092 2609 1162 obtinuere

336 1201 683 1271 committi.
706 1200 834 1280 Qui
853 1221 1002 1268 cum
1028 1200 1119 1268 ad
1138 1199 1698 1270 confirmationem
1729 1200 2066 1270 electionis
2085 1202 2297 1288 ipsius
2320 1201 2612 1271 intende-

335 1318 511 1398 rent,
530 1317 724 1398 prout
741 1317 1133 1397 acceperant
1151 1310 1222 1376 in
1240 1308 1590 1394 mandatis,
1610 1309 1682 1376 in
1703 1329 1948 1394 omnes,
1963 1309 2076 1394 qui
2094 1329 2167 1377 se
2186 1316 2609 1397 opponerent,

337 1417 1034 1488 excommunicationis
1066 1416 1477 1501 sententiam,
1513 1417 1683 1484 sicut
1715 1416 1970 1502 dicitur,
2004 1417 2504 1504 promulgando,
2525 1437 2610 1484 ex

335 1534 537 1617 parte
557 1527 766 1613 ipsius
784 1526 858 1591 B.
877 1525 967 1592 ad
984 1532 1277 1593 nostram
1306 1524 1431 1592 fuit
1448 1523 1851 1593 audientiam
1871 1523 2301 1612 appellatum.
2329 1524 2614 1593 Predioti

338 1656 502 1704 vero
531 1633 784 1701 iudices
834 1633 973 1701 eius
1004 1631 1513 1719 appellationem
1543 1639 1920 1720 reputantes
1952 1632 2256 1700 frivolam
2274 1684 2293 1718 ,
2347 1641 2414 1700 et
2442 1633 2617 1717 quic·

341 1742 508 1830 quid
539 1742 623 1808 de
639 1742 787 1828 ipso
816 1739 1061 1808 factum
1079 1739 1313 1822 fuerat,
1346 1739 1698 1826 irritantes,
1721 1740 2108 1808 electionem
2127 1740 2211 1807 de
2230 1739 2614 1826 supradicto

340 1849 674 1936 Magistro
724 1848 968 1916 factam
1011 1846 1487 1916 sententialiter
1533 1848 2014 1916 confirmarunt.
2067 1847 2614 1916 Procuratoribus

346 1959 553 2044 igitur
582 1958 877 2026 eiusdem
905 1959 980 2024 Β.
1013 1956 1194 2044 apud
1231 1954 1470 2023 Sedem
1500 1955 1952 2042 Apostolicam
1985 1956 2374 2041 constitutis,
2408 1962 2472 2023 et
2500 1977 2616 2044 ap-

344 2066 798 2155 pellationem,
841 2074 913 2133 ut
945 2065 1270 2148 dicebant,
1302 2063 1847 2151 prosequentibus
1882 2064 2311 2152 interiectam,
2343 2063 2615 2133 iamdic-

347 2183 463 2244 tus
513 2173 968 2242 Subdiaconus
997 2193 1220 2240 coram
1251 2172 1491 2241 dilecto
1522 2173 1657 2242 filio
1689 2179 1910 2243 nostro
1928 2175 2005 2241 R.
2038 2175 2281 2242 Sancte
2307 2175 2517 2242 Mario
2544 2172 2618 2241 in

350 2279 708 2351 cosmedin
738 2280 1033 2349 Diacono
1066 2278 1428 2367 Cardinali,
1479 2301 1674 2366 quem
1703 2281 1835 2349 sibi
1865 2288 1932 2350 et
1960 2281 2210 2349 eisdem
2244 2287 2616 2370 procurato·

346 2389 534 2456 ribus
566 2387 933 2456 auditorem
960 2388 1420 2474 concessimus,
1446 2388 1836 2475 excipiendo
1865 2390 2224 2477 proposuit,
2246 2390 2425 2474 quod
2442 2391 2519 2456 Β.
2553 2393 2620 2456 et

347 2502 811 2584 procuratores
842 2494 1140 2562 iamdicti
1170 2503 1305 2562 tam
1325 2494 1411 2562 ab
1443 2494 1693 2563 eisdem
1723 2494 2047 2565 iudicibus
2080 2504 2147 2564 et
2165 2496 2618 2580 subdelegatis

348 2606 666 2693 ipsorum,
702 2621 901 2687 quam
930 2621 1052 2691 pro
1086 2623 1186 2688 eo,
1239 2602 1417 2689 quod
1457 2603 1968 2672 verberaverunt
2016 2609 2082 2671 et
2113 2604 2622 2673 vulneraverunt

349 2735 435 2784 ac
465 2714 1027 2781 incarceraverunt
1056 2714 1375 2800 quosdam
1407 2699 1704 2796 clericos,
1735 2715 1997 2782 vinculo
2036 2723 2224 2783 erant
2255 2732 2621 2782 excommu-

347 2822 705 2891 nicationis
736 2822 1008 2905 astricti,
1043 2840 1347 2891 asserens
1376 2822 1839 2894 nichilominus
1871 2843 1943 2892 se
1968 2844 2087 2910 per
2116 2823 2397 2891 eundem
2432 2822 2506 2888 B.
2541 2841 2622 2889 ac

357 2930 719 3017 complices
737 2950 892 2999 suos
925 2931 1346 3017 possessione
1366 2932 1808 3018 Episcopatus
1826 2931 2300 3017 Waradiensis,
2332 2931 2399 2997 in
2425 2949 2622 3015 quam

358 3059 403 3105 a
433 3037 761 3107 iudicibus
790 3037 959 3124 ipsis
1009 3058 1128 3126 per
1158 3047 1611 3126 procuratores
1662 3059 1817 3108 suos
1846 3039 2149 3107 inductus
2193 3039 2427 3125 fuerat,
2477 3057 2622 3123 spo·

356 3147 613 3215 liatum.
662 3146 928 3214 Adiecit
975 3146 1264 3234 insuper,
1316 3148 1495 3231 quod
1525 3168 1673 3216 cum
1712 3147 1868 3214 dicti
1916 3152 2367 3234 procuratores
2416 3164 2626 3232 nuper

360 3256 542 3344 apud
571 3252 914 3324 Anconam
961 3256 1159 3324 tracti
1191 3257 1281 3324 ad
1310 3256 1624 3324 iudicium
1677 3275 1899 3325 coram
1934 3304 1989 3326 ..
2014 3304 2030 3321 .
2063 3255 2325 3324 Vicario
2356 3274 2627 3322 venera·

359 3363 515 3429 bilis
545 3361 773 3431 fratris
818 3363 1027 3431 nostri
1061 3410 1078 3429 .
1101 3413 1116 3430 .
1141 3413 1156 3430 .
1190 3363 1587 3431 Anconitani
1616 3363 1931 3451 Episcopi
1963 3383 2162 3452 super
2190 3382 2291 3451 eo,
2341 3361 2519 3449 quod
2550 3380 2629 3429 se

361 3468 626 3538 dicebat
655 3469 1052 3553 quibusdam
1081 3471 1278 3540 rebus
1311 3472 1668 3560 spoliatum
1700 3472 1787 3538 ab
1818 3471 2006 3557 ipsis,
2056 3492 2129 3539 se
2161 3470 2627 3540 contumaciter

364 3577 842 3666 absentassent,
890 3576 1066 3646 idem
1097 3579 1395 3646 Vicarius
1435 3578 1586 3646 tulit
1635 3579 2326 3648 excommunicationis
2375 3585 2628 3647 senten-

362 3683 529 3752 tiam
558 3685 627 3750 in
658 3685 948 3753 eosdem.
1000 3684 1294 3773 Cumque
1341 3686 1620 3773 receptis
1651 3707 1849 3774 super
1897 3687 2270 3754 huiusmodi
2302 3684 2627 3771 exceptio-

365 3792 558 3858 nibus
587 3792 982 3877 quibusdam
1009 3793 1306 3878 testibus,
1346 3794 1875 3862 attestationibus
1918 3794 2269 3881 publicatis
2301 3801 2369 3859 et
2396 3792 2629 3860 instru-

368 3901 609 3967 mentis
640 3899 971 3984 exhibitis,
1022 3908 1173 3987 post
1203 3901 1754 3969 concertationem
1806 3901 2124 3969 diutinam
2156 3921 2316 3989 pars
2347 3900 2628 3967 adversa

369 4026 444 4074 se
492 4006 728 4074 obtulit
772 4006 1218 4093 probaturam,
1270 4007 1446 4092 quod
1474 4006 1673 4075 iidem
1713 4014 1915 4076 testes
1965 4012 2151 4074 erant
2198 4006 2498 4090 infames,
2548 4027 2630 4073 ac

368 4133 492 4202 per
539 4113 664 4180 hoc
713 4110 956 4180 debeat
985 4132 1209 4180 eorum
1257 4113 1699 4182 testimonium
1745 4135 1874 4182 non
1904 4115 2149 4199 valere,
2199 4115 2630 4181 instrumenta

373 4226 603 4287 contra
633 4239 710 4286 se
740 4220 1062 4306 producta
1077 4219 1522 4307 multipliciter
1539 4221 2030 4307 impugnando:
2064 4242 2147 4288 ne
2177 4241 2294 4308 per
2325 4220 2634 4288 circuitus

371 4328 595 4395 varios
624 4334 692 4394 et
721 4326 1055 4394 anfractus
1104 4328 1475 4415 principale
1522 4329 1856 4414 negotium
1896 4330 1964 4395 in
1999 4348 2265 4413 gravem
2315 4329 2632 4396 lesionem

373 4432 670 4503 eiusdem
702 4434 1000 4502 Ecclesie
1031 4435 1437 4523 contingeret
1468 4436 1815 4522 retardari,
1849 4437 2015 4504 illud
2045 4436 2406 4504 venerabili
2449 4434 2636 4501 fratri

373 4549 599 4611 nostro
634 4592 651 4608 .
681 4591 698 4608 .
724 4593 740 4608 .
771 4542 1101 4629 Episcopo
1120 4542 1525 4630 Penestrino‚
1563 4551 1722 4611 tunc
1738 4544 2120 4632 Apostolice
2150 4545 2341 4612 Sedis
2361 4544 2632 4628 Legato,

375 4651 501 4718 sub
529 4650 656 4716 hac
687 4649 901 4718 forma
928 4650 1232 4719 duximus
1252 4653 1801 4741 committendum,
1847 4660 1918 4720 ut
1940 4660 2295 4722 memorato
2316 4652 2636 4737 Magistro
