3359 5250
1772 289 1913 358 310

706 483 1033 556 mota‘stb.
1079 525 1151 536 —
1197 525 1269 537 --
1310 487 1577 556 tandem
1630 488 1883 556 octauis
1934 490 2120 557 Beati
2173 487 2517 558 Michaelis
2574 488 2977 576 Archangeli

706 600 1128 682 instantibus,
1162 598 1468 685 dictaque
1486 598 1825 667 Personali
1858 600 2103 667 Nostra
2121 598 2476 668 Prosencia
2506 619 2785 668 vnacum
2818 619 2975 666 non-

709 707 906 775 nullis
939 705 1232 775 dominis
1267 707 1567 791 Prelatis,
1602 707 1970 774 Batonibus
2021 712 2088 774 et
2120 706 2343 790 Regni
2393 707 2599 774 nostri
2628 703 2978 774 Nobilibus

714 835 831 902 pro
864 814 1161 882 faciendo
1217 814 1624 883 moderatiuo
1665 813 1920 899 judicio
1954 812 2388 882 causantibus
2438 815 2505 881 in
2536 814 2706 881 Sede
2735 813 2982 882 Nostra

715 922 1081 992 Judiciaria
1130 943 1247 1010 pro
1303 923 1616 994 tribunali
1670 922 2050 991 sedentibus
2073 975 2090 1006 ‚
2152 922 2484 991 Johannes
2536 922 2618 988 de
2667 923 2815 990 Han
2865 943 2982 1010 pro

719 1032 1019 1100 Johanne
1051 1030 1183 1099 filio
1216 1029 1376 1098 dicti
1406 1031 1684 1100 condam
1715 1029 2003 1099 Johanni
2038 1030 2122 1099 de
2146 1032 2651 1122 Zenthgyrolth,
2692 1030 2757 1098 in
2790 1050 2984 1115 quem

720 1159 925 1208 causa
972 1157 1241 1227 presens
1291 1137 1526 1207 eodem
1560 1146 1748 1227 patre
1781 1160 1898 1209 suo
1931 1140 2146 1209 medio
2199 1148 2490 1228 tempore
2540 1142 2627 1207 ab
2659 1140 2788 1209 hac
2838 1141 2985 1209 luce

721 1248 999 1335 sublato,
1045 1249 1239 1333 juxta
1292 1249 1503 1335 Regni
1559 1248 2098 1317 consuetudinem
2147 1257 2249 1318 est
2304 1247 2748 1320 condescensa
2770 1300 2787 1333 ‚
2839 1269 2987 1316 cum

724 1356 1185 1445 procuratorijs
1240 1355 1472 1425 litteris
1531 1358 1903 1426 Conuentus
1955 1357 2253 1426 Ecclesie
2307 1358 2390 1426 de
2422 1356 2782 1446 Kapornak
2832 1376 2984 1425 ean·

728 1465 873 1534 dem
902 1465 1210 1534 Nostram
1273 1465 1694 1534 Personalem
1725 1467 1997 1534 veniens
2049 1466 2117 1532 in
2150 1452 2572 1535 Presenciam
2622 1466 2745 1533 ath,
2786 1503 2861 1515 —
2908 1504 2981 1515 —

728 1595 849 1663 par
900 1574 1264 1642 litterarum
1322 1573 1906 1641 sentencionalium
1960 1575 2241 1660 (melyet
2285 1583 2328 1641 t.
2362 1575 2405 1640 i.
2456 1574 2781 1658 Orszaghi
2813 1573 2992 1643 Guth

732 1681 983 1770 Mihaly
1018 1682 1213 1750 1483.
1255 1683 1361 1770 „in
1396 1684 1655 1750 octauis
1687 1682 2206 1770 Epiphaniarum
2240 1683 2545 1751 Domini“
2582 1682 2851 1773 hozott),
2884 1682 2995 1751 ad-

732 1799 888 1858 tunc
934 1810 1053 1875 pro
1084 1798 1274 1879 parte
1310 1790 1582 1876 Egregij
1620 1789 1882 1859 Nicolai
1915 1789 2256 1876 Hoghmas
2307 1790 2389 1859 de
2421 1790 2718 1859 Berekzo
2756 1797 2824 1859 et
2854 1813 2995 1879 pre-

736 1896 855 1966 fati
906 1898 1191 1967 condam
1220 1898 1539 1967 Johannis
1591 1897 1676 1967 de
1722 1898 2193 1984 Zenthgyrolth
2244 1905 2619 1967 emanatum
2668 1900 2792 1967 stb.
2846 1898 2997 1988 (boz

739 2004 866 2092 fel;
917 2006 1221 2094 melyben
1257 2005 1689 2097 „Valentinus
1745 2005 2163 2074 castellanus
2209 2005 2425 2074 Castri
2475 2006 2991 2095 Zenthgyrolth“

740 2114 1240 2200 Zenthgyrolthi
1270 2114 1617 2183 Janosnak
1675 2114 1969 2182 neveben
2002 2115 2162 2182 tobb
2195 2113 2536 2203 okmanyt‚
2586 2135 2618 2182 s
2652 2115 2813 2182 ezek
2845 2114 2999 2185 kozt

741 2225 1105 2292 nevszerint
1153 2225 1260 2293 IV.
1313 2225 1478 2293 Bela
1537 2224 1855 2311 kiralytol
1912 2225 2171 2293 hai-mat
2220 2225 2649 2311 selmutatott3
2700 2247 2778 2293 az
2833 2226 3001 2294 elsbt

751 2333 924 2404 1248
961 2355 1118 2423 „pro
1152 2334 1473 2404 Joachino
1509 2334 1763 2404 Comite
1813 2335 2030 2421 quoad
2060 2342 2298 2403 terram
2330 2335 2583 2403 Zolona
2628 2342 3002 2423 exemptam

763 2464 806 2509 a
855 2441 1086 2510 Castro
1136 2441 1552 2511 Zaladiensi“
1609 2442 1772 2509 mint
1817 2441 2080 2509 fentebb
2134 2443 2281 2509 178.
2331 2462 2420 2509 sz.
2461 2462 2560 2529 a.;
2604 2481 2677 2491 —
2718 2464 2759 2510 a
2791 2440 3006 2511 masik

750 2550 931 2619 hetto
965 2549 1185 2640 pedig,
1216 2549 1380 2618 mint
1408 2550 1487 2618 itt
1518 2548 1983 2636 kbvetkezik):

970 2659 1271 2728 Secunda
1301 2665 1516 2727 autem
1571 2665 1636 2726 et
1665 2659 1876 2727 tercia
1907 2660 2198 2746 ipsarum
2233 2660 2524 2728 eiusdem
2574 2661 2850 2729 condam
2894 2660 3006 2729 do-

755 2770 914 2838 mini
946 2767 1104 2835 Bele
1133 2768 1333 2855 Regis
1371 2766 1588 2838 littere
1619 2766 1917 2835 similiter
1946 2766 2413 2854 priuilegiales‚
2446 2768 2665 2853 sigillo
2714 2765 3009 2837 eiusdem

759 2876 1085 2945 autentico
1139 2885 1205 2944 et
1237 2874 1525 2966 dupplici
1560 2875 1858 2944 similiter
1914 2874 2313 2962 impendenti
2360 2875 2623 2959 vallate,
2676 2876 2869 2943 ambe
2901 2895 3009 2944 ea-

761 3006 904 3053 rum
937 2985 1057 3055 sub
1091 3004 1217 3053 vno
1236 3004 1430 3053 sensu
1464 2992 1530 3054 et
1564 2985 1774 3053 forma
1802 2984 2144 3053 verborum
2177 3003 2257 3051 ac
2289 2983 2519 3053 eodem
2539 3002 2733 3071 anno,
2763 2983 3013 3052 scilieet

761 3115 936 3164 anno
956 3095 1298 3163 Dominice
1328 3096 1818 3163 lucarnacionis
1854 3091 2201 3162 millesimo
2221 3091 2661 3163 ducentesimo
2695 3094 3012 3180 quinqua·

762 3204 1034 3289 gesimo,
1087 3222 1259 3271 nono
1293 3202 1619 3271 kalendas
1651 3202 1834 3291 Julij,
1869 3203 2080 3289 Regni
2112 3207 2330 3271 autem
2382 3200 2484 3270 sui
2535 3198 3016 3286 quintodecimo

764 3309 1035 3381 Geurini
1054 3311 1556 3400 priuilegialiter
1580 3317 1887 3381 emanate
1916 3314 2084 3380 inter
2102 3319 2323 3379 cetera
2342 3310 2769 3379 declarabant
2791 3334 2807 3396 ;
2842 3308 3023 3394 quod

765 3418 942 3490 idem
995 3419 1293 3488 dominus
1325 3420 1489 3489 Bela
1540 3422 1683 3489 Rex
1713 3420 1941 3489 volens
1994 3419 2325 3507 quandam
2374 3418 2858 3505 possessionem
2908 3437 3020 3485 no·

767 3528 939 3596 mine
969 3529 1283 3614 Zolonna,
1316 3548 1511 3615 quam
1555 3550 1597 3596 a
1629 3529 1860 3598 Castro
1895 3528 2277 3597 Zaladiensi
2327 3526 2604 3596 condam
2654 3531 3025 3613 exemptam

768 3636 991 3707 inclite
1008 3636 1487 3707 recordacionis
1524 3646 1713 3724 pater
1746 3639 1955 3726 ipsius
1989 3636 2237 3706 domini
2266 3635 2425 3705 Bele
2442 3636 2642 3723 Regis
2663 3635 3026 3704 Ywachino

772 3753 926 3816 tunc
976 3745 1213 3817 Comiti
1245 3747 1703 3834 Schybiniensi
1757 3748 1924 3815 bone
1975 3747 2284 3814 memorie
2334 3744 2470 3813 filio
2503 3743 2775 3812 Comitis
2807 3743 3032 3813 Geche

773 3875 890 3943 pro
922 3855 1058 3923 suis
1091 3854 1557 3942 multiplicibus
1596 3854 1895 3941 seruicijs
1926 3851 2256 3942 (Rega)lis
2289 3852 2623 3940 priuilegij
2664 3852 3032 3939 patrocinio

777 3963 1158 4049 donauerat,
1210 3964 1368 4050 filijs
1399 3971 1464 4032 et
1495 3965 1813 4033 vniuersis
1871 3961 2164 4031 eiusdem
2210 3959 2561 4029 heredibus
2608 3957 3059 4038 immobiliter

775 4067 1314 4157 conseruandam,
1364 4076 1630 4159 propter
1669 4090 1795 4157 que
1830 4069 2094 4155 quidem
2143 4068 2423 4138 seruicia
2474 4067 2681 4155 ipsius
2714 4066 3033 4137 Iwachini

777 4179 1051 4250 Comitis
1103 4180 1235 4248 alte
1282 4179 1591 4249 memorie
1643 4184 1828 4269 pater
1858 4177 2017 4246 dicti
2072 4176 2319 4247 domini
2367 4177 2525 4245 Bele
2569 4177 2770 4263 Regis
2818 4175 3035 4245 eidem

778 4289 1116 4360 Iwachino
1150 4296 1215 4357 et
1244 4288 1380 4358 suis
1408 4287 1759 4358 heredibus
1782 4286 2225 4372 heredumque
2256 4304 2522 4355 suorum
2543 4285 3035 4356 successoribus

780 4398 1022 4467 dictam
1053 4399 1529 4488 possessionem
1562 4399 1859 4467 Zolonna
1889 4397 1959 4465 in
2001 4399 2113 4482 jus
2145 4403 2529 4484 perpetuum
2576 4394 2943 4465 contulerat
2971 4403 3040 4463 et

785 4507 1147 4578 donauerat
1205 4508 1442 4594 Regali
1494 4505 1844 4595 priuilegio
1896 4504 2378 4591 confirmand03
2440 4511 2652 4574 tractu
2710 4504 3038 4590 siquidem

781 4617 1093 4702 temporis
1132 4635 1277 4683 cum
1309 4614 1481 4684 idem
1530 4614 1836 4684 dominus
1867 4614 2032 4684 Bela
2061 4615 2204 4683 Rex
2236 4611 2321 4680 de
2365 4610 2661 4681 eiusdem
2691 4613 2902 4700 patris
2935 4614 3039 4682 sui
