3359 5250
1377 346 1507 415 299

317 544 435 629 qui
470 545 708 613 dicitur
741 545 983 632 Mlata;
1036 545 1188 611 hinc
1218 544 1517 613 ascendit
1548 564 1748 632 super
1777 545 1990 629 berez,
2043 550 2108 609 et
2137 544 2435 630 peraenit
2484 540 2571 610 ad

310 662 455 721 tres
488 656 759 723 arbores
788 654 971 740 ffagi,
1016 658 1080 725 et
1114 674 1310 740 super
1340 653 1606 723 easdem
1637 661 1791 722 sunt
1826 654 2019 737 signa
2051 654 2279 739 crucis,
2323 659 2389 719 et
2418 650 2571 720 inde

318 763 620 831 ascendit
670 763 760 829 ad
785 763 1096 830 verticem
1129 763 1445 849 eiusdem,
1499 771 1564 830 et
1597 763 1895 851 peruenit
1925 761 2012 829 ad
2049 761 2346 829 arborem
2378 759 2568 843 ilicis,

316 874 433 941 vbi
464 878 565 940 est
613 880 793 940 meta
822 880 1076 958 terrea;
1128 871 1280 938 inde
1333 871 1671 940 descendit
1704 871 1790 937 ad
1842 891 2098 938 cursum
2148 869 2336 936 vnius
2368 866 2569 954 putei,

316 989 385 1048 et
416 981 654 1047 transit
702 981 997 1065 eundem,
1057 989 1123 1047 et
1173 980 1473 1048 ascendit
1502 981 1571 1047 in
1612 982 1841 1066 bercz;
1893 979 2042 1047 hine
2092 976 2431 1045 deseendit
2482 973 2570 1041 ad

321 1110 522 1156 vnum
554 1089 831 1156 rivulum
861 1089 1124 1156 nomine
1155 1090 1472 1175 Treztem,
1523 1087 1918 1157 transeundo
1952 1086 2225 1155 eundem
2274 1080 2571 1152 ascendit

314 1202 383 1263 et
431 1197 730 1286 peruenit
779 1197 864 1264 ad
895 1198 1075 1265 viam
1107 1198 1457 1285 publicam,
1508 1199 1694 1265 iuxta
1743 1218 1941 1284 quam
1993 1202 2091 1264 est
2130 1204 2307 1263 meta
2353 1200 2570 1262 terrea

312 1305 385 1370 in
417 1306 654 1375 arbore
683 1305 876 1393 ilicis,
926 1306 1038 1374 vbi
1068 1306 1137 1373 in
1168 1307 1436 1374 sinistro
1488 1313 1643 1373 sunt
1686 1306 2080 1392 jobagiones
2114 1304 2364 1389 Castri3
2417 1303 2568 1371 inde

312 1413 525 1480 tendit
555 1433 780 1481 versus
826 1414 1196 1499 aquilonem
1228 1436 1347 1503 per
1378 1417 1658 1482 eandem
1696 1415 1871 1481 viam
1903 1415 1970 1480 in
2019 1415 2190 1482 bono
2222 1414 2468 1500 spacio,
2504 1420 2570 1477 et

307 1523 617 1609 pernenit
649 1522 735 1589 ad
768 1523 1144 1609 indaginem
1175 1524 1480 1609 Budyna,
1515 1524 1629 1590 vbi
1660 1523 1729 1590 in
1758 1523 2023 1591 sinistro
2055 1525 2267 1591 Merco
2308 1527 2409 1588 est
2438 1520 2567 1588 sibi

305 1636 832 1718 commetaneus;
886 1631 1038 1699 inde
1075 1633 1261 1701 vadit
1300 1653 1418 1719 per
1451 1632 1727 1700 eandem
1758 1633 1932 1700 viam
1965 1631 2370 1716 longitudine
2409 1630 2561 1698 duo-

310 1759 456 1805 rum
481 1739 811 1824 jugerum,
864 1746 931 1805 et
957 1739 1254 1826 peruenit
1286 1740 1373 1806 ad
1403 1760 1599 1806 vnum
1632 1740 1976 1807 rotundum
2008 1740 2318 1828 lapidem,
2369 1758 2565 1824 super

310 1868 442 1932 quo
476 1852 576 1915 est
605 1855 781 1915 meta
810 1854 1059 1936 terrea3
1107 1848 1260 1915 hinc
1288 1850 1583 1937 procedit
1613 1850 1683 1917 in
1714 1847 1946 1916 eadem
1980 1849 2089 1914 via
2120 1868 2237 1935 per
2269 1846 2566 1933 spacium

303 1956 506 2023 trium
526 1957 855 2043 jugerum,
890 1961 955 2022 et
983 1956 1282 2043 peruenit
1312 1956 1401 2024 ad
1433 1960 1733 2026 arborem
1765 1976 2062 2042 quercus,
2115 1955 2223 2022 vbi
2257 1959 2358 2020 est
2392 1959 2567 2020 meta

307 2072 567 2149 terrea3
622 2065 772 2131 hinc
801 2065 1040 2133 transit
1073 2065 1269 2153 viam,
1321 2071 1388 2132 et
1414 2067 1654 2134 transit
1685 2086 1912 2134 versus
1947 2065 2280 2148 orientem,
2322 2068 2389 2129 et
2416 2082 2561 2149 pro-

310 2173 492 2240 eedit
523 2173 610 2239 ad
638 2172 916 2260 foueam,
970 2193 1096 2260 que
1127 2180 1397 2241 vocatur
1426 2176 1633 2263 Rupa,
1679 2194 1800 2261 per
1831 2194 2026 2258 quam
2058 2172 2235 2240 cadit
2265 2170 2355 2238 ad
2385 2175 2561 2236 ante-

310 2280 558 2347 dietum
590 2280 832 2348 fontem
863 2281 1237 2366 Prichayni,
1273 2288 1338 2348 et
1369 2283 1605 2351 transit
1634 2283 1879 2351 fontem
1912 2283 2000 2350 ad
2041 2279 2559 2364 arboremilieis,

306 2387 427 2454 vbi
458 2393 561 2454 est
589 2395 767 2455 meta
793 2393 1049 2472 terrea3
1084 2389 1235 2456 hinc
1255 2389 1607 2475 pertransit
1636 2410 1830 2457 vnam
1851 2390 2110 2474 siluam,
2140 2409 2266 2475 que
2290 2392 2561 2456 vocatur

304 2494 542 2582 Jalezi,
602 2499 668 2561 et
716 2495 1012 2582 peruenit
1044 2496 1133 2562 ad
1165 2517 1359 2563 vnum
1409 2517 1687 2583 paruum
1726 2496 2015 2584 fluuium,
2065 2515 2257 2582 quem
2307 2494 2561 2576 transit,

304 2603 472 2672 etin
529 2604 752 2673 stricto
803 2605 948 2674 loco
999 2605 1176 2672 cadit
1223 2602 1312 2673 ad
1362 2626 1601 2691 aquam
1636 2607 2010 2696 Cupchyna,
2065 2607 2178 2675 vbi
2207 2628 2250 2673 a
2299 2605 2560 2673 sinistro

302 2713 654 2798 generacio
709 2712 988 2799 Craysig
1048 2721 1150 2781 est
1198 2721 1680 2802 commetanea;
1746 2717 1899 2784 inde
1958 2737 2080 2803 por
2133 2714 2560 2802 Cupchynam

304 2820 657 2888 reuertitur
704 2817 794 2885 ad
824 2819 1104 2906 priorem
1136 2826 1396 2888 metam.
1449 2823 1610 2889 Item
1644 2823 1858 2910 prima
1908 2830 2084 2890 meta
2122 2828 2292 2890 terre
2323 2821 2562 2889 Machi-

307 2930 435 3015 cin,
471 2947 598 3012 que
629 2934 728 2997 est
758 2928 1040 3014 Thome,
1077 2929 1310 3017 incipit
1340 2931 1408 2997 in
1443 2931 1695 2998 duabus
1729 2932 2071 3000 arboribus
2102 2956 2225 3019 nyr
2254 2936 2320 2998 et
2349 2933 2564 2997 Icorozt

307 3036 685 3116 nominatis,
739 3036 917 3104 eirca
947 3057 1110 3122 quas
1162 3037 1285 3105 due
1312 3040 1419 3105 vie
1469 3039 1665 3107 simul
1716 3040 2215 3126 coniunguntur,
2269 3047 2335 3105 et
2377 3038 2562 3107 vadit

307 3166 543 3233 parum
574 3143 642 3211 in
674 3164 803 3212 vna
834 3145 1183 3212 earundem
1215 3146 1487 3231 viarum,
1542 3153 1608 3212 et
1638 3150 1937 3235 peruenit
1965 3148 2055 3215 ad
2087 3169 2281 3215 vnum
2328 3151 2558 3228 horon,

306 3257 374 3323 in
409 3274 536 3338 quo
570 3259 672 3321 est
688 3254 945 3339 signum
982 3256 1232 3340 crucis3
1267 3256 1418 3323 hinc
1450 3255 1637 3324 vadit
1665 3256 1732 3322 in
1754 3258 1967 3343 fouea,
2003 3257 2069 3323 in
2103 3276 2233 3341 qua
2264 3255 2561 3343 procedit

305 3364 523 3430 siccus
573 3361 831 3449 fluuius,
881 3369 947 3430 et
991 3385 1109 3451 per
1160 3364 1436 3431 eundem
1483 3365 1729 3432 siccum
1771 3365 2037 3432 fluuium
2088 3365 2268 3431 vadit
2317 3383 2561 3447 magna

305 3469 740 3556 longitudine,
774 3477 839 3536 et
867 3471 1166 3559 peruenit
1195 3470 1284 3537 ad
1315 3471 1584 3539 fluuium
1614 3473 2003 3556 Machicum,
2053 3472 2162 3539 vbi
2192 3472 2261 3538 in
2293 3471 2558 3539 sinistro

303 3579 642 3664 Hyrechik
668 3580 946 3665 jobagio
979 3580 1195 3648 Castri
1237 3589 1338 3649 est
1369 3588 1871 3666 commetaneus‚
1925 3601 1969 3648 a
2000 3581 2227 3648 dextro
2260 3600 2415 3647 vero
2461 3585 2559 3647 est

302 3695 483 3755 terra
513 3687 760 3755 Thome
791 3686 1144 3774 antedicti;
1197 3690 1348 3757 hinc
1378 3690 1446 3757 in
1477 3690 1649 3758 dieto
1704 3688 1904 3758 fluuio
1938 3690 2118 3758 vadit
2162 3688 2252 3757 ad
2298 3688 2556 3772 siluam,

303 3795 374 3864 in
406 3814 541 3881 qua
568 3795 743 3862 idem
774 3796 1063 3864 Thomas
1096 3803 1197 3864 est
1225 3799 1578 3886 particeps,
1625 3799 1822 3884 juxta
1850 3818 2047 3884 quam
2076 3797 2293 3885 pergit
2328 3817 2555 3864 versus

303 3906 676 3991 aquilonem
729 3906 904 3974 bona
953 3905 1360 3992 longitudine
1410 3909 1497 3976 ad
1550 3906 1713 3975 duos
1762 3907 2013 3994 fluuios,
2079 3927 2349 3991 quorum
2392 3924 2556 3973 vnus

305 4024 404 4082 est
454 4013 632 4080 circa
683 4014 982 4082 Orehouz
1034 4017 1473 4102 nominatum3
1536 4016 1775 4084 dehine
1837 4036 1955 4103 per
2010 4018 2225 4104 ipsum
2286 4013 2553 4080 fluuium

302 4122 603 4191 ascendit
634 4123 698 4189 in
730 4124 922 4209 valle,
976 4125 1087 4191 vbi
1120 4126 1546 4192 commetanei
1597 4131 1747 4193 sunt
1784 4124 2042 4211 Bogdai
2092 4132 2159 4191 et
2208 4120 2554 4209 generacio

307 4232 586 4314 Marcus,
639 4253 683 4298 a
712 4238 901 4318 parte
949 4233 1246 4318 Beruen3
1301 4238 1366 4299 et
1397 4233 1626 4300 exiens
1677 4233 1760 4300 de
1810 4232 1984 4300 valle
2029 4232 2209 4300 cadit
2259 4232 2326 4296 in
2359 4232 2551 4317 viam,

314 4358 425 4425 per
459 4359 655 4423 quam
674 4340 1018 4407 reuertitur
1049 4339 1138 4407 ad
1170 4346 1407 4407 metam
1439 4342 1847 4428 priorem.th
1877 4346 2094 4408 autem
2130 4339 2323 4406 huius
2355 4338 2559 4424 inqui·

309 4446 570 4514 sicionis
602 4453 669 4514 et
701 4447 1214 4517 confirmacionis
1248 4447 1456 4516 series
1491 4448 1980 4516 irretractabilis
2020 4449 2354 4532 consistat,
2388 4447 2552 4514 litte-

309 4574 413 4622 ras
442 4560 703 4623 nostras
736 4554 826 4622 ad
854 4555 1243 4643 peticionem
1277 4557 1573 4644 parcium
1602 4556 2059 4643 concessimus,
2116 4556 2320 4642 sigilli
2351 4559 2553 4625 nostri
