3359 5250
149 5197 342 5247 A

1855 337 1987 402 496

790 532 1230 622 heredumque
1280 554 1560 620 suorum,
1615 530 1703 601 ad
1746 535 2137 619 habendum,
2188 536 2556 619 tenendum,
2610 533 3046 623 gaudendum,

791 640 1281 735 possidendum,
1332 641 1643 728 quamdiu
1674 644 1919 713 fedelis,
1952 643 2127 732 (igy)
2163 645 2448 712 seruicia
2478 646 2651 714 iusta
2683 653 2747 715 et
2778 646 3049 715 honesta

792 753 920 842 ipsi
953 753 1056 822 uel
1109 774 1331 822 eorum
1380 753 1652 822 heredes
1683 754 1978 841 predicto
2027 754 2343 823 Ladizlao
2400 761 2463 821 et
2513 756 2649 823 suis
2703 754 3048 823 heredibus

792 861 1099 931 exhibere
1130 861 1453 932 voluerint
1482 880 1566 930 ex
1600 862 1850 933 eadem.
1887 865 1962 932 In
1996 863 2178 933 cuius
2215 863 2309 933 rei
2330 850 2770 935 testimonium
2801 872 2868 932 et
2905 884 3047 951 per-

790 979 1057 1059 petuam
1077 972 1444 1040 firmitatem
1472 971 1555 1040 de
1576 979 1807 1060 rogatu
1843 980 1908 1041 et
1938 974 2261 1059 peticione
2283 977 2578 1061 parcium
2610 972 3050 1061 predictarum

791 1081 912 1149 bas
962 1089 1298 1169 presentes
1349 1083 1739 1152 contulimus
1792 1084 1997 1170 sigilli
2048 1084 2254 1152 nostri
2308 1083 2391 1153 de
2427 1085 2657 1154 subtus
2705 1081 3050 1171 pendentis

792 1174 1140 1259 munimine
1188 1191 1548 1260 roboratas.
1601 1193 1842 1260 Datum
1875 1192 2060 1259 None
2094 1194 2160 1259 in
2194 1193 2374 1262 dicta
2420 1201 2647 1262 nostra
2676 1191 3049 1260 kathedrali

794 1299 1074 1369 ecclesia
1121 1299 1343 1368 Sancti
1391 1301 1605 1369 Assell
1654 1300 1774 1368 sub
1826 1322 2000 1371 anno
2044 1303 2305 1369 Domini
2349 1303 2434 1370 Μ.
2455 1300 2552 1369 119
2574 1305 2645 1369 L.
2669 1302 2840 1369 VIII.
2881 1320 3052 1369 men-

797 1408 888 1479 sis
921 1410 1324 1498 Septembris
1357 1409 1465 1478 die
1498 1410 1718 1480 tercio.

677 1598 682 1603 ⁴
797 1608 864 1677 (Α
891 1608 1115 1677 είςτᾶδί
1140 1608 1512 1678 kiptalannak
1530 1607 1840 1672 stit-atibol,
1860 1612 2003 1678 mely
2025 1611 2141 1663 kelt
2170 1612 2324 1663 1384.
2355 1610 2523 1672 „feria
2548 1610 2787 1663 secunda
2803 1610 3052 1677 proxim

799 1707 928 1753 ante
952 1700 1148 1753 festum
1187 1702 1597 1755 Purificaeionis
1622 1703 1864 1769 virginis
1891 1701 2191 1765 Gloriose“‚
2235 1719 2261 1754 s
2289 1703 2492 1767 melyet
2531 1699 2872 1762 „St-nixum
2906 1698 3050 1752 filine

802 1791 1053 1858 surizlay
1079 1799 1133 1844 et
1158 1793 1342 1844 Mathe
1360 1792 1504 1844 fliius
1529 1792 1732 1858 Priboy
1749 1791 1819 1844 de
1843 1791 2101 1860 Somlyan
2125 1794 2192 1844 de
2214 1794 2575 1859 gener-acione
2600 1789 2877 1858 Hlapetffl
2904 1787 3052 1850 Ιιέης

1417 1900 1452 1935 a
1476 1882 1640 1936 budai
1663 1883 1768 1934 kir.
1795 1884 2041 1935 kamarai
2071 1880 2447 1949 leveltarban.)

1852 2642 2005 2712 394.

797 2847 860 2911 A
891 2845 1227 2934 vuzprdmi
1252 2843 1677 2931 kaptalannak
1707 2843 2245 2933 bizonysdqlevele,
2272 2846 2434 2933 hoqy
2466 2843 2726 2931 Gerqely
2759 2842 3050 2909 Pam-mk

781 2956 884 3039 fia
917 2953 1118 3021 Miske
1148 2953 1453 3019 comesnek
1465 2953 1702 3037 fiaival
1731 2953 1923 3040 anyja
1952 2955 2177 3020 hitbessre
2206 2956 2379 3020 irdnt
2408 2952 2796 3041 eqyezkedett.
2852 2950 3045 3016 1258.

1013 3151 1151 3219 Nos
1182 3149 1549 3239 Capitulum
1585 3150 2114 3240 Wesprimiensis
2146 3151 2439 3219 Ecclesie
2490 3148 2723 3218 damus
2770 3168 2889 3237 pro
2922 3168 3047 3215 me·

799 3263 1024 3348 moria,
1059 3259 1229 3346 quod
1251 3258 1607 3346 Gregorius
1637 3259 1810 3328 filius
1842 3261 2018 3329 Petri
2039 3280 2258 3329 coram
2290 3260 2479 3328 nobis
2511 3259 2896 3328 constitutus
2927 3278 3048 3347 pro

798 3389 890 3458 se,
926 3376 992 3437 et
1020 3388 1139 3457 pro
1171 3368 1365 3436 Petro
1396 3365 1652 3436 Comite
1696 3367 1896 3437 fratrc
1928 3389 2063 3458 suo,
2096 3369 2458 3456 Felderico‚
2501 3370 2629 3437 Sur
2658 3376 2724 3437 et
2771 3390 2890 3456 pro
2922 3368 3050 3435 An·

798 3478 957 3547 drea
985 3476 1296 3545 fratribus
1328 3477 1463 3546 suis
1494 3477 1777 3546 asseruit
1806 3477 1963 3545 vina
1993 3499 2174 3565 voce,
2226 3476 2401 3565 quod
2434 3498 2580 3548 cum
2614 3479 2757 3567 ipse
2788 3484 2855 3545 et
2895 3495 3046 3564 pre-

799 3587 1008 3655 notati
1053 3587 1290 3655 fratres
1322 3587 1423 3655 sui
1454 3589 1817 3655 mouissent
1863 3608 2130 3656 causam
2172 3594 2397 3656 contra
2429 3589 2672 3655 Abram
2721 3592 2786 3654 et
2815 3584 3048 3655 Renol-

797 3693 950 3764 dum
982 3693 1148 3763 filios
1177 3693 1399 3765 Miska
1431 3694 1724 3784 Comitis,
1779 3696 2165 3780 requirendo
2197 3696 2284 3764 ab
2315 3694 2562 3766 eisdem
2596 3693 2814 3765 dotem
2846 3702 2913 3763 et
2942 3714 3047 3763 res

798 3800 1247 3894 parafernales
1279 3801 1540 3870 domine
1573 3804 1947 3890 Margarete
1980 3804 2224 3873 sororis
2258 3804 2565 3892 ipsorum,
2605 3801 2858 3871 scilicet
2887 3800 3046 3869 dicti

797 3910 975 3980 Petri
999 3910 1269 3979 Comitis
1300 3909 1715 3997 proximioris
1746 3911 1964 3979 Miska
1984 3911 2254 3980 Comitis
2286 3931 2504 3980 coram
2536 3910 2796 3981 domino
2827 3917 3045 3981 nostro

798 4023 869 4090 Z.
902 4021 1230 4109 Episcopo
1266 4020 1782 4109 Wesprimiensi,
1836 4020 2067 4090 eadem
2119 4030 2336 4091 tamen
2388 4021 2741 4091 secundum
2793 4028 3046 4091 senten·

799 4131 965 4201 ciam
997 4129 1273 4220 predicti
1326 4128 1572 4200 domini
1623 4131 1830 4200 nostri
1862 4131 2173 4221 Episcopi
2205 4132 2425 4201 taliter
2456 4132 2670 4201 extitit
2722 4131 3045 4218 ordinata,

797 4239 970 4329 qnod
998 4239 1119 4327 filij
1155 4238 1373 4310 Miska
1406 4238 1679 4309 Comitis
1727 4242 2062 4310 soluerunt
2091 4240 2329 4327 uiginti
2359 4248 2424 4309 et
2453 4241 2739 4328 quinque
2790 4259 3045 4308 marcas

799 4370 1019 4420 coram
1048 4348 1239 4419 nobis
1272 4370 1389 4438 pro
1421 4348 1572 4418 dote
1604 4357 1670 4417 et
1704 4350 1893 4417 rebus
1942 4348 2468 4438 parafernalibus
2497 4349 2761 4417 domine
2790 4349 3044 4434 Marga-

799 4467 935 4528 rete
983 4458 1378 4547 supradicte,
1433 4467 1498 4527 et
1528 4459 1622 4527 sic
1671 4457 1844 4528 idem
1876 4457 2236 4545 Gregorius
2285 4459 2414 4526 sibi
2448 4467 2514 4526 et
2551 4458 2861 4526 fratribus
2911 4460 3044 4526 snis

799 4571 1156 4657 prenotatis
1187 4548 1305 4656 pro
1339 4569 1492 4638 dote
1526 4575 1592 4637 et
1623 4568 1814 4639 rebus
1832 4567 2352 4658 parafernalibus
2386 4568 2555 4654 dicte
2588 4569 2850 4637 domine
2880 4566 3045 4634 dixit

798 4678 999 4747 fuisse
1017 4679 1465 4766 satisfactum;
1499 4682 1612 4765 ita,
1648 4679 1823 4766 quod
1858 4679 1938 4747 de
1959 4690 2171 4748 cetero
2205 4698 2322 4746 nec
2358 4679 2498 4766 ipse
2520 4678 2899 4762 Gregorius,
2927 4696 3043 4743 nec
