3359 5250
1802 343 1843 405 2

690 540 1047 625 karissimi,
1082 540 1633 628 ipsiMonasterio
1665 536 2067 605 reddidimus
2109 544 2174 603 et
2206 535 2458 603 restitui
2480 532 2778 616 fecimus,
2810 532 2951 599 iure

691 655 1009 737 perpetuo
1058 646 1587 716 inreuocabiliter
1617 653 1685 712 et
1713 643 2129 712 immobiliter
2160 641 2638 731 possidendas;
2691 640 2952 728 priuile-

696 759 810 843 gia
857 775 1014 824 uero
1045 757 1153 823 uel
1202 754 1480 840 litteras,
1532 755 1676 822 siue
1713 752 1947 821 Comes
1979 751 2368 819 Valentinus
2417 750 2589 818 filius
2641 748 2953 833 Gequeni,

696 868 840 934 siue
892 866 1189 932 Casa-uzu
1221 864 1642 931 Musuniense
1663 916 1683 950 ,
1735 863 1793 930 si
1830 880 1997 948 quas
2051 861 2326 928 haberet
2374 859 2709 929 confectas
2762 878 2960 945 super

695 975 889 1042 terris
919 973 1060 1041 siue
1090 973 1271 1040 villis
1320 972 1710 1059 prenotatis,
1761 976 1827 1037 et
1857 970 2227 1053 ubicunque
2281 968 2594 1034 deberent
2644 966 2960 1052 exhiberi,

699 1083 831 1148 sint
876 1082 1057 1149 irrite
1107 1089 1173 1149 et
1201 1082 1452 1165 inanes,
1508 1100 1587 1147 ac
1617 1081 1847 1164 vigore
1896 1085 2165 1146 careant
2214 1076 2560 1144 firmitatis.
2613 1077 2858 1142 Datum
2889 1074 2959 1142 in

699 1189 993 1255 Zowlum
1024 1187 1190 1254 feria
1220 1194 1458 1271 quarta
1489 1195 1639 1272 post
1667 1187 1902 1252 festum
1936 1184 2161 1252 ‚Sancti
2192 1183 2445 1252 Jacobi.

702 1384 977 1450 (Eredetie
994 1380 1342 1449 bothartyfin,
1367 1383 1590 1449 melyrol
1616 1398 1651 1434 a
1675 1380 1831 1436 hdtnl
1851 1384 1956 1434 oda
1977 1387 2226 1448 nyomott
2250 1376 2451 1445 kiralyi
2469 1377 2656 1446 peeset
2680 1378 2960 1443 elveszett‚

1209 1490 1244 1526 a
1266 1472 1413 1527 melt.
1437 1469 1572 1525 baro
1596 1469 1786 1540 Revay
1812 1468 1995 1524 csalad
2019 1464 2436 1537 leveltaraban.)

1577 1758 2094 1770 —w—

1821 2203 1887 2270 2.

719 2386 839 2452 IV.
872 2384 1039 2449 Bata
1067 2381 1415 2469 kirdlynak
1464 2381 1755 2469 bizonyoo
1782 2405 1827 2447 a
1855 2382 1969 2450 861
1996 2384 2172 2449 vize'n
2211 2382 2347 2448 Ζέυὸ
2399 2382 2712 2450 malomra
2762 2393 2976 2448 υοηαὲ·

1299 2492 1456 2558 Ῐιοεό
1482 2492 1883 2558 inte'zkcde‘ee.
1926 2493 2389 2558 1235—1270.

937 2691 1013 2757 B.
1034 2691 1159 2758 Dei
1191 2690 1419 2775 gracia
1438 2692 1581 2757 Rex
1599 2690 1892 2774 Vngarie
1921 2689 2223 2757 fidelibus
2249 2690 2386 2756 suis
2404 2726 2497 2741 -
2513 2727 2600 2738 -—
2619 2688 2977 2774 Salomoni,

724 2798 1065 2884 Gregorio,
1114 2797 1412 2865 Emerieo
1445 2798 1530 2863 de
1560 2799 1785 2882 Lyter,
1817 2797 2101 2865 Martino
2134 2804 2200 2865 et
2228 2797 2481 2867 Jacobo
2513 2796 2668 2883 filijs
2697 2797 2975 2881 Bulchu,

724 2906 949 2974 Blasio
999 2905 1404 2992 procuratori
1452 2905 1736 2973 Abbatis
1783 2907 2006 2973 Sancti
2053 2906 2316 2974 Martini
2366 2906 2449 2973 de
2489 2905 2656 2973 Saar
2702 2925 2980 2973 commo·

724 3014 919 3100 tanti,
952 3014 1209 3096 Azarie,
1261 3018 1326 3079 et
1355 3012 1703 3083 Dominico
1736 3013 1817 3080 de
1849 3014 2017 3081 Saar
2047 3017 2324 3082 salutem
2358 3021 2424 3080 et
2451 3015 2759 3099 graciam.
2796 3013 2978 3080 Vidi·

727 3141 870 3190 mus
902 3121 971 3188 in
1003 3120 1327 3208 prioribus
1380 3120 1617 3189 litteris
1647 3122 1890 3190 nostris
1941 3122 2128 3190 uobis
2163 3122 2383 3189 missis
2415 3123 2752 3208 contineri,
2803 3123 2982 3208 quod

727 3252 874 3299 cum
922 3229 1168 3297 factum
1216 3229 1507 3297 fidelium
1558 3237 1946 3315 nostrorum,
1999 3231 2307 3298 Albensis
2351 3238 2419 3298 et
2447 3231 2982 3319 Wesprimiensis

730 3337 1198 3424 Capitulorum‚
1250 3336 1427 3421 quod
1460 3357 1660 3424 super
1708 3337 1992 3423 quodam
2024 3337 2395 3406 molendino
2439 3339 2760 3407 existente
2788 3359 2987 3426 super

730 3445 929 3512 fluuio
963 3443 1140 3511 Sowl
1193 3444 1466 3510 uertitur
1491 3444 1661 3510 inter
1697 3444 1915 3531 ipsos,
1967 3445 2153 3513 uobis
2204 3445 2751 3514 commisissemus
2787 3447 2986 3513 refor-

733 3552 1076 3637 mandum3
1112 3571 1229 3619 uos
1260 3560 1482 3619 tamen
1512 3551 1901 3636 neglexistis
1934 3563 2312 3641 preceptum
2343 3560 2657 3639 nostrum,
2688 3561 2762 3622 ut
2790 3576 2990 3643 prop·

733 3668 833 3728 ter
864 3658 1052 3726 unius
1102 3658 1439 3743 coarbitry
1469 3658 1673 3725 uestri
1723 3659 2100 3728 absenciam
2130 3662 2333 3729 nichil
2382 3659 2685 3730 ordinare
2724 3668 2791 3729 et
2823 3662 2990 3729 diffi-

732 3769 874 3836 nire
920 3769 1220 3836 noluistis
1268 3768 1336 3834 in
1372 3767 1546 3835 facto
1597 3769 1995 3856 supradicto.
2049 3770 2373 3850 Quocirca
2419 3770 2722 3838 fidelitati
2769 3779 2992 3839 uestre

733 3878 1122 3947 mandamus
1153 3873 1612 3964 precipieud03
1665 3883 1989 3960 quatenus
2019 3878 2331 3947 vicesimo
2379 3876 2665 3946 secundo
2700 3878 2808 3946 die
2839 3887 2997 3965 post

732 3984 1198 4054 Pentecosthes
1230 3984 1562 4051 accedatis
1594 4003 1791 4072 super
1819 3985 2034 4074 ipsum
2054 3986 2517 4071 molendinum,
2558 3994 2625 4054 et
2653 3987 2994 4071 ordinetis,

735 4093 1100 4163 reformetis
1131 4101 1197 4161 et
1228 4091 1608 4177 emendetis,
1659 4091 1972 4179 quicquid
2008 4091 2460 4178 ordinandum,
2509 4093 2990 4162 reformandum

739 4210 804 4268 et
835 4200 1309 4269 emendandum
1356 4199 1649 4268 fueritin
1680 4200 1932 4286 eodem,
1983 4201 2360 4270 conuocatis
2409 4200 2496 4269 ad
2528 4201 2741 4286 ipsum
2775 4202 2990 4268 locum

736 4312 853 4378 illo
887 4310 996 4377 die
1045 4308 1559 4394 molendinariis,
1613 4328 1888 4395 quorum
1939 4309 2350 4396 presenciam
2401 4309 2488 4376 ad
2517 4310 2644 4378 hoc
2679 4308 2992 4377 uidebitis

740 4418 1071 4504 expedire.
1103 4417 1244 4486 Hoc
1275 4424 1495 4484 autem
1523 4416 1908 4485 fidelitatem
1939 4425 2231 4485 uestram
2260 4417 2430 4485 scire
2460 4417 2782 4500 uolumus,
2817 4416 2992 4500 quod

740 4526 1158 4593 Salomonem
1179 4575 1198 4609 ,
1247 4522 1636 4609 Gregorium
1659 4575 1676 4609 ,
1725 4525 2132 4609 Emericum,
2181 4524 2529 4591 Martinam
2580 4529 2645 4590 et
2674 4523 2998 4591 Jacobum

739 4632 1249 4723 wesprimiense
1281 4630 1673 4718 Capitulum,
1724 4631 2019 4698 Blasium
2048 4650 2227 4716 nero,
2266 4632 2576 4700 Azariam
2611 4638 2677 4698 et
2705 4631 2995 4699 Domini-
