3359 5250
1807 312 1939 382 360

1787 820 1940 889 252.

744 983 868 1051 IV.
902 986 1061 1053 Be'la
1091 983 1422 1070 kirdlynak
1454 982 1698 1049 Kenchi
1728 981 1965 1067 fbcdjdt
2015 987 2320 1070 ta'rqyazd
2365 986 2727 1074 adomdnya
2762 985 3016 1052 Konkm'

1346 1089 1566 1176 Eyyed
1597 1101 1813 1155 mester
1846 1095 2161 1158 szcimdra.
2200 1092 2394 1157 1254.

979 1253 1145 1325 Bel·
1180 1251 1305 1320 Dei
1354 1251 1584 1338 gracia
1623 1251 1981 1338 Hungarie,
2029 1252 2390 1338 Dalmacie,
2436 1253 2728 1341 Croacie,
2778 1258 3007 1339 Rama,

747 1361 1012 1448 Seruie,
1080 1358 1395 1445 Gallicie‚
1465 1355 1855 1427 Lodomerie
1875 1408 1895 1444 ,
1973 1357 2416 1447 Cumanieque
2488 1366 2626 1431 Rex
2705 1364 3009 1432 omnibus

747 1490 1024 1559 presens
1072 1468 1381 1557 scriptum
1432 1466 1823 1556 inspecturis
1873 1468 2155 1537 salutem
2200 1468 2268 1537 in
2322 1471 2606 1541 omnium
2656 1473 3007 1543 saluatore.

750 1578 854 1649 Ad
905 1578 1353 1649 vniuersorum
1407 1574 1731 1659 noticiam,
1751 1582 1885 1643 tam
1936 1580 2345 1663 presencium
2396 1600 2593 1666 quam
2641 1581 3004 1651 futurorum

751 1695 974 1759 tenore
1026 1684 1433 1773 presencium
1485 1685 1792 1752 volumus
1843 1685 2225 1770 peruenire;
2280 1686 2455 1773 quod
2504 1689 2824 1775 Magister
2853 1688 3009 1775 Egi·

689 1810 690 1815 ’
753 1795 905 1865 dius
955 1793 1129 1861 filius
1162 1791 1511 1877 Laurencij
1547 1790 1628 1858 de
1659 1789 1905 1859 Kouka
1951 1790 2168 1859 fidelis
2199 1800 2419 1862 noster
2450 1793 2536 1861 ad
2581 1802 2873 1864 nostram
2904 1816 3009 1863 ac-

753 1902 992 1970 cedens
1043 1900 1496 1987 presenciam,
1550 1897 1887 1966 humiliter
1936 1898 2128 1967 nobis
2179 1901 2571 1988 suplicauit,
2622 1910 2890 1991 petens,
2943 1910 3015 1971 ut

755 2010 1086 2098 quandam
1135 2015 1376 2077 terram
1429 2006 1767 2076 fabrorum
1817 2013 2205 2093 nostrorum,
2254 2029 2380 2094 qne
2417 2010 2671 2077 Konchi
2721 2018 3013 2097 vocatur,

754 2124 1268 2188 commetancam
1303 2124 1475 2182 terre
1506 2133 1643 2196 sue,
1673 2132 1952 2181 vacuam
1985 2119 2049 2182 et
2080 2114 2563 2183 habitatoribus
2603 2115 3009 2201 destitutam,

756 2226 883 2295 sibi
915 2226 1002 2294 ob
1035 2222 1269 2291 merita
1301 2218 1731 2290 seruiciorum
1762 2238 2026 2288 suorum
2058 2219 2143 2288 de
2191 2221 2593 2308 benignitate
2629 2223 2840 2311 Regia
2870 2245 3014 2293 con·

757 2336 927 2402 ferre
959 2333 1399 2420 dignaremur.
1455 2329 1692 2397 Verum
1725 2328 1879 2414 quia
1912 2326 1995 2397 de
2024 2349 2124 2414 eo,
2175 2329 2349 2415 quod
2382 2352 2465 2398 ea
2497 2340 2670 2400 terra
2700 2339 2877 2401 essct
2908 2354 3015 2401 va·

759 2463 886 2511 cua
916 2449 982 2510 et
1012 2435 1493 2508 habitatoribus
1528 2435 1837 2505 destituta
1867 2436 2056 2505 nobis
2089 2438 2390 2525 plenaria
2420 2441 2662 2507 veritas
2700 2463 2828 2511 non
2863 2462 3011 2510 con·

760 2549 1010 2636 stabat,
1034 2547 1270 2616 dilecto
1304 2555 1369 2616 et
1401 2545 1578 2613 fideli
1599 2551 1824 2612 nostro
1851 2544 2212 2613 venerabili
2250 2547 2423 2635 patri
2442 2548 2722 2617 Hamoni
2744 2550 3016 2639 Episco-

760 2683 846 2748 po
877 2656 1205 2742 Vaciensi,
1240 2664 1312 2723 vt
1342 2655 1428 2723 ad
1460 2652 1642 2721 illam
1674 2662 1913 2720 terram
1948 2653 2306 2743 accederet,
2349 2661 2414 2722 et
2445 2674 2612 2741 eam,
2648 2657 2705 2725 si
2738 2678 3017 2727 vacuam

758 2766 1099 2848 inueniret,
1152 2762 1365 2832 eidem
1396 2759 1788 2848 assignaret,
1843 2761 2082 2830 nostris
2115 2758 2413 2832 dedimus
2462 2764 2695 2832 litteris
2736 2765 2803 2832 in
2838 2785 3016 2834 man-

757 2873 954 2946 datis.
1003 2871 1183 2940 Idem
1215 2870 1435 2955 itaque
1468 2867 1862 2937 venerabilis
1907 2874 2091 2955 pater
2122 2868 2332 2939 Hamo
2364 2869 2728 2959 Episcopus
2749 2871 3018 2940 Vacien·

757 2982 850 3050 sis
881 2981 1089 3070 Regio
1140 2980 1601 3066 obtemperans
1635 2974 1968 3060 mandato,
2024 2984 2093 3043 vt
2124 2977 2419 3067 decebat,
2472 2979 2641 3048 sicut
2679 2980 2871 3049 nobis
2921 2999 3017 3048 re·

759 3089 1038 3179 scripsit,
1079 3109 1275 3176 super
1307 3106 1453 3156 eam
1485 3084 1882 3171 accedendo,
1915 3085 2165 3154 inuenit
2205 3086 2565 3173 predictam
2596 3097 2837 3157 terram
2869 3106 3022 3156 esse

759 3220 1072 3284 vacuam3
1127 3216 1321 3282 quam
1354 3193 1730 3265 convocatis
1780 3194 2244 3263 commetaneis
2274 3203 2339 3264 et
2374 3193 2613 3263 vicinis
2664 3195 2730 3263 in
2772 3196 3021 3265 eisdem

759 3309 949 3378 metis
1006 3314 1072 3376 et
1124 3305 1461 3389 terminis,
1505 3303 1571 3370 in
1621 3301 1861 3387 quibus
1914 3300 2189 3388 predicti
2239 3301 2406 3370 fabri
2458 3303 2662 3372 nostri
2716 3303 3021 3392 possede-

763 3424 932 3501 runt,
965 3415 1145 3484 nullo
1178 3411 1654 3482 contradictore
1708 3408 2030 3479 existente
2062 3407 2146 3478 de
2177 3417 2397 3478 nostro
2430 3411 2742 3479 mandato
2794 3411 3029 3479 statuit

763 3523 1079 3610 Magistro
1125 3517 1363 3606 Egidio
1396 3518 1478 3586 de
1508 3517 1753 3586 Konka
1787 3515 2086 3603 superius
2117 3515 2312 3587 dicto.
2368 3517 2508 3586 Nos
2540 3518 2741 3604 igitur
2772 3520 2855 3587 ob
2889 3539 3023 3587 me·

760 3633 891 3700 rita
939 3629 1363 3700 seruiciorum
1418 3625 1708 3694 eiusdem
1740 3624 2040 3711 Magistri
2074 3623 2295 3712 Egidij
2348 3626 2538 3695 nobis
2586 3624 2861 3695 fideliter
2912 3627 3028 3694 im-

763 3759 1138 3828 pensorum,
1169 3740 1465 3807 volentes
1498 3734 1624 3803 sibi
1657 3735 1866 3819 Regio
1908 3752 2247 3802 occurrere
2285 3754 2430 3802 cum
2478 3734 2725 3821 fauore,
2777 3734 3026 3803 dictam

763 3855 1001 3916 terram
1049 3845 1387 3914 fabrorum
1437 3848 1802 3913 nostrorum
1854 3839 2129 3929 Koachy
2164 3848 2485 3929 vocatam,
2537 3842 2749 3911 eidem
2798 3850 2865 3910 et
2902 3864 3024 3930 per

760 3957 976 4043 ipsum
1010 3954 1149 4023 suis
1200 3951 1543 4022 heredibus
1576 3950 2016 4035 heredumque
2049 3969 2311 4019 suorum
2358 3950 2846 4019 successoribus
2868 3952 3025 4037 jure

759 4071 1074 4154 perpetuo
1108 4058 1495 4129 auctoritate
1528 4057 1939 4146 presencium
1971 4056 2276 4128 duximus
2309 4057 2771 4126 conferendam
2810 4057 3023 4143 dupli-

761 4175 856 4242 cis
887 4171 1092 4259 sigilli
1125 4171 1329 4239 nostri
1363 4169 1718 4237 munimine
1749 4167 2137 4236 roborand0.
2192 4169 2435 4235 Datum
2467 4187 2584 4255 per
2614 4185 2847 4235 manus
2879 4167 3023 4234 Ma·

762 4283 952 4368 gistri
1002 4279 1252 4347 Thome
1282 4274 1865 4361 vice-Cancellarij
1921 4273 2143 4343 dilecti
2194 4283 2261 4341 et
2300 4273 2511 4343 fidelis
2562 4274 2789 4356 nostri,
2841 4292 3023 4344 anno
3116 4259 3126 4269 ’

761 4389 1030 4460 Domini
1062 4387 1413 4456 millesimo
1463 4383 1903 4453 ducentesimo
1939 4383 2481 4469 quinquagesimo
2516 4391 2766 4469 quarte,
2807 4384 3021 4470 Regni

764 4508 979 4568 autem
1012 4496 1218 4566 nostri
1250 4516 1422 4564 anno
1458 4494 1710 4561 decimo
1745 4513 1934 4561 none.

873 4642 1033 4709 (Regi
1062 4639 1378 4694 hitelesitett
1403 4636 1632 4692 masolat
1659 4633 2107 4703 Kermbczbanya
2135 4655 2205 4690 sz.
2235 4638 2288 4689 k.
2316 4634 2474 4688 vairos
2501 4633 2908 4700 leveltiriban.)
