3359 5250
1262 416 1302 426 ,
1354 320 1485 388 511

1337 895 1496 965 363.

570 1079 633 1143 A
664 1076 791 1146 ιῙάΙε
819 1077 1339 1163 ηοωιειεέρόεἶίεῶ
1359 1077 1502 1146 kozt
1530 1081 1757 1148 certent
1784 1078 2034 1166 osztdly.
2072 1075 2273 1147 1259.

508 1275 748 1343 Datum
781 1295 899 1362 pro
932 1275 1287 1357 memoria3
1324 1274 1500 1360 quod
1516 1276 1797 1346 Martino
1831 1273 2086 1346 Comite
2117 1275 2254 1345 filio
2273 1277 2545 1347 Comitis

290 1382 555 1450 Martini
589 1401 670 1449 ex
691 1402 822 1451 una
853 1390 1060 1470 parte,
1096 1392 1163 1452 et
1179 1382 1510 1469 Tristano,
1539 1385 1760 1471 Myke,
1795 1385 2074 1454 Martino
2102 1404 2184 1453 ac
2203 1386 2548 1472 Raynoldo

287 1488 375 1557 de
406 1491 844 1576 generacione
874 1490 1007 1558 Jak
1042 1509 1125 1557 ex
1166 1492 1376 1559 altera
1415 1511 1638 1560 coram
1678 1491 1871 1562 nobis
1908 1492 2311 1579 constitutis3
2350 1492 2550 1580 ijdem

287 1618 490 1686 super
539 1598 860 1668 diuisione
893 1608 1059 1668 terre
1109 1620 1227 1668 sue
1256 1599 1673 1687 hereditarie,
1729 1622 1925 1689 super
1964 1622 2097 1686 qua
2149 1603 2317 1670 inter
2365 1603 2547 1692 ipsos

288 1708 736 1778 controuersia
782 1709 1163 1777 vertebatur
1210 1728 1431 1776 coram
1480 1708 1692 1793 nobis,
1751 1729 1825 1778 se
1872 1710 2230 1779 retulerunt
2278 1710 2366 1777 ad
2415 1711 2552 1780 tale

289 1815 479 1900 pacis
514 1817 918 1886 commodum
951 1816 1332 1885 deuenisse:
1368 1815 1559 1895 Quod
1590 1816 1920 1905 predictus
1952 1815 2185 1886 Comes
2227 1819 2546 1887 Martinus

290 1922 584 1992 dedisset
612 1923 923 2012 predictis
952 1924 1284 2010 Tristano,
1318 1924 1537 2010 Myke,
1570 1924 1850 1995 Martino
1903 1945 1982 1992 ac
2014 1925 2356 2010 Raynoldo
2404 1946 2545 2012 por-

289 2031 539 2099 cionem
589 2039 762 2102 terre
812 2032 1248 2119 Dabrapatak
1300 2038 1529 2101 vocate
1548 2083 1566 2118 ,
1630 2040 1959 2120 receptam
2009 2053 2052 2099 a
2099 2034 2435 2121 Stephano
2485 2041 2551 2103 et

288 2141 701 2210 Bartolomeo
734 2141 887 2226 filijs
907 2140 1143 2209 Jacobi
1165 2139 1437 2209 Comitis
1457 2141 1525 2207 in
1556 2141 2004 2209 concambium
2024 2140 2351 2228 porcionis
2380 2147 2551 2209 terre

291 2266 412 2314 sue
431 2250 692 2316 nomine
710 2250 981 2335 Korpna
1011 2248 1132 2315 sub
1167 2250 1184 2314 i
1181 2248 1402 2334 jsdem
1434 2248 1647 2333 metis,
1682 2249 1919 2332 quibus
1940 2249 2335 2318 venerabilis
2365 2257 2550 2336 pater

289 2353 367 2421 Ο.
403 2355 774 2444 Episcopus
825 2356 1195 2423 Jauriensis
1247 2355 1330 2422 de
1376 2362 1601 2425 nostro
1652 2356 2007 2441 mandato,
2060 2378 2207 2425 cum
2256 2359 2550 2444 cognitor

289 2469 469 2531 esset
518 2483 713 2532 cause
765 2461 1200 2550 predictorum
1252 2463 1583 2548 nobilium,
1638 2462 1930 2551 predicto
1983 2462 2222 2532 Comiti
2269 2464 2548 2549 Martiae

290 2592 411 2660 per
440 2570 792 2642 Custodem
822 2573 1121 2642 Ecclesie
1152 2573 1375 2640 Ferrei
1410 2571 1624 2641 Castri
1671 2571 1917 2640 fecerat
1945 2573 2291 2658 assignari.
2352 2575 2549 2648 Cuius

289 2681 556 2765 quidem
606 2689 776 2749 terre
826 2680 1176 2750 collacioni
1208 2681 1680 2765 Baitolomeus,
1736 2681 1847 2767 qui
1878 2687 2012 2749 tam
2059 2703 2176 2768 pro
2208 2702 2298 2769 se,
2351 2704 2549 2767 quam

288 2812 409 2878 pro
441 2791 774 2877 Stephano
828 2789 1030 2858 fratre
1062 2810 1180 2860 suo
1216 2790 1443 2876 astidt,
1497 2792 1578 2856 de
1609 2790 1846 2876 quibus
1878 2790 2176 2878 predicta
2224 2797 2397 2858 terra
2428 2791 2546 2859 Co·

291 2898 431 2967 miti
464 2899 743 2968 Martino
776 2900 1146 2986 deuenerat,
1179 2899 1513 2969 consensit
1543 2899 2035 2987 presencialiter
2066 2919 2284 2967 eoram
2315 2901 2548 2986 nobis;

288 3004 414 3073 hoc
465 3027 799 3095 expresso,
854 3008 1031 3092 quod
1081 3029 1198 3095 pro
1252 3009 1576 3095 particula
1625 3013 1797 3075 terre
1845 3006 2170 3092 predicte,
2227 3006 2379 3074 date
2431 3029 2548 3095 per

292 3114 607 3183 Comitem
659 3115 1010 3183 Martinam
1062 3115 1219 3183 viris
1253 3112 1666 3202 supradictis,
1718 3131 1914 3197 quam
1951 3111 2341 3199 particulam
2378 3114 2546 3182 Jurk

289 3225 462 3291 filius
496 3222 705 3293 Gelke
762 3224 1061 3310 inhibuit,
1093 3224 1414 3291 Martinus
1468 3221 1703 3291 Comes
1734 3222 1917 3288 iuxta
1963 3239 2168 3288 nouas
2200 3227 2413 3290 metas
2445 3244 2549 3293 co-

290 3352 436 3399 ram
484 3331 745 3399 homine
776 3330 1066 3418 Capituli
1100 3331 1322 3397 Ferrei
1358 3329 1573 3397 Castri
1606 3335 1897 3415 erectas;
1954 3348 2181 3397 uersus
2221 3331 2548 3419 Zurnapa-

289 3440 406 3508 tok
437 3459 483 3506 a
511 3448 697 3528 parte
729 3438 1122 3508 occidentali
1156 3437 1511 3506 secundum
1543 3436 1885 3503 arbitrium
1904 3436 2114 3505 Pouse
2150 3445 2217 3505 et
2247 3437 2547 3508 Siluestri

290 3547 630 3634 Comitum,
685 3548 789 3615 uel
821 3547 1091 3615 alterius
1123 3566 1368 3629 eorum,
1417 3545 1476 3612 si
1509 3545 1704 3612 ambo
1740 3544 2055 3614 interesse
2094 3566 2224 3615 non
2258 3557 2547 3633 possent,

291 3656 705 3726 considerata
723 3658 1042 3744 qualitate
1075 3664 1140 3724 et
1171 3655 1536 3740 quantitate
1564 3653 1886 3722 dictarum
1922 3662 2237 3722 terrarum
2270 3655 2547 3725 sabbato

289 3765 583 3854 proximo
611 3773 761 3854 post
798 3767 1020 3835 Pasca'
1041 3786 1262 3833 coram
1299 3764 1749 3852 prenominato
1779 3761 2061 3832 Custode
2095 3765 2315 3833 Ferrei
2335 3765 2549 3834 Castri

288 3876 374 3945 de
405 3881 582 3943 terra
613 3896 735 3943 sua
787 3875 1047 3964 pignori
1080 3874 1440 3959 obligabit;
1495 3875 1610 3958 ita,
1644 3871 1820 3959 quod
1852 3871 1909 3940 si
1942 3872 2125 3940 illam
2157 3873 2547 3959 particulam

291 3984 636 4053 inhibitam
671 4005 712 4051 a
742 3984 785 4052 J
789 3984 1036 4052 urkone
1085 3984 1377 4072 predicto
1412 3983 1646 4051 Comes
1676 3983 1993 4049 Martinus
2027 3982 2329 4050 euincere
2359 3989 2548 4070 potu·

291 4076 436 4174 crit,
486 4092 685 4178 iidem
715 4092 841 4160 viri
874 4097 1146 4181 accepta
1198 4091 1325 4159 sibi
1359 4091 1589 4159 eadem
1631 4092 1977 4178 particula,
2025 4089 2267 4158 dictam
2304 4095 2548 4159 terram

291 4200 554 4289 pignori
599 4200 961 4287 obligatam
994 4200 1275 4269 Martino
1309 4198 1546 4285 Comitj
1581 4199 2028 4283 resignabunt.
2077 4199 2148 4267 Si
2180 4219 2335 4267 vero
2372 4200 2547 4267 idem

292 4310 459 4377 Jurk
489 4309 764 4376 eandem
797 4316 1041 4376 terram
1074 4329 1116 4376 a
1137 4308 1388 4376 Comite
1408 4306 1689 4375 Mai-tino
1721 4306 1885 4375 iuris
1920 4306 2147 4375 ordine
2170 4308 2548 4395 optinuerit,

291 4418 530 4485 dictam
564 4425 807 4485 terram
839 4419 1346 4505 impignoratam
1378 4415 1656 4503 predicti
1687 4415 1811 4482 viri
1843 4414 1987 4483 sine
2022 4414 2548 4487 contradiccione

290 4527 516 4613 aliqua
535 4534 849 4614 perpetuo
871 4526 1317 4622 possidebunt.
1349 4524 1657 4593 Preterea
1679 4524 2002 4609 obligauit
2031 4546 2104 4592 se
2123 4523 2294 4593 idem
2317 4525 2549 4594 Comes

289 4634 626 4721 Martinus,
678 4634 850 4720 quod
882 4637 939 4703 si
972 4634 1261 4723 predicto
1315 4632 1591 4701 sabbato
1620 4633 1917 4721 proximo
1966 4640 2116 4728 post
2142 4635 2373 4722 Pasca,
2423 4641 2547 4704 ter-
