3359 5250
1261 336 1518 404 ·505

318 528 518 597 domo
551 540 779 599 nostra
830 533 1123 599 exhihuit
1154 553 1196 598 a
1227 533 1517 617 puericie
1549 554 1664 600 sue
1717 540 2006 621 tempore
2039 534 2278 619 iugiter
2311 542 2376 601 et
2406 535 2585 603 inde-

318 638 530 723 sesse3
566 641 633 708 in
652 642 1334 727 recompensacionem
1356 642 1778 710 seruiciorum
1812 662 2073 709 suorum
2101 648 2345 709 terram
2364 642 2585 712 Castri

322 746 649 833 Albensis‚
696 752 763 814 et
795 753 1037 814 terram
1068 745 1283 813 Castri
1315 747 1896 832 Zulgageuriensis
1949 750 2334 818 existentem
2382 771 2585 838 supra

319 855 667 940 Zopokun,
699 854 766 921 in
799 875 931 941 qua
961 855 1117 921 olim
1151 854 1414 921 Rechun
1450 855 1532 921 de
1567 857 2011 924 castrensibus
2052 857 2467 939 AlbensibuS,
2520 864 2587 925 et

319 964 552 1048 Regun
584 962 667 1029 de
698 963 955 1050 populis
990 961 1201 1030 Castri
1222 963 1804 1049 Zulgageuriensis
1841 966 2238 1050 residebant,
2274 987 2314 1033 a
2346 967 2583 1050 quihus

320 1071 532 1138 eciam
565 1072 794 1138 eadem
825 1077 1002 1147 terra
1051 1091 1285 1138 nomen
1337 1073 1666 1158 recepisse
1699 1075 2122 1160 dignoscitur,
2174 1073 2349 1143 dicto
2393 1076 2585 1144 Nico-

322 1180 455 1265 la0,
489 1188 553 1248 et
586 1180 722 1247 suis
753 1179 1120 1266 heredibus,
1168 1179 1607 1265 heredumque
1639 1201 1903 1250 suorum
1943 1183 2431 1253 successoribus
2463 1183 2582 1250 sub

321 1287 514 1353 metis
547 1287 831 1372 antiquis
862 1287 1252 1355 contulimus
1297 1295 1611 1375 perpetuo
1644 1291 2130 1377 possidendam,
2183 1299 2248 1359 et
2279 1312 2397 1380 per
2427 1289 2581 1357 Gal·

321 1394 458 1462 lum
495 1395 811 1463 Comitem
863 1398 946 1463 de
997 1396 1223 1463 Insula
1270 1396 1530 1464 fidelem
1574 1403 1865 1465 nostrum
1914 1397 2188 1467 eundem
2238 1399 2583 1466 Nicolaum

320 1506 391 1572 in
425 1505 826 1591 corporalem
877 1502 1362 1590 possessionem
1397 1503 1567 1571 dicte
1598 1511 1771 1574 terre
1809 1508 2082 1575 fecimus
2113 1506 2458 1574 introduci.
2495 1507 2580 1574 Et

319 1619 396 1679 vt
425 1613 545 1681 hec
575 1620 803 1680 nostra
832 1612 1106 1681 donacio
1139 1612 1334 1678 robur
1364 1620 1677 1699 perpetue
1711 1615 2006 1700 optineat
2048 1615 2394 1700 firmitatis,
2428 1634 2578 1700 pre-

319 1725 541 1788 sentes
573 1720 826 1788 litteras
857 1723 923 1790 in
953 1719 1396 1787 testimonium
1418 1720 1559 1788 dari
1593 1721 1868 1791 fecimus
1901 1723 2103 1807 sigilli
2134 1722 2343 1790 nostri
2364 1721 2579 1809 dupli-

321 1830 419 1895 cis
469 1830 824 1896 munimine
872 1830 1234 1898 roboratas.
1291 1829 1533 1896 Datum
1589 1852 1706 1917 per
1756 1852 1985 1899 manus
2041 1831 2340 1915 Magistri
2387 1831 2579 1897 Pauli

319 1936 746 2004 Posoniensis
781 1936 1101 2024 Prepositi
1155 1936 1304 2003 aule
1355 1944 1572 2006 nostre
1606 1939 2162 2007 Vice-Oancellari
2160 1939 2191 2025 j
2243 1937 2460 2004 dilecti
2513 1942 2580 2003 et

319 2044 534 2112 fidelis
564 2046 789 2130 nostri,
820 2065 990 2111 anno
1013 2044 1274 2111 Domini
1309 2045 1398 2111 M⁰
1421 2044 1552 2111 CC⁰
1586 2045 2129 2132 quinquagesimo
2162 2064 2352 2129 nono,
2390 2048 2579 2111 sexto

319 2153 470 2219 idus
501 2152 703 2237 Junij,
736 2154 943 2237 Regni
979 2159 1198 2218 autem
1229 2151 1436 2218 nostri
1470 2173 1640 2222 anno
1672 2153 1984 2221 vicesimo
2017 2156 2270 2238 quarto.

319 2348 408 2420 (V.
438 2349 624 2403 Istvan
650 2350 938 2418 kiralynak
979 2351 1201 2403 levo-ki
1247 2350 1575 2417 megerb'sstti
1615 2349 1982 2419 okmz'tnyabol
2011 2368 2044 2403 a
2070 2352 2237 2405 budai
2263 2352 2367 2403 kir.
2394 2351 2578 2404 kama-

323 2444 405 2495 rai
443 2440 800 2496 leveltdrban.
845 2444 994 2495 Ezen
1032 2439 1268 2507 okmhny
1307 2440 1598 2495 kivonatat
1621 2444 1657 2496 1.
1686 2444 1784 2510 Fej
1796 2441 1946 2496 ernel
1985 2443 2116 2496 cod.
2155 2442 2302 2510 Dipl.
2327 2443 2423 2494 1V.
2463 2443 2577 2495 kot-

1272 2536 1322 2587 2.
1350 2549 1393 2583 r.
1415 2532 1539 2587 495.
1561 2533 1581 2585 l
1603 2533 1624 2599 )

1377 3291 1526 3364 357.

321 3472 369 3540 Ι
377 3472 443 3540 V.
476 3473 646 3542 Bata
672 3474 883 3561 &aly
913 3471 1196 3543 German
1243 3474 1504 3541 kondosi
1549 3474 1753 3547 lakost
1784 3473 1982 3540 Sdros
2009 3474 2174 3541 υάνα
2201 3473 2401 3538 &cinti
2446 3483 2579 3543 tar-

964 3584 1204 3648 tozdsai
1233 3583 1367 3648 alul
1376 3582 1688 3668 felmenti.
1737 3580 1933 3647 1259.

535 3780 675 3848 Nos
705 3778 870 3846 Bela
919 3778 1045 3847 Dei
1092 3777 1323 3864 gracia
1371 3780 1514 3846 Rex
1558 3778 1851 3863 Vngarie
1900 3779 2211 3845 memorie
2259 3797 2579 3848 commen·

320 3890 555 3957 dantes
586 3889 1034 3973 significamus
1066 3887 1300 3972 quibus
1335 3893 1673 3975 presentes
1706 3886 2132 3954 ostendentur
2167 3887 2577 3971 presencium

319 4017 439 4085 per
487 4005 795 4081 tenorem,
846 3996 1020 4082 quod
1053 4016 1200 4063 cum
1233 3994 1520 4065 German
1572 3995 1655 4063 de
1700 3995 1864 4062 uilla
1896 3993 2205 4063 Cumlous
2256 3992 2343 4062 ad
2375 3994 2576 4062 Sarus

317 4108 652 4195 pertinens
684 4107 752 4173 in
773 4104 1142 4174 deferendis
1166 4105 1620 4191 legacionibus
1639 4103 1881 4173 nostris
1918 4103 2008 4171 ad
2024 4103 2368 4171 Russciam
2385 4102 2578 4170 fidele

322 4215 671 4283 seruicium
724 4214 1106 4299 exhibuerit,
1161 4212 1371 4280 eidem
1409 4215 1608 4281 istam
1639 4214 1936 4298 graciam
1988 4212 2292 4279 duximus
2342 4210 2576 4278 facien·

322 4323 492 4407 dam,
545 4322 719 4406 quod
752 4323 835 4390 ab
888 4324 1062 4390 omni
1096 4322 1334 4408 debito,
1387 4343 1514 4408 quo
1547 4321 1786 4390 Comiti
1835 4322 1919 4389 de
1969 4321 2172 4387 Sarus
2223 4320 2580 4406 tenebatur,

321 4430 409 4496 sit
438 4437 819 4516 exemptus3
873 4432 967 4498 ita
999 4438 1239 4514 tamen,
1295 4431 1467 4516 quod
1500 4429 1563 4496 in
1618 4427 1987 4496 deferendis
2032 4426 2481 4513 legacionibus
2511 4430 2579 4495 in

320 4537 666 4604 Russciam
699 4537 905 4623 nobis,
943 4540 1113 4605 sicut
1146 4539 1481 4624 hactenus,
1517 4536 1797 4603 fideliter
1831 4535 2078 4603 seruire
2113 4541 2425 4602 teneatur.
2462 4537 2580 4602 Vo-

323 4645 539 4721 lumus
576 4645 812 4733 eciam,
865 4646 1038 4738 quod
1072 4647 1286 4738 ipsum
1321 4646 1759 4719 Germannum
1812 4662 2007 4729 super
2038 4649 2208 4710 terra
2248 4662 2370 4714 sua
2402 4644 2577 4715 here-
