3359 5250
1416 471 1631 479 μω-..-

332 569 511 638 dium
530 591 735 656 vsque
776 569 870 639 ad
905 574 1068 640 fines
1089 574 1246 641 ville
1267 574 1554 642 Zumbur
1585 596 1628 644 a
1657 584 1850 663 parte
1872 579 2249 668 occidentis,
2284 590 2351 650 et
2370 582 2606 650 deinde

343 678 594 747 directe
627 681 837 748 eundo
863 700 980 768 per
1011 688 1221 750 metas
1254 702 1457 769 vsque
1488 683 1578 750 ad
1606 686 1981 773 Morusium,
2017 695 2083 755 et
2112 708 2231 775 per
2248 691 2605 759 Morusium

332 805 539 874 supra
580 807 785 873 vsque
834 789 921 856 ad
953 794 1164 858 metas
1197 790 1355 858 ville
1397 791 1635 860 Palata
1672 803 1924 881 vocate,
1976 816 2101 882 que
2153 796 2454 866 similiter
2502 804 2603 867 est

335 915 488 982 sua3
520 896 677 964 item
696 898 920 966 villam
941 898 1245 985 Palatha,
1268 919 1394 985 que
1419 921 1546 971 vno
1566 902 1828 970 nomine
1847 904 2238 975 Kelemenus
2255 908 2596 995 palataya,

338 1004 473 1071 alio
507 1004 769 1074 nomine
817 1006 1126 1075 moderno
1164 1008 1511 1095 Pangrach
1560 1012 1881 1099 palataya
1928 1023 2220 1101 vocatur,
2272 1035 2419 1084 cum
2461 1022 2603 1086 tota

340 1114 535 1200 sylva
580 1115 920 1202 glandium
967 1137 1198 1185 versus
1229 1117 1545 1188 orientem
1575 1141 1782 1206 vsque
1821 1121 1910 1190 ad
1940 1124 2101 1191 fines
2131 1124 2289 1192 ville
2333 1126 2597 1196 thch-

337 1222 515 1309 kwd,
569 1244 695 1310 que
727 1245 872 1293 cum
902 1227 1051 1294 Isac
1082 1233 1146 1294 et
1174 1227 1391 1313 Wgud
1423 1227 1508 1297 de
1536 1249 1779 1316 genere
1818 1230 2112 1321 Chanad,
2160 1255 2289 1321 qne
2321 1253 2599 1303 commu-

335 1332 506 1398 niter
537 1332 624 1399 ab
658 1332 908 1400 eisdem
938 1333 1325 1421 possidetur,
1377 1344 1443 1404 et
1472 1334 1625 1403 inde
1654 1358 1774 1424 per
1803 1347 2057 1409 veteres
2095 1349 2310 1411 metas
2340 1350 2406 1410 et
2437 1344 2599 1410 anti-

335 1458 502 1524 quas
536 1439 723 1507 vadit
752 1459 983 1509 versus
1014 1442 1387 1527 aquilonem
1419 1464 1625 1530 vsque
1655 1444 1746 1513 ad
1778 1453 2036 1534 portum
2065 1450 2356 1537 Morusij,
2397 1471 2440 1517 a
2472 1470 2598 1518 me·

337 1547 504 1614 ridie
535 1568 689 1618 vero
718 1549 957 1618 transit
1004 1549 1071 1618 in
1103 1571 1426 1639 campum,
1477 1560 1544 1622 et
1574 1554 1761 1623 vadit
1792 1556 1965 1624 vltra
1995 1577 2190 1625 vnam
2218 1558 2461 1627 vallem
2503 1560 2596 1627 lu-

338 1663 549 1726 tosam
581 1667 649 1726 et
669 1679 1008 1746 aquosam,
1040 1666 1107 1728 et
1136 1661 1226 1728 ibi
1248 1662 1710 1747 contingnatur
1727 1664 1918 1733 terris
1936 1665 2255 1734 nobilium
2286 1667 2369 1734 de
2386 1667 2554 1735 Beez
2577 1691 2593 1752 ;

344 1769 580 1838 deinde
611 1769 817 1836 wadit
866 1790 1097 1838 uersus
1149 1769 1545 1840 occidentem
1594 1793 1714 1860 per
1764 1781 1975 1843 metas
2025 1774 2113 1843 ad
2163 1782 2405 1843 terram
2442 1778 2594 1843 Pra-

345 1878 840 1966 danmunustra,
874 1880 985 1947 vbi
1006 1888 1155 1948 sunt
1171 1886 1307 1948 tres
1327 1887 1497 1949 mete
1513 1889 1746 1968 terree,
1768 1903 2045 1967 quarum
2062 1906 2191 1952 vna
2209 1885 2489 1972 pertinet
2508 1884 2596 1952 ad

340 1993 582 2054 terram
614 1986 1236 2074 Pradanmunustra,
1270 1991 1562 2059 secunda
1593 1988 1683 2057 ad
1719 1991 1946 2060 villam
1969 1991 2221 2078 Ladan,
2260 1993 2465 2062 tercia
2496 2002 2596 2062 est

339 2094 549 2181 ipsius
580 2096 743 2164 ville
771 2097 1059 2164 Palatha
1077 2104 1327 2184 vocate,
1362 2106 1429 2165 et
1458 2098 1556 2166 sic
1586 2098 1678 2166 ibi
1708 2099 2131 2186 terminatur3
2171 2101 2326 2168 item
2357 2100 2593 2170 medie·

334 2210 541 2272 tatem
572 2204 733 2273 ville
762 2204 940 2272 Beeb
972 2225 1015 2271 a
1044 2211 1232 2294 parte
1272 2206 1589 2293 meridiei,
1649 2227 1796 2275 cum
1825 2208 2173 2278 medietate
2219 2207 2437 2298 pontis
2484 2211 2594 2276 tri-

338 2311 476 2380 buti
508 2312 802 2381 eiusdem
835 2311 1010 2399 ville,
1064 2320 1130 2381 et
1158 2314 1458 2384 omnibus
1498 2315 1651 2401 alijs
1682 2316 2091 2403 vtilitatibus,
2144 2318 2356 2404 terris,
2398 2318 2586 2405 pisci-

328 2418 454 2506 nis,
502 2419 734 2506 pratis,
795 2419 1039 2488 directe
1087 2420 1173 2489 ad
1224 2421 1640 2490 medietatem
1690 2423 2190 2512 pertinentibus,
2243 2425 2382 2492 alia
2429 2444 2583 2492 vero

334 2527 686 2596 medietate
741 2526 876 2595 suis
940 2529 1254 2614 proximis
1304 2529 1603 2598 similiter
1654 2549 1800 2597 cum
1854 2529 2152 2599 omnibus
2202 2531 2590 2600 Vtilitatibus

334 2643 749 2721 remanente;
797 2635 953 2703 item
983 2637 1426 2724 Eghazasker,
1461 2639 1644 2709 cuins
1678 2640 1961 2708 ecclesia
1991 2644 2091 2709 est
2121 2646 2493 2709 constructa
2522 2640 2590 2707 in

333 2746 644 2812 honorem
693 2744 901 2811 Mai-ie
940 2745 1249 2831 Virginis,
1297 2767 1443 2814 cum
1496 2747 1799 2815 omnibns
1849 2747 2236 2815 vtilitatibus
2285 2749 2423 2816 suis
2472 2769 2589 2835 per

333 2854 642 2938 antiquas
676 2859 884 2921 metas
916 2854 1192 2940 girando
1213 2856 1666 2942 circumcirca3
1708 2856 1863 2925 item
1882 2858 2108 2924 Rasan
2139 2856 2442 2924 similiter
2470 2877 2589 2945 per

336 2962 645 3047 antiquas
676 2967 887 3029 metas
920 2962 1328 3048 circueundo,
1364 2969 1430 3030 et
1460 2963 1726 3032 easdem
1756 2966 1823 3031 in
1858 2964 2154 3052 pluribus
2191 2965 2588 3049 renouando,

332 3071 634 3138 similiter
663 3090 808 3137 cum
840 3071 1137 3139 omnibus
1168 3072 1596 3159 Vtilitatibus3
1631 3073 1786 3139 item
1818 3073 1984 3140 Zent
2015 3072 2300 3139 Miklous
2337 3093 2453 3159 per
2482 3094 2591 3141 an-

329 3180 553 3263 tiquas
585 3184 813 3265 metas,
866 3179 1240 3266 incipiendo
1273 3203 1315 3250 a
1344 3187 1531 3267 parte
1561 3179 1935 3266 occidentis,
1989 3179 2269 3265 girando
2301 3199 2419 3248 sen
2473 3181 2587 3249 cir-

330 3287 627 3355 cueundo
659 3309 777 3375 per
806 3289 1360 3375 septemtrionem,
1381 3289 1774 3374 aquilonem,
1797 3288 2111 3356 orientem
2135 3293 2199 3353 et
2228 3288 2586 3375 meridiem,

325 3402 389 3463 et
423 3416 635 3465 nouas
667 3394 998 3483 erigendo,
1032 3397 1335 3465 similiter
1365 3418 1510 3466 cum
1544 3396 1843 3465 omnibus
1873 3396 2261 3465 vtilitatibus
2294 3403 2360 3463 et
2390 3398 2587 3483 perti-

329 3505 582 3590 nenciJs
615 3506 795 3592 suis3
847 3506 1001 3573 item
1037 3505 1270 3574 Chaka
1304 3526 1449 3574 cum
1480 3507 1781 3575 omnibus
1810 3505 2178 3591 piscaturis,
2217 3505 2412 3573 terris
2447 3527 2587 3574 ara-

329 3614 597 3701 bilibus,
633 3613 887 3701 fenetis,
939 3616 1148 3702 pratis
1179 3621 1243 3683 et
1274 3616 1429 3704 aliis
1462 3616 1761 3684 omnibus
1793 3615 2204 3703 vtilitatibns,
2257 3634 2383 3699 que
2414 3615 2588 3683 intra

329 3731 542 3792 metas
590 3724 897 3810 antiquas
929 3730 997 3792 et
1026 3732 1379 3794 renouatas
1409 3722 1703 3793 eiusdem
1733 3724 1890 3792 ville
1927 3724 2286 3792 existentes
2316 3743 2461 3793 esse
2499 3723 2592 3791 di-

326 3839 718 3920 noscuntur3
768 3832 925 3902 item
956 3832 1310 3902 Barumloh
1342 3832 1644 3901 similiter
1693 3853 1839 3901 cum
1871 3834 2172 3901 omnibus
2203 3832 2590 3900 vtilitatibus

324 3946 389 4007 et
416 3940 845 4029 pertinencijs
877 3939 1313 4010 existentibus
1346 3941 1521 4008 intra
1550 3947 1782 4025 metas,
1831 3959 1958 4025 que
1990 3938 2444 4026 possessiones
2477 3939 2590 4008 ha-

323 4048 458 4117 bite
490 4069 637 4117 cum
668 4049 860 4118 metis
911 4049 1000 4117 ad
1029 4050 1313 4117 inuicem
1345 4050 1826 4135 coniunguntur
1878 4057 1943 4117 et
1987 4049 2466 4135 contignantur,
2521 4048 2590 4115 in

323 4177 600 4242 quarum
638 4159 832 4227 metis
881 4166 946 4226 et
996 4158 1335 4226 vicinitate
1383 4158 1639 4246 piscina
1656 4210 1673 4245 ,
1730 4176 1855 4243 que
1910 4156 2277 4244 antiquiore
2326 4156 2588 4225 nomine

322 4266 721 4337 Pothoktow
752 4275 1039 4356 vocatur,
1093 4288 1211 4355 per
1244 4267 1563 4350 quosdam
1594 4273 1812 4335 autem
1845 4264 2320 4353 Ghakathowa,
2374 4271 2438 4333 et
2468 4284 2588 4352 per

319 4375 490 4444 alios
520 4375 970 4445 Basanthowa
1000 4382 1436 4463 nuncupatur,
1473 4375 1705 4443 eadem
1735 4373 1996 4461 piscina
2027 4372 2096 4439 in
2120 4374 2319 4457 longo
2352 4380 2418 4440 et
2448 4374 2584 4442 lato

323 4506 471 4553 cum
499 4485 977 4572 prenominatis
1000 4484 1530 4572 possessionibus
1563 4489 1627 4550 et
1650 4501 1872 4550 earum
1892 4481 2283 4549 vtilitatibns
2301 4480 2368 4547 in
2407 4487 2543 4551 toto
2571 4506 2588 4568 3

322 4592 480 4660 item
516 4592 891 4661 Temerken
912 4613 1119 4680 prope
1137 4592 1433 4678 Tyciam,
1472 4611 1616 4658 cum
1649 4588 2021 4658 nemoribus
2051 4589 2120 4656 in
2141 4588 2392 4657 duobus
2427 4589 2590 4658 locis

321 4701 781 4787 existentibuS,
818 4709 883 4769 et
912 4700 1478 4803 alijsqvtilitatibus
1513 4700 1670 4783 suiS‚
1706 4718 1833 4783 que
1854 4699 2024 4765 intra
2057 4703 2266 4765 metas
2300 4697 2590 4766 eiusdem

2145 4816 2268 4871 16¹⁸·
