3359 5250
1627 342 1704 439 4
1752 338 1878 404 166

681 540 981 608 omnibus
1013 538 1245 606 diebus
1299 538 1434 604 suis
1468 537 1658 606 nobis
1690 536 1972 604 fideliter
2003 535 2358 621 seruiendi‚
2396 554 2519 601 nos
2550 536 2612 601 ei
2640 534 2709 600 in
2738 554 2945 602 remu-

678 649 1088 717 neracionem
1121 667 1237 715 sue
1266 645 1601 715 fidelitatis
1634 652 1700 712 et
1729 643 1991 729 seruicij
2042 643 2376 729 quandam
2404 649 2650 713 terram
2681 644 2943 712 Meffrik

682 758 824 827 sine
852 756 1092 824 herede
1145 754 1541 840 decedentis,
1578 753 1895 823 Rakouch
1924 754 2208 838 nomine,
2257 754 2454 821 sitam
2486 754 2555 820 in
2602 752 2948 841 prouincia

684 863 1152 933 Thurochiensi
1172 864 1584 947 contulimus,
1626 861 1750 929 sibi
1774 869 1841 929 et
1867 884 1989 949 per
2010 880 2084 929 se
2104 862 2243 930 suis
2263 862 2616 929 heredibus
2633 867 2944 949 perpetuo

682 971 1171 1060 possidendam.
1211 973 1286 1039 In
1314 970 1499 1038 cuius
1531 976 1702 1037 terre
1722 969 2199 1056 possessionem
2231 990 2350 1058 per
2379 968 2639 1038 fidelem
2656 975 2947 1036 nostrum

686 1081 931 1149 Thetus
964 1078 1282 1149 Comitem
1331 1082 1548 1166 ipsum
1578 1078 1855 1146 fecimus
1885 1076 2232 1147 introduci.
2285 1077 2487 1146 Cuius
2519 1085 2689 1145 terre
2735 1075 2947 1164 prima

686 1195 865 1256 meta
892 1188 1121 1275 incipit
1150 1208 1195 1254 a
1222 1192 1412 1276 parte
1442 1186 1794 1272 aquilonis,
1838 1186 1961 1253 =vbi
1991 1184 2173 1253 cadit
2200 1186 2549 1253 Blatnicha
2578 1184 2648 1251 in
2678 1183 2947 1254 fluuium

690 1297 943 1383 Turch3
994 1297 1147 1364 inde
1198 1315 1353 1364 vero
1407 1292 1705 1363 ascendit
1752 1315 1873 1382 per
1925 1293 2204 1362 eundem
2252 1293 2520 1363 fluuium
2568 1293 2655 1360 ad
2693 1300 2947 1381 partem

690 1403 1074 1471 orientalem
1123 1421 1330 1488 vsque
1363 1401 1451 1468 ad
1499 1400 1772 1468 fluuium
1822 1400 2030 1488 Ribe;
2081 1409 2148 1469 et
2183 1421 2303 1489 per
2351 1400 2626 1468 eundem
2677 1400 2949 1469 fluuium

692 1511 987 1580 ascendit
1038 1510 1124 1577 ad
1154 1516 1405 1597 partem
1438 1509 1950 1596 meridionalem,
2007 1516 2072 1577 et
2100 1509 2192 1577 ibi
2224 1517 2324 1578 est
2355 1515 2531 1577 meta
2576 1515 2797 1578 terrea
2823 1509 2949 1576 sub

691 1618 975 1706 quadam
1007 1617 1241 1685 arbore
1272 1622 1451 1684 υόνόε
1468 1616 1676 1706 fenyiz
1708 1624 1981 1704 vocata3
2018 1617 2172 1685 inde
2207 1637 2358 1685 vero
2390 1617 2478 1684 ad
2507 1623 2759 1703 partem
2785 1617 2949 1685 occi-

696 1728 1047 1812 dentalem,
1097 1732 1161 1793 et
1191 1725 1284 1793 ibi
1316 1730 1416 1793 est
1445 1731 1623 1793 meta
1654 1726 1776 1793 sub
1809 1726 2045 1795 arbore
2076 1727 2257 1814 borsa
2287 1732 2558 1811 vocata3
2608 1725 2764 1793 inde
2795 1745 2951 1795 uero

693 1835 903 1904 tendit
930 1835 1019 1902 ad
1049 1854 1244 1901 vnum
1278 1833 1701 1903 monticulum
1739 1837 1974 1902 hradek
2003 1844 2303 1904 vocatum
2327 1860 2343 1921 ;
2387 1840 2451 1901 et
2481 1832 2636 1902 inde
2662 1833 2837 1901 cadit
2865 1831 2954 1900 ad

697 1942 939 2011 dictum
969 1941 1238 2009 fluuium
1268 1943 1507 2027 Taren,
1560 1949 1625 2010 et
1656 1942 1753 2010 sic
1803 1943 2185 2011 terminatur
2234 1943 2322 2011 ad
2358 1943 2639 2031 priorem
2689 1949 2950 2010 metam.

696 2054 781 2119 Vt
811 2059 1029 2120 autem
1063 2050 1184 2119 hec
1213 2056 1442 2119 nostra
1472 2048 1753 2118 donacio
1786 2052 1979 2120 salua
2010 2073 2265 2141 semper
2294 2058 2361 2119 et
2392 2052 2780 2121 inconcussa
2810 2068 2954 2137 per·

699 2168 981 2246 maneat,
1031 2179 1152 2226 nec
1182 2160 1316 2228 vllo
1348 2179 1633 2244 vnquam
1665 2167 1961 2248 tempore
1995 2161 2208 2248 possit
2243 2159 2310 2227 in
2343 2161 2595 2230 irritum
2634 2160 2952 2244 reuocari,

697 2276 1037 2356 presentes
1087 2265 1299 2334 eidem
1333 2267 1775 2336 concessimus
1826 2270 2081 2337 litteras
2133 2268 2459 2357 dupplicis
2509 2268 2715 2355 sigilli
2752 2269 2956 2339 nostri

699 2375 1055 2444 munimine
1088 2374 1449 2443 roboratas.
1500 2376 1689 2445 Anno
1723 2378 1945 2463 gracie
1975 2376 2240 2446 Domini
2282 2375 2627 2445 millesimo
2659 2377 2956 2444 ducente·

699 2485 861 2554 simo
912 2483 1412 2573 quadragesimo
1458 2488 1691 2568 quarto
1742 2488 1824 2555 X.
1886 2484 2210 2553 kalendas
2250 2483 2680 2573 Nouembris,
2744 2485 2956 2571 Regni

703 2602 922 2665 autem
952 2593 1158 2664 nostri
1192 2613 1363 2663 anno
1399 2592 1672 2663 decimo.

705 2791 1063 2862 (Hitelesitett
1083 2792 1419 2857 mhsolatbol,
1438 2794 1583 2862 moly
1600 2795 1713 2848 tek.
1732 2796 2012 2864 Bcniczky
2030 2793 2242 2848 Marton
2262 2793 2638 2849 leveltaraban
2660 2794 2960 2848 Priboczon

1402 2884 1612 2939 Turbes
1638 2885 1941 2955 megyoben
1969 2883 2264 2955 Briztetik.)

1575 3158 1814 3166 n————-.,-
1833 3160 1872 3167 ——
1893 3161 2094 3167 ———-—--

1754 3622 1910 3689 109.

708 3805 753 3871 Ι
762 3804 828 3869 V.
864 3804 1025 3870 Be'la
1072 3806 1284 3892 kirdly
1313 3805 1452 3871 Fila
1482 3806 1748 3892 qurdbi
1766 3810 2024 3891 pre'poet
2053 3813 2113 3871 e's
2146 3811 2414 3873 teetve'rei
2464 3812 2760 3875 szdmdra
2799 3833 2963 3898 meq-

922 3914 1131 3978 ero'ez'ti
1158 3936 1201 3978 a
1231 3910 1474 4000 Heyrch
1495 3913 1759 3980 birtokdt
1776 3914 1942 3979 illeto'
1958 3912 2510 4003 joqoez'tvdnyokat.
2550 3916 2744 3982 1244.

918 4109 999 4175 In
1029 4107 1291 4176 nomine
1322 4108 1563 4176 Sancte
1589 4108 1936 4179 Trinitatis
1967 4117 2034 4178 et
2065 4109 2416 4179 Indiuidue
2446 4112 2749 4184 Vnitatis.
2800 4114 2968 4182 Bela

707 4218 831 4286 Dei
863 4217 1092 4303 gracia
1120 4215 1475 4303 Hungarie‚
1530 4217 1893 4303 Dalmacie‚
1928 4218 2220 4307 Oroacie‚
2254 4221 2481 4306 Rame,
2530 4221 2778 4309 Seruie,
2812 4221 2966 4290 Gal·

704 4327 879 4413 licie,
929 4324 1317 4394 Lodomerie
1349 4323 1792 4411 Gumanieque
1843 4329 1984 4396 Rex
2014 4327 2337 4397 vniuersis
2371 4328 2612 4397 Christi
2662 4329 2965 4398 fidelibus

704 4455 978 4526 presens
1007 4434 1317 4522 scriptum
1345 4435 1739 4523 inspecturis
1769 4436 2048 4507 salutem
2080 4445 2145 4507 et
2176 4458 2367 4507 omne
2399 4438 2658 4506 bonum.
2713 4440 2968 4507 Tenore

706 4544 1116 4632 presencium
1135 4546 1457 4614 vniuersis
1477 4546 1776 4615 volumus
1795 4547 1935 4615 fieri
1957 4547 2394 4636 manifestum,
2417 4548 2590 4636 quod
2609 4568 2754 4617 cum
2776 4568 2966 4635 quas-

710 4652 864 4722 dam
913 4652 1383 4742 possessiones,
1435 4672 1562 4738 que
1592 4654 1679 4724 ob
1710 4673 2017 4743 magnam
2047 4663 2115 4726 et
2142 4656 2467 4728 notoriam
2512 4655 2963 4726 infidelitatem
