3359 5250
1741 414 1876 488 366

682 628 958 706 gnantes
1009 618 1285 686 eandem
1337 617 1519 685 iuxta
1550 615 1976 684 donacionem
2011 612 2327 701 Stephani
2380 613 2552 682 Bani
2600 610 2938 702 possidere

679 728 950 816 pacifice
1001 735 1065 795 et
1096 726 1315 813 quiete
1347 723 1660 791 Ladizlao
1715 722 1936 810 sepius
1970 728 2309 790 annotato.
2361 720 2498 788 Nec
2530 721 2654 789 hoc
2692 729 2936 809 preter·

682 837 1016 917 mittimus,
1069 831 1245 919 quod
1276 832 1431 916 quia
1483 832 1811 920 predictus
1845 830 2078 899 Comes
2111 827 2436 914 Georgius
2487 828 2696 896 falsas
2730 836 2938 897 metas

681 954 747 1013 et
776 947 1067 1015 occultas
1099 942 1166 1008 in
1201 947 1379 1008 terra
1410 939 1719 1027 Gurbysa
1749 938 1999 1009 tociens
2051 939 2334 1025 repetita
2365 948 2681 1026 erexerat,
2733 940 2935 1007 inten-

682 1053 841 1122 dens
872 1072 990 1140 per
1020 1052 1204 1138 ipsas
1237 1048 1514 1119 eandem
1548 1067 1891 1135 occupare,
1927 1052 2157 1115 contra
2188 1044 2576 1113 Ladizlaum
2604 1046 2939 1134 supradic-

678 1168 814 1229 tum
846 1168 947 1231 est
978 1159 1311 1228 conuictus
1342 1156 1572 1226 ordine
1605 1153 1950 1224 iudiciario
1983 1173 2202 1225 coram
2234 1152 2449 1222 nobis.
2498 1154 2598 1222 De
2629 1175 2761 1240 qua
2790 1175 2939 1225 con-

681 1267 983 1337 uincione
1017 1264 1191 1355 (igy)
1220 1264 1411 1337 uobis
1458 1273 1775 1351 tanquam
1808 1259 2027 1348 iudici,
2061 1269 2130 1331 et
2159 1262 2286 1330 sibi
2320 1268 2516 1350 prout
2553 1262 2938 1332 aduersario

679 1374 1021 1461 satisfecit,
1056 1374 1225 1442 sicut
1256 1372 1633 1458 requirebat
1654 1369 1813 1440 ordo
1845 1369 2024 1457 iuris,
2061 1376 2303 1438 terram
2334 1368 2610 1457 predicti
2631 1368 2936 1464 Gur-hysa

679 1481 893 1551 eidem
925 1481 1263 1568 possidere
1293 1481 1437 1549 sine
1467 1476 2001 1548 contradiccione
2049 1476 2324 1563 aliquali
2353 1479 2806 1568 permittendo.
2860 1485 2936 1550 In

679 1592 864 1660 cuius
893 1592 986 1658 rei
1033 1589 1497 1676 testimouium,
1534 1590 1787 1657 firmam
1817 1595 2017 1674 atque
2064 1587 2492 1657 stabilitatem
2526 1591 2933 1680 ampliorem,

678 1708 1017 1791 presentes
1048 1700 1439 1769 contulimus
1487 1698 1746 1767 litteras
1776 1697 1981 1783 sigilli
2031 1698 2236 1767 nostri
2270 1698 2625 1769 munimine
2668 1700 2935 1770 robora-

678 1815 801 1897 tas,
855 1828 1031 1876 anno
1063 1807 1328 1877 Domini
1363 1806 1714 1903 millesimo
1765 1806 2215 1876 ducentesimo
2244 1808 2394 1875 LX⁰
2426 1809 2647 1879 tercio.
2690 1810 2934 1878 Datum

679 1917 1036 2005 Zagrabiei
1069 1916 1245 2007 (igy)
1277 1918 1345 1985 in
1378 1916 1608 2003 vigilia
1639 1914 1864 1984 Sancti
1903 1915 2187 1984 Martini.

677 2136 927 2191 Emistin
955 2133 1286 2202 bssrhartykn
1311 2152 1346 2191 a
1369 2131 1589 2189 bainnak
1612 2136 1773 2189 vssros
1812 2135 1984 2202 fuggd
2008 2131 2246 2202 pecsetjo
2272 2134 2420 2197 alan,
2448 2151 2482 2188 a
2506 2135 2668 2191 budai
2707 2137 2810 2190 kir.
2838 2137 2933 2190 ka·

1520 2227 1696 2278 marai
1720 2221 2050 2277 leveltdrban
2071 2226 2092 2292 )

1541 2523 2074 2536 ——u—

1724 3016 1880 3087 249.

679 3218 853 3287 Chak
881 3219 1115 3308 kirdlyi
1132 3188 1565 3286 tdvmkfflester
1584 3219 1939 3305 bizonyae'v'a,
1978 3218 2141 3306 Iaeoyy
2158 3219 2328 3286 emm
2352 3219 2593 3306 Km‘stoj
2625 3227 2687 3287 ἐς
2705 3219 2931 3304 Jdnos,

676 3327 1014 3394 Ldzdrnak
1026 3330 1171 3412 fiai,
1221 3350 1253 3392 s
1285 3326 1519 3393 Arund
1564 3336 1624 3393 e's
1654 3327 2040 3394 &deleta-mai
2085 3330 2375 3416 bizonyos
2422 3330 2711 3418 altisonyi
2753 3354 2932 3419 peres

1240 3434 1509 3501 histob-a
1541 3442 1722 3502 ne'zve
1752 3436 2103 3525 kieyyeztek.
2156 3436 2352 3502 1253.

884 3630 1024 3699 Nos
1057 3630 1246 3699 Chak
1278 3630 1595 3718 Magister
1625 3630 2193 3700 'Pham-micorum
2230 3630 2514 3699 Illustris
2563 3632 2769 3716 Regis
2796 3632 2926 3699 Vn·

668 3737 856 3823 gar-ie
888 3746 953 3810 et
983 3738 1220 3806 Comes
1237 3737 1703 3825 Supruniensis
1736 3739 1820 3805 ad
1842 3739 2291 3806 immersorum
2325 3740 2633 3809 noticiam
2664 3760 2925 3828 presen-

668 3848 842 3922 cium
893 3854 1116 3915 tenore
1169 3849 1466 3916 uolumus
1516 3847 1848 3933 deuenste,
1898 3847 2075 3934 quod
2124 3867 2268 3916 cum
2322 3849 2397 3915 B.
2447 3847 2730 3916 Illustris
2780 3851 2924 3918 Rex

667 3953 958 4040 Vngarie
1008 3965 1145 4024 tam
1196 3956 1492 4025 turbatus
1544 3956 1667 4024 tuit
1720 3959 1803 4044 (Ρ,
1838 3957 2021 4025 talen
2076 3978 2383 4044 „causam
2434 3958 2628 4045 iurgii
2677 3959 2922 4047 intest)

665 4058 1203 4149 christophorum
1255 4070 1322 4131 et
1370 4063 1743 4134 Johannem
1793 4064 1965 4132 filios
2016 4066 2250 4132 Lazari
2302 4086 2385 4133 ex
2417 4073 2603 4153 parte
2651 4086 2803 4153 una,
2853 4075 2927 4134 et

666 4168 894 4238 Arnnd
945 4170 1146 4240 filium
1179 4171 1420 4259 Scund,
1475 4174 1757 4242 Pousam
1787 4173 1991 4258 filium
2029 4173 2226 4260 Petri,
2276 4175 2665 4244 Michaelem
2715 4174 2922 4243 filium

662 4280 702 4345 J
709 4278 918 4364 acobl‚
972 4281 1132 4354 Sam
1158 4280 1361 4350 filium
1385 4282 1595 4367 mech,
1648 4281 1852 4349 Fioch
1886 4281 2091 4351 filium
2121 4283 2365 4363 Techa‚
2421 4291 2488 4350 et
2517 4282 2920 4371 Stephanum

662 4385 866 4460 fllium
920 4388 1147 4464 Gur-ke
1194 4389 1275 4458 de
1327 4390 1490 4459 uilla
1538 4390 1792 4459 Alasun
1843 4411 1924 4457 ex
1960 4391 2191 4477 altera,
2242 4393 2439 4460 nobis
2484 4393 2921 4461 commisisset

661 4495 888 4566 ordine
920 4495 1262 4566 iudiciario
1314 4497 1767 4566 uentilandam
1801 4519 1996 4587 super
2030 4498 2314 4584 quadam
2363 4501 2689 4587 particula
2719 4509 2913 4582 terre,

658 4623 854 4689 quam
887 4607 1178 4675 Lazarus
1209 4615 1400 4695 pater
1429 4606 1836 4695 cristophori
1870 4615 1935 4676 et
1965 4609 2007 4675 J
2011 4607 2290 4676 ohannis
2334 4629 2376 4676 a
2409 4608 2742 4698 predictis,
2791 4611 2913 4679 sci·

657 4712 813 4781 licet
840 4714 1050 4781 Arunt
1085 4723 1151 4782 et
1183 4715 1357 4800 alijs‚
1390 4716 1612 4802 precio
1646 4723 2165 4803 computruerat,
2198 4717 2488 4786 indebite
2517 4717 2909 4806 recipissent
