3359 5250
1757 356 1891 427 334

690 560 864 645 gitur
914 559 1000 626 ad
1031 559 1310 626 insulam
1341 556 1693 643 quandam,
1744 559 1810 623 in
1842 575 1973 640 qua
2003 555 2397 643 particulam
2448 555 2780 642 quandam
2810 575 2946 624 sor-

690 670 945 736 ciuntur
976 666 1292 753 cruciferi,
1325 667 1592 735 relicum
1624 686 1780 733 uero
1810 665 2129 752 Magister
2158 666 2501 736 Hoholdus
2538 664 2907 752 possidebit
2933 689 2953 749 ς

690 776 924 844 deinde
955 777 1194 845 transit
1242 776 1517 844 eandem
1566 775 1849 843 insulam
1897 775 1986 842 ad
2015 783 2268 862 partem
2318 773 2790 842 occidentalem
2842 794 2951 859 po-

688 904 849 953 nens
882 885 1155 953 eundem
1187 884 1455 952 fluuium
1487 905 1603 970 pro
1639 889 1834 969 meta,
1867 884 1963 951 ita
1995 890 2065 951 ut
2094 883 2239 970 ipsc
2273 881 2510 950 fluuius
2530 881 2845 950 succedat
2873 882 2945 948 in

688 994 1171 1081 possessionem
1202 992 1487 1062 Hoholdi
1535 993 1895 1079 memorat-i,
1949 999 2124 1060 terra
2152 1013 2310 1061 uero
2346 993 2516 1060 ultra
2565 991 2780 1078 ipsum
2828 990 2943 1057 flu-

691 1102 866 1171 uium
918 1107 1016 1170 est
1063 1101 1366 1171 Barnabe
1413 1102 1634 1170 fratris
1674 1102 1932 1188 Pydur;
1986 1107 2053 1170 et
2100 1102 2194 1170 ita
2246 1101 2494 1170 uadens
2545 1100 2633 1167 ad
2685 1109 2945 1188 partem

688 1209 1283 1297 septemtrionalem
1316 1209 1474 1293 finit,
1527 1216 1766 1277 metam
1799 1209 2082 1295 priorem
2130 1209 2515 1296 contingens
2567 1194 2685 1295 per
2721 1208 2947 1276 reduc·

688 1308 957 1387 cionem.
1013 1318 1151 1386 Nos
1184 1317 1382 1404 igitur
1417 1318 1503 1386 ad
1557 1318 1946 1406 peticionem
1979 1317 2268 1406 parcium
2303 1317 2391 1386 ad
2420 1337 2517 1404 ea,
2571 1337 2697 1403 que
2728 1319 2797 1385 in
2833 1338 2947 1384 no-

686 1432 821 1493 stra
851 1432 1003 1494 sunt
1033 1432 1184 1493 acta
1213 1425 1571 1513 presencia,
1608 1447 1691 1494 ne
1721 1426 1913 1514 lapsu
1948 1425 2263 1513 temporis
2302 1426 2367 1492 in
2399 1426 2654 1493 irritum
2686 1425 2942 1513 possint

687 1532 1048 1619 retractari,
1083 1534 1334 1602 litteras
1358 1542 1615 1603 nostras
1646 1535 1854 1621 sigilli
1885 1535 2091 1603 nostri
2122 1535 2558 1603 concessimus
2583 1535 2939 1602 munimine

686 1643 1048 1728 roboratas,
1083 1663 1255 1712 anno
1287 1645 1510 1729 gracie
1541 1646 1631 1712 Μο
1652 1645 1784 1712 CC⁰
1800 1644 2340 1730 quinquagesimo
2376 1644 2603 1732 primo.
2640 1643 2934 1712 Gerardo

687 1751 973 1836 Decano,
1009 1751 1366 1820 Laurencio
1399 1752 1703 1837 Custode,
1746 1754 2092 1824 Benedicto
2125 1753 2371 1821 Curiali
2408 1751 2660 1821 Comitc
2692 1759 2933 1834 nostro,

686 1868 750 1925 et
783 1859 935 1946 alijs
955 1860 1422 1945 jobagionibus
1453 1861 1859 1946 LodomeriO,
1899 1860 2278 1947 Colomano,
2311 1859 2580 1928 Tenkus
2622 1867 2688 1928 et
2717 1861 2937 1948 Fytok

686 1967 1136 2035 existentibus.

685 2148 963 2214 (Eredetie
1007 2147 1351 2217 b6rhartyam
1396 2167 1429 2202 a
1467 2151 1560 2203 ket
1583 2149 1947 2219 carga-barna
1990 2152 2442 2219 selyemzsinoron
2493 2154 2711 2219 fssggott
2756 2151 2944 2220 pceset

1150 2241 1423 2310 elveszett‚
1450 2258 1482 2293 a
1507 2242 1668 2294 budai
1698 2243 1801 2293 hir.
1828 2243 2072 2294 kamarai
2099 2241 2483 2311 leveltarbsn.)

1551 2540 2078 2554 ——nm—

1737 3035 1896 3108 232.

682 3219 744 3282 A
773 3217 1019 3285 1(αηίεαὶ
1048 3220 1205 3306 aptit
1237 3217 1469 3285 Ponich
1515 3221 1796 3285 comessel
1826 3219 2108 3286 Rakacia
2135 3220 2450 3305 helya-egre
2500 3241 2679 3286 nezve
2708 3240 2925 3306 eqyez-

1588 3328 1786 3397 kedilc.
1837 3326 2030 3392 1251.

894 3505 1034 3574 Nos
1050 3506 1295 3577 Tomas
1314 3506 1560 3575 Diuina
1588 3504 2014 3575 miseracione
2030 3505 2257 3574 Abbas
2280 3507 2659 3593 Monasterij
2688 3508 2931 3574 Sancte

680 3614 906 3682 Crucis
935 3614 1017 3683 de
1047 3615 1301 3683 Kanisa
1352 3615 1676 3684 uniuersis
1711 3612 1954 3682 Christi
1985 3613 2283 3683 fidelibus
2316 3635 2586 3703 presens
2618 3615 2930 3702 scriptum

680 3725 1067 3810 inspecturis
1098 3724 1379 3791 salutem
1411 3724 1479 3791 in
1503 3743 1656 3792 uero
1686 3723 1920 3791 salutis
1947 3728 2232 3790 auctore.
2267 3723 2696 3793 Vniuersitati
2718 3728 2935 3791 vestre

681 3832 1094 3919 presentibus
1127 3831 1429 3900 duximus
1459 3831 1916 3915 intimandum,
1954 3831 2131 3918 quod
2160 3852 2306 3899 cum
2339 3832 2479 3900 litis
2511 3832 2767 3918 questio
2800 3852 2936 3900 uer·

681 3944 922 4008 teretur
975 3942 1144 4009 inter
1194 3961 1313 4009 nos
1345 3941 1432 4008 ab
1483 3959 1617 4007 una
1647 3945 1854 4027 parte,
1907 3946 1974 4007 et
2003 3938 2251 4008 Ponich
2286 3939 2603 4010 Comitem
2653 3941 2740 4008 ab
2771 3941 2931 4024 alia,

680 4070 800 4136 pro
831 4056 1010 4119 terra
1037 4050 1356 4135 Rakacia,
1413 4069 1609 4134 quam
1642 4048 1817 4117 idem
1851 4051 1925 4116 P.
1958 4047 2193 4118 Comes
2245 4050 2404 4118 emit
2435 4049 2524 4117 ab
2558 4050 2763 4117 Elech
2799 4050 2935 4118 filio

680 4158 899 4225 Fudur
933 4157 1203 4226 Comitis
1234 4158 1541 4244 Nycolay
1588 4159 1762 4225 iusto
1810 4158 2004 4226 titulo
2036 4158 2393 4245 empcionis
2439 4158 2628 4226 iuxta
2675 4160 2933 4226 estima-

679 4267 933 4335 cionem
955 4266 1268 4335 bonorum
1290 4267 1573 4334 uirorum
1599 4265 2249 4354 comprouincialium
2270 4287 2535 4336 suorum
2568 4286 2685 4354 pro
2706 4266 2931 4334 decem

681 4375 919 4442 marcis
952 4376 1229 4459 argenti.
1282 4373 1482 4442 Cuius
1533 4381 1704 4442 terre
1745 4376 2080 4458 quantitas
2126 4374 2480 4443 secundum
2530 4376 2932 4443 sentenciam

680 4480 1030 4549 eorundem
1089 4483 1369 4550 virorum
1435 4482 1938 4569 prouincialium
1997 4482 2376 4551 continebat
2437 4490 2678 4547 terram
2734 4484 2929 4549 trium

684 4597 1046 4658 aratrorum
1080 4610 1226 4657 cum
1257 4598 1448 4675 parte
1482 4591 1714 4674 insule,
1765 4609 1892 4673 que
1923 4591 1989 4656 in
2020 4590 2519 4660 continuacione
2556 4587 2732 4655 dicte
2759 4585 2930 4657 tei-re

680 4698 959 4782 adiacet,
1014 4716 1142 4780 que
1189 4699 1398 4764 eciam
1452 4698 1697 4767 dictum
1737 4698 1937 4766 Elech
1996 4698 2435 4784 contingebat,
2482 4699 2665 4765 cuius
2717 4699 2931 4766 insule
