3359 5250
1775 350 1906 429 368

711 562 814 630 nis
852 561 1228 648 infringere,
1263 561 1366 628 uel
1402 561 1460 628 ei
1494 580 1656 627 ausu
1692 559 2036 626 temerario
2070 562 2415 629 contraire.
2464 562 2534 630 Si
2568 563 2713 650 quis
2743 572 2962 633 antem

711 671 835 739 hoc
886 676 1273 757 attemptare
1326 669 1834 758 presumpserit;
1897 667 2427 754 indignacionem
2480 673 2963 761 omnipotentis

715 780 840 846 Dei
873 785 939 846 et
969 780 1319 847 Beatorum
1353 779 1529 846 Petri
1580 787 1646 846 et
1679 777 1869 847 Pauli
1904 778 2364 865 Apestolorum
2416 782 2557 849 eius
2590 801 2663 849 se
2713 783 2974 851 nouerit

713 889 1059 956 incursum.
1112 886 1353 953 Datum
1403 886 1706 971 Anagnie
1744 887 1854 953 VI.
1909 904 2111 952 nonas
2165 885 2485 973 Octobris,
2541 888 2970 957 Pontificatns

714 996 917 1066 nostri
950 1014 1125 1063 anno
1160 994 1562 1064 duodecimo.

897 1196 1000 1266 (ΑΖ
1027 1198 1236 1251 erodet}
1264 1193 1394 1251 utin
1421 1197 1609 1251 Knauz
1635 1193 1875 1256 Nandor,
1900 1195 2130 1262 Magyar
2154 1194 2286 1247 Sion
2323 1196 2394 1251 11.
2423 1196 2533 1250 ΙιὸίὋ
2561 1198 2687 1251 677.
2715 1199 2775 1266 1.)

1581 1504 2061 1515 -———-——--—-

1777 2023 1933 2092 257.

723 2172 843 2278 11'7.
883 2213 1058 2277 [ποτε
1083 2206 1390 2297 pdpdnak
1418 2205 1811 2287 inte'zkede'se,
1843 2207 2003 2293 mely
2023 2206 2182 2273 ciltal
2210 2230 2283 2272 az
2317 2212 2673 2296 eszterqami
2701 2210 2979 2275 e'rsekmk

720 2327 780 2386 e's
811 2317 1237 2406 hciptalannak
1284 2315 1739 2396 szabadalmdt,
1787 2315 1952 2400 hoqy
1983 2338 2023 2379 a
2054 2316 2264 2380 romai
2291 2314 2538 2380 sze'knek
2585 2316 2843 2382 ffilo‘nb’s
2879 2343 2978 2382 en·

887 2425 1156 2513 qedelme
1186 2424 1393 2489 ne'lkiil
1422 2422 1487 2487 ki
1515 2423 1675 2489 dltal
1705 2444 1828 2486 sem
1860 2422 2185 2509 sujthatcik,
2217 2424 2557 2488 ve'delmezi.
2617 2425 2808 2490 1254.

941 2620 1360 2692 Innocentius
1380 2619 1746 2709 Episcopus
1765 2639 1993 2689 seruus
2027 2639 2360 2689 seruorum
2384 2619 2508 2688 Dei
2542 2620 2801 2691 dilectis
2824 2621 2979 2711 liliis

724 2784 742 2804 .
768 2785 783 2802 .
811 2784 823 2799 .
858 2733 940 2800 de
971 2731 1169 2819 Pelys
1192 2783 1207 2799 .
1236 2778 1253 2797 .
1279 2780 1293 2797 .
1316 2736 1380 2797 et
1411 2729 1495 2796 de
1529 2730 1785 2799 Boccon
1808 2729 2176 2797 Abbatibus
2196 2726 2667 2816 cysterciensis
2690 2729 2975 2818 Ordinis,

725 2838 1230 2927 vesprimiensis
1281 2837 1605 2924 Dyocesis
1652 2837 1931 2905 salutem
1982 2846 2045 2906 et
2076 2835 2530 2926 Apostolicam
2582 2839 2981 2910 benedictio-

725 2971 893 3019 nem.
945 2947 1325 3035 Apostolice
1359 2945 1551 3015 Sedis
1585 2945 1957 3031 benignitas
1991 2947 2243 3024 sincere
2289 2947 2791 3033 obsequcncinm
2826 2956 2981 3017 uota

725 3057 1013 3127 fidelium
1046 3055 1276 3124 fauore
1308 3054 1618 3123 beniuolo
1649 3054 1959 3140 prosequi
1993 3055 2349 3141 consueuit,
2392 3062 2458 3122 et
2489 3075 2808 3142 personas
2840 3057 2981 3126 illo-

725 3174 887 3252 rum,
939 3185 1102 3252 quos
1135 3166 1202 3231 in
1234 3183 1356 3232 sua
1387 3161 1746 3232 denocione
1793 3167 2128 3250 promptos
2168 3165 2491 3234 inuenerit
2538 3169 2605 3233 et
2632 3165 2984 3254 feruentes,

726 3273 1119 3364 quibusdam
1169 3271 1377 3341 titulis
1429 3270 1766 3340 decentius
1819 3269 2155 3340 decorare.
2206 3272 2291 3340 Vt
2338 3273 2536 3357 igitur
2585 3292 2667 3340 ex
2707 3274 2986 3361 speciali

729 3384 1094 3469 deuotione,
1136 3402 1331 3468 quam
1364 3379 1764 3449 uenerabilis
1802 3380 2002 3449 frater
2040 3388 2260 3450 noster
2288 3419 2376 3430 —-
2409 3420 2494 3431 —-
2527 3420 2613 3430 -
2647 3420 2735 3431 —-
2763 3383 2987 3451 Archi-

729 3494 1094 3581 episcopus,
1146 3496 1212 3558 et
1253 3489 1475 3557 dilecti
1527 3488 1643 3576 filij
1686 3487 2058 3577 Capitulum
2113 3490 2561 3575 Strigoniense
2612 3490 2699 3559 ad
2748 3510 2870 3559 nos
2919 3500 2987 3558 et

729 3605 1090 3670 Romanam
1123 3596 1489 3664 Ecclesiam
1519 3598 1767 3664 habere
1799 3605 2168 3682 noscuntur,
2210 3597 2495 3667 sentiant
2527 3599 2658 3666 sibi
2692 3597 2984 3666 fauorem

731 3710 1183 3799 Apostolicum
1234 3725 1361 3773 non
1405 3705 1727 3774 modicum
1775 3707 2181 3792 accreuisse;
2232 3705 2329 3773 eis
2363 3725 2478 3792 per
2514 3712 2773 3775 nostras
2805 3704 2990 3773 duxi·

735 3839 876 3888 mus
907 3818 1161 3885 litteras
1213 3813 1682 3901 indulgendum
1708 3866 1725 3900 ,
1773 3821 1844 3884 vt
1873 3814 2090 3884 nullus
2131 3812 2488 3900 Delegatus
2535 3813 2643 3882 vel
2681 3812 2989 3884 Subdele-

733 3935 944 4016 gatus,
1001 3927 1344 4011 Executor,
1399 3930 1511 3993 aut
1564 3924 1765 3992 etiam
1819 3924 2294 4006 Conseruator‚
2360 3923 2749 3990 auctoritate
2797 3922 2992 3992 Sedis

734 4036 1132 4126 Apostolice,
1166 4035 1269 4102 uel
1302 4035 1698 4122 Legatorum
1734 4033 1965 4120 ipsius,
2002 4032 2068 4099 in
2101 4051 2237 4118 eos,
2286 4031 2392 4098 uel
2423 4030 2789 4100 Ecclesiam
2821 4032 2993 4120 ipso-

733 4165 874 4215 rum
928 4143 1639 4228 excommunicationis,
1694 4140 2164 4228 suspensionis,
2214 4141 2319 4209 uel
2357 4139 2688 4209 interdicti
2738 4149 2993 4209 senten-

734 4259 862 4324 tias
898 4254 1330 4341 promulgare,
1385 4259 1497 4320 aut
1529 4250 1919 4319 interdicere
1945 4248 2107 4336 ipsis
2143 4250 2511 4335 ingressum
2544 4247 2847 4317 Ecclesie·
2882 4268 2992 4316 ua·

733 4359 895 4450 leat,
931 4362 1183 4447 absque
1216 4360 1487 4448 speciali
1509 4358 1817 4427 mandato
1849 4357 2039 4426 Sedis
2071 4358 2385 4443 eiusdem,
2425 4358 2709 4425 faciente
2730 4356 2993 4445 plenam

736 4479 801 4538 et
828 4489 1204 4558 expressam
1239 4468 1322 4535 de
1358 4467 1767 4553 ingulgentia
1800 4465 2169 4534 huiusmodi
2205 4469 2618 4533 mentionem.
2667 4464 2995 4545 Quocirca

739 4578 1117 4647 discretioni
1152 4585 1367 4646 uestre
1406 4596 1524 4665 per
1543 4575 1929 4663 Apostolica
1959 4575 2203 4662 scripta
2225 4573 2634 4661 mandamus,
2670 4581 2996 4659 quatenus

744 4686 954 4756 dictos
975 4688 1543 4773 Archiepicopum,
1578 4683 1948 4772 Capitulum
1970 4691 2032 4752 et
2052 4683 2418 4754 Ecclesiam
2439 4704 2569 4754 non
2601 4684 2999 4773 permittatis
