3359 5250
1872 343 2005 411 506

816 545 1055 613 ditaria
1074 544 1381 611 Cumlous
1414 547 1657 609 uocata
1674 542 1859 608 iuxta
1881 560 2119 626 aquam
2141 539 2331 625 Topl,
2363 539 2726 626 Ooprucha,
2746 537 3073 623 Ohepzeu,

816 653 1138 737 Gumlous,
1191 652 1488 737 Cheruyz
1523 659 1588 719 et
1620 649 1951 718 Gerendul
2000 647 2321 715 existento
2356 648 2571 715 nullus
2603 664 2933 730 agrauare
2964 642 3072 709 de·

815 762 969 828 beat
1000 762 1107 828 uel
1130 765 1483 848 presumat.
1523 762 1607 826 Vt
1628 767 1846 827 autem
1868 759 2193 847 premissa
2225 765 2373 824 rata
2391 757 2756 824 habeantur
2776 760 2843 821 et
2860 753 3069 835 firma,

815 877 1148 956 presentes
1182 870 1440 936 litteras
1489 868 1786 936 dedimus
1821 867 2022 953 sigilli
2056 867 2263 935 nostri
2302 864 2659 932 munimine
2708 863 3072 930 roboratas.

814 981 1054 1047 Datum
1089 979 1155 1044 in
1185 979 1383 1046 Portu
1415 979 1740 1063 Equorum
1773 977 1839 1042 in
1874 975 2127 1044 octauis
2160 973 2384 1042 Sancti
2418 970 2675 1040 Martini
2719 970 3073 1037 millesimo

814 1085 947 1153 00⁰
966 1088 1045 1153 L⁰
1074 1107 1263 1156 nono.

818 1280 1028 1350 (lstvan
1055 1283 1229 1352 ifjabb
1256 1279 1437 1350 kiraly
1469 1284 1691 1337 1264·Βί
1719 1280 2011 1335 atiratabol
2037 1297 2071 1333 a
2095 1281 2261 1333 budai
2288 1282 2389 1332 kir.
2418 1281 2664 1332 kamarai
2690 1275 3077 1337 leveltfirban.)

1659 1568 2191 1584 -νο--ῄ-ψ--ινυ-η

1878 2093 2034 2163 358.

825 2291 1041 2359 Istud-n
1074 2294 1272 2378 {tjabb
1302 2295 1507 2380 hircily
1541 2294 1924 2359 Iloholdnalc
1962 2295 2325 2378 vimaadja
2359 2320 2403 2359 a
2433 2293 2550 2359 εὔιε
2587 2294 2761 2358 elvett
2776 2288 3083 2377 fo'ldeket.

1855 2402 2047 2468 1259.

1042 2597 1503 2687 (S)Tepbanus
1523 2601 1649 2668 Dei
1671 2602 1899 2686 gracia
1919 2602 2057 2669 Rex
2078 2600 2549 2689 primogenitus
2573 2597 2857 2667 Illustris
2878 2596 3082 2682 Regis

825 2709 1163 2794 Hungarie
1183 2716 1248 2777 et
1267 2711 1415 2776 Dux
1436 2710 1633 2778 Stirie
1666 2710 1990 2778 vniuersis
2012 2709 2252 2779 Christi
2274 2710 2575 2778 fidelibus
2607 2714 2946 2796 presentes
2982 2705 3082 2772 lit·

827 2824 1004 2885 teras
1030 2817 1422 2904 inspecturis
1444 2820 1722 2886 salutem
1745 2819 1810 2886 in
1831 2821 2115 2887 omnium
2137 2820 2488 2887 saluatore.
2517 2819 2623 2886 Ad
2641 2817 2918 2904 Regiam
2940 2835 3074 2903 per·

822 2924 987 2992 tinet
1016 2925 1442 3012 Maiestatem,
1476 2947 1670 3012 aqua
1695 2929 1854 3014 jura
1871 2930 2012 2997 Deo
2030 2928 2355 2996 tribuente
2390 2925 2792 3014 prodierunt,
2832 2924 3078 2993 vnicui·

826 3053 954 3120 que
971 3034 1247 3103 reddere
1265 3056 1387 3103 sua
1394 3038 1575 3123 jura,
1597 3045 1664 3105 et
1686 3036 1898 3105 facere
1918 3037 2197 3105 subditis
2218 3037 2562 3124 iusticiam,
2587 3057 2713 3123 que
2733 3034 2912 3102 sedis
2934 3036 3081 3101 eius

827 3148 929 3208 est
957 3144 1307 3229 correccio,
1341 3164 1420 3211 ne
1443 3143 1733 3232 Regibus
1765 3147 1835 3212 in
1854 3147 2011 3232 jure
2031 3154 2094 3214 et
2116 3145 2392 3231 justicia
2415 3146 2865 3215 deficientibus
2882 3145 3081 3212 facile

828 3251 1127 3319 trahatur
1159 3252 1242 3319 ab
1277 3255 1428 3340 alijs
1479 3255 1913 3342 perniciosum
1945 3256 2337 3343 exemplum.
2396 3254 2680 3324 Proinde
2712 3255 2800 3322 ad
2827 3253 3082 3321 vniuer-

826 3378 1044 3428 sorum
1078 3362 1386 3432 noticiam
1406 3365 1636 3432 harum
1669 3364 1840 3432 serie
1871 3364 2299 3450 declaramus,
2333 3364 2506 3450 quod
2539 3364 2813 3433 dilectus
2834 3370 2901 3431 et
2928 3360 3082 3430 fide-

830 3467 915 3535 lis
947 3477 1171 3539 noster
1201 3471 1539 3539 Hoholdus
1590 3490 1715 3539 sua
1744 3471 1935 3539 nobis
1969 3471 2431 3555 conquestione
2481 3468 2979 3555 demonstrauit,
3012 3473 3083 3534 vt

833 3575 1152 3662 quasdam
1204 3585 1410 3647 terras
1443 3599 1600 3647 suas
1650 3578 1957 3665 emptieie
2007 3587 2423 3666 comparatas
2461 3586 2650 3666 pater
2679 3585 2901 3646 noster
2930 3577 3080 3644 Illu-

830 3683 982 3751 stris
1031 3687 1195 3753 Bela
1244 3689 1384 3755 Rex
1448 3687 1976 3757 oblocueionibus
2039 3687 2446 3756 inimicorum
2500 3706 2765 3756 suorum
2816 3683 3083 3753 fecisset

830 3791 1070 3862 auferri
1120 3794 1298 3862 nullo
1351 3813 1622 3882 prorsus
1667 3796 1838 3880 juris
1890 3795 2118 3864 ordine
2168 3796 2552 3881 obseruat03
2604 3814 2800 3881 super
2846 3793 3085 3878 quibus

832 3900 1038 3968 eciam
1071 3902 1247 3969 idem
1277 3905 1468 3972 nobis
1518 3903 1812 3970 exhibuit
1843 3905 2259 3991 priuilegium
2291 3901 2554 3971 Andree
2583 3904 2788 3990 Regis
2832 3902 2943 3970 aui
2976 3924 3081 3970 no·

831 4009 950 4077 stri
981 4009 1203 4078 inclite
1252 4010 1762 4098 recordacionis,
1817 4019 1880 4079 et
1912 4014 2144 4079 iterum
2195 4013 2376 4080 aliud
2422 4012 2839 4100 priuilegium
2870 4012 3081 4078 karis-

830 4116 981 4187 simi
1013 4118 1220 4205 patris
1251 4120 1454 4187 nostri
1504 4139 1702 4207 super
1733 4120 2233 4188 confirmacione
2282 4119 2521 4207 prioris
2570 4119 2902 4207 priuilegij
2934 4141 3083 4189 con·

831 4229 1109 4313 fectum;
1141 4228 1209 4295 in
1240 4227 1476 4313 quibus
1510 4226 1771 4314 plenius
1799 4227 2268 4316 continebatur,
2305 4228 2480 4315 quod
2509 4227 2839 4316 predictas
2868 4234 3080 4295 terras

832 4336 1063 4404 Comes
1094 4334 1433 4404 Hoholdus
1483 4336 1652 4402 bone
1678 4337 2010 4422 memorie,
2062 4345 2251 4423 pater
2297 4335 2575 4425 predicti
2607 4335 2908 4420 Magistri
2954 4336 3087 4403 Ho-

831 4442 1034 4531 holdy
1065 4442 1237 4513 iusto
1269 4444 1456 4514 titulo
1479 4444 1833 4531 empcionis
1863 4451 2276 4533 conpararat.
2298 4446 2435 4516 Nos
2454 4446 2653 4533 igitur
2682 4453 2910 4514 tenore
2941 4463 3083 4529 pre·

833 4551 1148 4621 dictorum
1182 4551 1675 4639 priuilegiorum
1708 4552 2098 4638 diligencius
2131 4554 2448 4642 inspecto,
2506 4562 2571 4622 et
2603 4553 2760 4639 quia
2790 4573 2910 4641 per
2941 4552 3089 4619 soli-

834 4660 1186 4728 citudinem
1237 4668 1457 4729 nostre
1509 4662 1922 4732 Excellencie
1972 4665 2316 4753 vnicuique
2366 4663 2468 4734 ins
2520 4682 2703 4729 suum
2754 4668 3092 4730 teneamur
