3359 5250
1796 343 1925 410 144

1789 910 1901 979 97.

718 1095 780 1160 A
810 1092 1188 1161 kermtesek
1206 1087 1743 1176 szstoefehe’rvdri
1771 1090 2213 1180 konvem'btek
2233 1089 2779 1179 bizonysdqlevolo,
2813 1093 2979 1180 hoqy

716 1200 971 1290 Hipolit
1002 1199 1282 1269 kanak
1293 1199 1398 1285 fia
1428 1199 1642 1265 mohac·
1676 1198 1959 1264 bio-tolcae
1989 1198 2377 1265 Konstantia
2395 1195 2740 1284 seledo-miri
2791 1200 2978 1265 kano·
3106 1263 3115 1272 ,

1471 1305 1727 1373 nolonak
1757 1305 1996 1373 cladta.
2029 1307 2226 1372 1243.

931 1504 1071 1572 Nos
1103 1500 1481 1569 Oonuentus
1514 1499 1818 1567 Fratrum
1850 1501 2101 1569 Domus
2144 1499 2513 1587 Hospitalis
2557 1499 2640 1568 de
2667 1499 2863 1586 Alba,
2913 1509 2979 1569 et

715 1612 1031 1696 Magister
1046 1608 1429 1677 Ambrosius
1460 1606 1785 1676 Budensis
1817 1607 2184 1677 Canonicus
2206 1606 2553 1676 Generalis
2583 1609 2977 1677 Procurator

716 1717 1012 1787 eiusdem
1041 1717 1291 1785 Domus
1322 1716 1533 1782 vicem
1562 1715 1868 1799 Magistri
1896 1714 2331 1784 Prouincialis
2362 1734 2619 1801 gerens,
2650 1715 2977 1802 significa-

717 1844 860 1893 mus
896 1823 1220 1892 vniuersis
1272 1828 1609 1909 presentes
1663 1822 1919 1891 litteras
1969 1822 2381 1911 inspecturis,
2432 1823 2610 1907 quod
2656 1822 2977 1892 accedens

717 1929 806 2000 ad
837 1950 956 1999 nos
988 1928 1264 2016 Ipolitus
1313 1928 1486 1996 filius
1520 1927 1684 1996 Owk
1714 1929 2058 2016 proposuit
2108 1948 2330 1998 coram
2363 1928 2554 1997 nobis
2605 1929 2760 1998 uiua
2791 1950 2975 2014 uoce,

717 2038 892 2124 quod
921 2058 1071 2106 cum
1121 2055 1443 2104 consensu
1474 2037 1740 2122 cognati
1788 2037 1894 2104 sui
1923 2036 2113 2103 Pauli
2163 2035 2280 2121 filij
2313 2035 2558 2125 Tarka,
2611 2038 2725 2123 qui
2767 2039 2977 2105 eciam

715 2144 1152 2230 personaliter
1186 2142 1416 2229 astitit,
1467 2150 1534 2210 et
1574 2141 1750 2210 idem
1800 2142 2178 2229 affirmauit,
2228 2149 2435 2213 totam
2478 2151 2723 2213 terram
2767 2165 2975 2229 suam,

675 2278 679 2282 ·
716 2270 838 2318 nec
868 2270 999 2318 non
1045 2250 1350 2332 fenetum,
1407 2255 1473 2315 et
1502 2248 1717 2318 locum
1751 2248 2124 2334 molendini,
2176 2267 2257 2315 ac
2290 2268 2548 2316 omnem
2600 2251 2975 2336 porcionem

715 2357 1170 2446 possessionis,
1194 2377 1392 2442 quam
1412 2356 1702 2424 habebat
1730 2359 1800 2424 in
1828 2358 2029 2427 Moha
2049 2376 2454 2426 communem
2486 2378 2637 2427 cum
2667 2357 2841 2427 dicto
2874 2380 2977 2429 co·

716 2471 917 2551 gnato
945 2484 1064 2533 suo
1094 2462 1326 2550 Paulo,
1379 2484 1498 2533 seu
1530 2463 1817 2533 diuisam
1847 2472 1915 2532 et
1943 2470 2312 2551 separatam
2343 2465 2431 2533 ab
2463 2464 2718 2552 eodem,
2748 2466 2975 2534 vendi-

715 2571 925 2642 disset
974 2591 1094 2660 pro
1144 2570 1488 2641 duodecim
1549 2571 1789 2640 marcis
1842 2578 2116 2658 argento
2168 2573 2487 2658 Magistro
2539 2572 2971 2642 Constantino

714 2679 989 2749 Albensi
1039 2679 1371 2748 Canonico
1426 2680 1615 2746 metis
1645 2679 1934 2765 undique
1986 2680 2273 2766 antiquis
2323 2680 2753 2767 assignatam,
2805 2701 2974 2752 com·

717 2787 1038 2854 metaneis
1069 2789 1139 2854 in
1171 2786 1561 2854 circuicione
1610 2786 1786 2854 dicte
1818 2795 1989 2857 terre
2021 2787 2311 2873 undique
2342 2789 2877 2875 comparentibus
2908 2798 2976 2859 et

715 2914 847 2963 non
875 2893 1484 2980 contradicentibus,
1521 2895 1689 2961 sicut
1708 2896 2143 2985 patuit-Jnobjs
2176 2915 2293 2983 per
2312 2895 2641 2965 hominem
2679 2905 2975 2967 nostrum

712 3000 1117 3087 fidedignum
1164 3019 1362 3087 super
1391 3001 1610 3088 ipsam
1659 3008 1899 3070 terram
1929 2985 2368 3084 destinatum3
2419 3005 2711 3090 precium
2761 3005 2974 3073 eciam

717 3109 1011 3178 eiusdem
1060 3114 1230 3177 terre
1281 3107 1495 3176 dictus
1525 3110 1807 3196 Ipolitus
1860 3109 2197 3177 confessus
2230 3115 2332 3177 est
2361 3130 2453 3178 se.
2466 3112 2752 3179 totaliter
2799 3131 2974 3180 rece·

712 3219 913 3304 pisse,
945 3216 1186 3305 partim
1216 3215 1286 3283 in
1316 3217 1515 3284 rebus
1547 3235 1664 3305 per
1682 3219 1861 3286 viros
1893 3217 2167 3286 idoneos
2201 3217 2593 3306 estimatam,
2631 3218 2874 3304 partim
2903 3220 2974 3288 in

713 3330 1005 3408 argento.
1058 3320 1532 3406 obligauerunt
1581 3325 1850 3410 insuper
1880 3343 1971 3410 se,
2013 3329 2080 3391 et
2109 3345 2230 3392 sua
2261 3325 2456 3410 bona,
2506 3333 2575 3393 et
2604 3345 2759 3394 suos
2790 3326 2973 3394 here-

712 3431 851 3516 des,
883 3429 1164 3515 Ipolitus
1198 3429 1504 3497 videlicet
1554 3437 1620 3497 et
1651 3430 1899 3497 Paulus
1949 3429 2309 3517 supradicti
2362 3432 2560 3498 simul
2608 3439 2674 3498 et
2703 3432 2770 3498 in
2825 3433 2975 3500 soli-

713 3539 886 3624 dum,
937 3537 1114 3624 quod
1143 3538 1202 3604 si
1233 3555 1546 3623 processu
1593 3535 1909 3623 temporis
1940 3556 1982 3602 a
2013 3536 2332 3621 Magistro
2365 3536 2792 3607 Constantino
2841 3539 2975 3625 ipsi

708 3646 1189 3731 possessionem
1223 3649 1450 3727 totam,
1485 3650 1600 3710 aut
1628 3650 1885 3730 partem
1918 3643 2214 3712 eiusdem
2232 3645 2564 3733 quispiam
2595 3646 2972 3732 requireret,

707 3752 899 3820 ambo
929 3752 1063 3839 ipsi
1095 3772 1242 3819 eam
1293 3750 1505 3817 modis
1537 3751 1842 3818 omnibus
1888 3770 2041 3818 cum
2078 3752 2364 3838 propriis
2396 3754 2704 3838 expensis
2753 3753 2973 3824 defen·

707 3861 862 3929 dere
893 3869 958 3929 et
986 3860 1266 3929 liberare
1298 3861 1734 3947 tenebuntur;
1789 3860 2086 3946 alioquin
2116 3860 2334 3947 ipsam
2365 3862 2731 3949 pecuniam,
2781 3870 2845 3930 et
2873 3868 2971 3932 to-

705 3975 840 4037 tum
873 3969 1165 4037 valorem
1191 3969 1611 4053 edificiorum,
1645 3989 1725 4035 ac
1750 3988 1977 4038 omnes
2009 3970 2177 4036 alias
2198 3988 2545 4056 expensas,
2579 3988 2746 4053 quas
2778 3969 2972 4037 inter·

709 4077 863 4145 dum
897 4078 1109 4145 dictus
1131 4077 1450 4162 Magister
1477 4076 1730 4163 fecerit,
1764 4076 1979 4145 eidem
2016 4075 2099 4145 de
2131 4078 2285 4164 aliis
2318 4077 2504 4147 bonis
2534 4097 2758 4146 eorum
2789 4077 2970 4145 resti-

703 4192 906 4272 tuent,
938 4184 1205 4252 racione
1225 4183 1524 4268 qualibet
1553 4204 1686 4253 non
1707 4183 2035 4253 obstante.
2076 4184 2216 4253 Nos
2244 4185 2447 4272 igitur
2464 4185 2553 4253 ad
2580 4185 2972 4273 peticionem

703 4301 769 4363 et
798 4292 1191 4362 instanciam
1210 4291 1553 4378 utriusque
1572 4293 1807 4380 partis,
1843 4292 1997 4378 quia
2015 4293 2348 4381 proprium
2367 4292 2659 4379 sigillum
2676 4300 2968 4362 nostrum

702 4410 842 4471 erat
872 4401 941 4467 in
971 4399 1302 4468 maritima
1321 4407 1591 4489 propter
1611 4408 1851 4469 metum
1871 4405 2317 4489 Tartarorum,
2350 4401 2604 4471 litteras
2626 4410 2964 4490 presentes

702 4505 1038 4597 sepedicto
1058 4506 1376 4592 Magistro
1398 4506 1831 4577 Constantino
1863 4511 2305 4579 concessimus
2323 4511 2393 4578 in
2423 4509 2870 4579 testimonium
2902 4517 2970 4577 et

703 4620 1085 4707 perpetuam
1132 4613 1525 4701 firmitatem,
1580 4617 1804 4687 fratris
1834 4618 2089 4687 Juliani
2137 4618 2467 4704 custodis,
2517 4617 2744 4687 fratris
2793 4617 2971 4686 che
