3359 5250
1372 275 1580 373 -,-„1⁷7

383 478 827 557 augmentum,
862 477 929 540 et
959 471 1253 540 ordinem
1283 478 1576 540 vestrum
1611 473 2033 561 prerogativa
2062 473 2309 543 favoris
2340 483 2407 546 et
2435 478 2650 563 gratie

375 601 514 648 non
561 580 886 649 immerito
935 585 1425 668 prosequentes,
1479 601 1626 649 cum
1657 602 1702 648 a
1741 600 1861 650 sue
1907 582 2331 653 institutionis
2379 584 2652 655 exordio

372 689 831 757 laudabilibus
882 688 1191 756 continue
1239 688 1590 776 profecerit
1635 690 2075 778 incrementis,
2140 692 2349 781 ipsius
2399 695 2651 764 ordinis

382 800 631 866 cultum
661 797 1009 865 affectione
1057 798 1258 885 plena
1288 794 1644 884 diligimus,
1677 806 1746 867 et
1774 801 2072 888 cupimus
2118 822 2380 891 semper
2409 803 2649 874 votivis

378 905 446 973 in
499 909 780 976 Domino
834 908 1245 976 successibus
1295 906 1636 995 ampliari;
1691 907 1905 977 eidem
1951 910 2161 978 ordini
2211 912 2493 981 sollicite
2541 931 2643 980 cu·

378 1019 603 1082 rantes
634 1013 875 1101 inhiis,
909 1034 1038 1099 que
1069 1013 1367 1082 salubria
1394 1013 1606 1082 sibiet
1636 1020 1957 1102 oportuna
1987 1017 2468 1105 cognoscimus,
2499 1040 2644 1107 pro-

375 1122 621 1191 videre.
674 1120 836 1190 Cum
866 1121 1111 1210 itaque,
1166 1123 1335 1190 sicut
1359 1122 1553 1191 nobis
1585 1142 1911 1212 exponere
1943 1127 2314 1214 curavistis,
2371 1131 2461 1214 tu,
2515 1126 2644 1195 fra-

376 1240 475 1300 ter
507 1231 831 1320 Episcope
864 1252 945 1300 ac
974 1230 1310 1317 Magister,
1357 1236 1422 1297 et
1451 1230 1951 1319 predecessores
1991 1235 2085 1303 tui
2117 1233 2301 1303 iuxta
2345 1235 2638 1304 eiusdem

376 1341 630 1409 ordinis
685 1338 1221 1409 consuetudinem
1273 1340 1693 1410 observatam
1743 1342 2059 1412 hactenus
2098 1349 2164 1410 et
2195 1364 2238 1411 a
2269 1344 2441 1412 Sede
2471 1345 2642 1432 Apo-

377 1448 615 1518 stolica
660 1450 1028 1534 toleratam,
1082 1448 1305 1517 statim
1335 1455 1685 1536 postquam
1718 1451 1908 1519 electi
1963 1452 2320 1520 secundum
2365 1451 2642 1540 predicti

375 1558 886 1627 constituciones
918 1557 1167 1626 ordinis
1200 1556 1531 1643 extitistis,
1565 1557 1841 1628 fratrum
1869 1559 2077 1646 ipsius
2111 1580 2334 1628 curam
2364 1560 2641 1646 gesseri-

374 1666 486 1753 tis,
519 1665 888 1751 Magisterii
920 1664 1207 1734 officium
1236 1667 1434 1754 plene
1465 1687 1545 1735 ac
1576 1666 1781 1735 libere
1812 1667 1880 1734 in
1907 1669 2208 1737 omnibus
2242 1675 2637 1756 exercentes,

374 1771 706 1860 iidemque
735 1773 974 1841 fratres
996 1773 1185 1842 vobis
1219 1771 1454 1842 devote
1474 1793 1554 1842 ac
1582 1775 1919 1842 humiliter
1950 1772 2313 1844 obedierint
2345 1783 2411 1845 et
2436 1774 2632 1843 inten-

376 1882 589 1950 derint
625 1888 1032 1967 reverenter;
1086 1889 1152 1950 et
1184 1882 1252 1948 in
1282 1881 1513 1950 eodem
1566 1883 1797 1951 ordine
1828 1883 1916 1950 sit
1947 1890 2285 1970 statutum,
2337 1891 2408 1951 ut
2436 1884 2643 1969 Magi-

377 2002 510 2059 ster
539 1989 771 2077 ipsius,
825 1990 938 2076 qui
968 2010 1086 2076 pro
1118 1994 1408 2075 tempore
1453 1989 1673 2076 fuerit,
1707 2012 1751 2058 a
1781 1990 2148 2076 magisterii
2201 1991 2413 2059 officio
2466 2010 2641 2059 amo-

376 2101 515 2167 veri
564 2100 786 2168 valeat
814 2120 858 2166 a
908 2098 1369 2167 diffinitoribus
1421 2100 1706 2187 Capituli
1739 2101 2121 2187 Generalis5
2171 2121 2291 2170 nos
2345 2101 2639 2170 volentes

378 2227 637 2276 omnem
668 2207 1117 2293 ambiguitatis
1150 2207 1527 2294 scrupulum
1556 2207 1627 2275 in
1657 2208 1784 2278 hac
1814 2215 2002 2296 parte
2032 2207 2117 2278 de
2159 2208 2398 2277 vestris
2431 2208 2639 2276 cordi-

378 2317 497 2384 bus
529 2324 894 2405 amputare,
927 2337 1008 2385 ac
1038 2317 1331 2386 ordinem
1362 2318 1580 2405 ipsum
1613 2340 1656 2386 a
1687 2318 1860 2387 Sede
1892 2319 2278 2407 Apostolica
2316 2318 2641 2407 approba-

376 2431 533 2509 tum,
568 2426 801 2493 eadem
852 2428 1195 2494 honestate
1222 2425 1542 2513 floridum,
1592 2427 1966 2515 preclarum
1995 2427 2274 2496 scientia
2306 2435 2374 2495 ct
2401 2425 2639 2494 virtute

378 2533 744 2620 fecundum,
775 2535 1122 2623 privilegio
1154 2536 1533 2623 Apostolice
1563 2536 1790 2620 gracie
1821 2537 2123 2606 attollere
2161 2535 2503 2623 singulari,
2534 2554 2640 2602 ve·

379 2646 530 2713 stris
581 2643 1173 2733 supplicationibus
1205 2645 1522 2730 inclinati,
1574 2653 1645 2713 ut
1675 2666 2091 2715 successores
2142 2649 2257 2733 tui,
2301 2647 2639 2731 Magister,

379 2755 489 2839 qui
519 2761 710 2820 erunt
738 2773 859 2841 pro
888 2759 1200 2838 tempore,
1233 2753 1455 2822 statim
1486 2759 1835 2841 postquam
1872 2756 2061 2823 electi
2093 2756 2449 2824 secundum
2486 2773 2635 2821 con·

379 2863 748 2931 stitutiones
795 2862 1036 2930 fuerint
1085 2862 1519 2949 supradictas,
1575 2883 1654 2931 eo
1685 2864 1832 2952 ipso
1865 2866 2003 2933 veri
2037 2862 2331 2934 eiusdem
2387 2863 2639 2933 ordinis

380 2973 597 3040 effecti
628 2970 947 3058 Magistri,
983 2990 1206 3038 curam
1236 2970 1600 3040 animarum
1619 2971 1892 3041 fratrum
1922 2973 2132 3060 ipsius
2164 2973 2412 3041 ordinis
2443 2972 2636 3059 plene

380 3081 670 3149 habeant
700 3086 765 3146 et
795 3080 1002 3147 libere
1031 3084 1285 3166 gerant,
1338 3080 1651 3166 ipsosque
1682 3079 1920 3148 fratres
1951 3081 2340 3148 auctoritate
2369 3077 2639 3165 propria

379 3187 591 3273 ligare
623 3207 706 3254 ac
734 3187 993 3255 solvere
1011 3189 1298 3271 valeant,
1329 3206 1451 3255 nec
1482 3208 1613 3256 non
1635 3187 1705 3253 in
1737 3185 1967 3255 eodem
1997 3205 2196 3272 agere
2227 3184 2477 3272 ordine,
2510 3200 2639 3268 que

378 3296 510 3383 ipsi
541 3300 609 3363 et
639 3294 880 3383 prefati
912 3295 1296 3363 diffinitores
1314 3296 1498 3363 iuxta
1530 3301 1926 3364 memoratas
1959 3294 2452 3364 constitutiones
2471 3292 2636 3360 eius-

382 3404 531 3471 dem
585 3403 798 3470 ordini
827 3410 896 3470 et
940 3403 1254 3471 fratribus
1302 3401 1661 3471 secundum
1712 3404 1921 3471 Deum
1969 3402 2253 3473 viderint
2307 3401 2636 3489 expedire,

382 3512 682 3596 aliasque
712 3509 1079 3596 Magisterii
1111 3509 1397 3580 officium
1417 3510 1599 3579 licite
1627 3512 1695 3579 in
1728 3511 2026 3579 omnibus
2047 3529 2370 3595 exercere,
2409 3508 2638 3576 iidem·

380 3641 506 3707 que
554 3622 794 3688 fratres
843 3618 992 3705 sibi,
1042 3619 1379 3705 Magister,
1434 3626 1501 3687 et
1549 3620 2038 3688 successoribus
2087 3618 2252 3706 ipsis
2294 3619 2527 3685 devote
2558 3635 2639 3683 ac

380 3726 716 3796 humiliter
761 3727 1075 3796 obediant
1104 3734 1170 3796 et
1201 3726 1564 3815 intendant,
1621 3734 1688 3796 et
1715 3727 1961 3817 prefati
2010 3746 2419 3795 successores
2452 3731 2518 3792 et
2545 3730 2636 3810 tu,

380 3836 720 3921 Magister,
753 3857 797 3903 a
827 3834 1285 3905 diffinitoribus
1318 3835 1608 3926 Capituli
1640 3835 1983 3906 Generalis
2013 3835 2222 3923 ipsius
2264 3833 2512 3903 ordinis
2544 3851 2640 3899 se-

382 3943 665 4014 cundum
697 3945 945 4015 ordinis
964 3946 1459 4015 constitutiones
1488 3943 1784 4014 eiusdem
1805 3944 2063 4014 absolvi
2091 3950 2158 4011 et
2187 3943 2474 4012 amoveri
2494 3958 2639 4028 pos-

381 4055 547 4143 sitis,
583 4054 977 4122 auctoritate
1007 4054 1423 4143 presencium
1452 4055 1771 4123 habentes
1800 4061 2014 4122 ratum
2045 4058 2113 4120 et
2140 4050 2415 4136 firmum,
2465 4049 2639 4133 quic-

381 4161 543 4250 quid
578 4182 776 4250 super
810 4162 1147 4251 premissis
1178 4183 1294 4251 per
1329 4169 1416 4249 te,
1460 4163 1799 4251 Magister,
1852 4162 2192 4247 dictosque
2227 4159 2640 4248 predecesso-

382 4292 509 4357 res,
546 4271 781 4340 fratres
812 4278 879 4341 et
907 4272 1295 4341 diffinitores
1335 4273 1582 4340 factum
1612 4276 1678 4338 et
1710 4271 2130 4341 obseruatum
2149 4276 2250 4337 est
2279 4269 2634 4353 hactenus;

384 4397 703 4447 concessa
751 4378 873 4448 tibi
903 4380 1269 4466 exequendi
1297 4379 1663 4467 Magisterii
1712 4378 2014 4463 officium,
2067 4376 2284 4463 quoad
2314 4374 2640 4463 premissa

383 4487 609 4555 omnia
637 4494 704 4556 et
751 4486 891 4555 alia
916 4487 1131 4557 libera
1160 4487 1492 4573 facultate,
1543 4488 1627 4555 de
1655 4487 1931 4556 fratrum
1970 4492 2338 4555 nostrorum
2367 4484 2639 4553 consilio

377 4594 818 4681 indulgemus.
851 4596 1033 4666 Nulli
1065 4616 1223 4683 ergo
1254 4597 1522 4667 omnino
1541 4596 1876 4667 hominum
1907 4594 2106 4665 liceat
2134 4595 2307 4663 hanc
2327 4593 2641 4682 paginam

472 4731 679 4771 nom.
710 4733 876 4772 nnus.
908 4734 1048 4771 mur.
1089 4744 1162 4755 —
1200 4735 1344 4772 nm..
1380 4726 1447 4767 18.
2237 4713 2315 4769 12
