3359 5250
1811 289 1967 404 ι474

769 549 979 626 mete;
1012 538 1252 609 exinde
1283 536 1645 627 procedens
1678 536 1893 607 adhuc
1925 538 2170 607 directe
2202 538 2288 606 ad
2321 539 2695 626 aquilonem
2732 559 2853 629 per
2881 539 3023 628 pla-

767 651 1003 720 niciem
1033 645 1386 736 quandam,
1420 645 1712 714 declinat
1741 646 1808 714 in
1827 647 2070 715 vallem
2102 668 2320 733 unam,
2355 648 2467 717 ubi
2497 654 2652 718 sunt
2671 648 2801 717 due
2830 654 3027 734 mete,

766 761 837 829 in
866 779 1001 828 una
1032 756 1234 846 pirus,
1287 756 1424 823 alia
1453 753 1867 843 graminosa3
1919 754 2161 824 abinde
2199 774 2553 845 parumper
2600 756 3029 843 progrediens

766 871 836 938 in
867 869 1046 937 dicta
1076 865 1272 950 valle,
1305 863 1509 933 intrat
1530 864 1907 952 virgultum,
1948 865 2113 933 etin
2144 866 2373 935 eodem
2404 866 2687 953 virgulto
2716 872 2867 935 sunt
2897 866 3028 936 due

766 985 959 1062 mete,
1007 976 1079 1044 in
1111 996 1245 1043 una
1274 974 1479 1062 pirus,
1534 975 1748 1043 altera
1799 972 2115 1062 dumosa3
2170 974 2325 1043 hinc
2357 976 2493 1044 exit
2536 976 2893 1062 virgultum
2934 975 3027 1043 ad

766 1089 1001 1173 locum,
1051 1086 1165 1172 qui
1194 1085 1484 1172 Nogscel
1534 1084 1790 1170 dicitur,
1841 1084 1954 1153 vbi
1991 1091 2142 1152 sunt
2171 1084 2298 1153 due
2348 1092 2519 1153 mete
2568 1092 2818 1172 terree3
2868 1091 3026 1174 post

765 1198 888 1265 hec
935 1196 1136 1264 intrat
1168 1196 1344 1263 uiam
1374 1195 1610 1279 Naree,
1664 1213 1856 1263 secus
1890 1215 2087 1282 quam
2120 1201 2270 1261 sunt
2307 1194 2435 1263 due
2479 1200 2669 1280 mete,
2719 1194 2905 1262 vadit
2951 1192 3024 1260 in

769 1304 1001 1374 eadem
1032 1303 1144 1372 uia
1176 1302 1366 1371 metis
1398 1301 1720 1370 distinctis
1750 1302 1945 1370 certis
1994 1302 2159 1372 locis
2208 1322 2416 1389 usque
2466 1309 2674 1370 metas
2702 1302 2857 1370 ville
2887 1302 3023 1369 Na-

763 1434 892 1502 ree,
946 1424 1012 1484 et
1040 1414 1134 1483 ibi
1166 1436 1210 1482 a
1239 1419 1416 1480 terra
1445 1410 1766 1500 Stephani
1819 1410 1935 1498 filij
1970 1412 2291 1501 Stephani
2340 1417 2723 1498 separatum
2778 1409 3022 1478 deinde

766 1524 943 1592 uenit
972 1523 1059 1590 ad
1089 1519 1421 1609 quoddam
1454 1527 1712 1610 pratum
1744 1520 1832 1588 ad
1862 1528 2104 1590 terram
2135 1521 2454 1589 dictorum
2491 1520 2848 1605 Benedicti,
2889 1522 3021 1588 Da-

765 1633 898 1700 niel
933 1639 999 1700 et
1029 1633 1297 1716 Thome,
1329 1630 1442 1698 vbi
1474 1629 1543 1698 in
1576 1627 1789 1697 dumis
1822 1628 2136 1698 salicibus
2167 1637 2318 1699 sunt
2348 1630 2475 1698 due
2507 1636 2717 1715 mete;
2768 1637 2835 1697 et
2862 1629 3023 1697 inde

765 1762 884 1829 per
913 1748 1124 1810 metas
1175 1739 1485 1827 antiquas
1538 1739 1834 1809 eiusdem
1865 1746 2035 1809 terre
2063 1741 2305 1828 vbique
2344 1742 2561 1827 binas,
2612 1748 2782 1810 mete
2813 1740 3023 1829 priori

764 1851 1163 1920 terminatur.
1214 1853 1290 1917 In
1323 1849 1506 1917 cuius
1537 1849 1634 1917 rei
1686 1849 2066 1917 memoriam
2097 1851 2457 1939 pleniorem
2505 1851 2593 1918 ad
2630 1850 3021 1938 peticionem

764 1960 1062 2050 parcium
1093 1960 1160 2027 in
1194 1959 1632 2028 testimonium
1680 1959 1779 2027 rei
1811 1966 1996 2046 geste
2027 1967 2365 2048 presentes
2394 1960 2649 2028 litteras
2696 1959 3020 2028 concessi-

764 2090 909 2138 mus
941 2068 1146 2155 sigilli
1178 2066 1383 2137 nostri
1417 2067 1769 2136 munimine
1806 2069 2171 2137 roboratas.
2204 2069 2387 2137 Luca
2407 2070 2838 2137 Procuratore
2868 2068 3019 2135 Pre-

764 2178 1056 2269 positure
1086 2176 1382 2247 Ecclesie
1430 2186 1651 2247 nostre
1683 2177 2028 2262 existente,
2083 2176 2371 2247 Oliuerio
2399 2177 2704 2265 Cantore,
2756 2175 3022 2245 Ombud

765 2286 1067 2371 Custode,
1100 2287 1367 2356 Andrea
1402 2289 1695 2357 Decano.
1748 2290 1934 2357 Anno
1967 2288 2052 2355 ab
2083 2288 2548 2357 Incarnacione
2579 2288 2840 2355 Domini
2874 2285 3019 2354 mil-

761 2396 992 2466 lesimo
1021 2395 1468 2464 ducentesimo
1501 2396 2045 2485 quinquagesimo
2077 2397 2395 2487 septimo;
2445 2398 2649 2486 sigilli
2678 2395 2886 2465 nostri
2919 2394 3018 2462 in-

763 2506 1124 2572 nouacione
1156 2524 1325 2574 anno
1359 2504 1587 2592 primo.

1219 2687 1278 2754 A
1535 2687 1590 2755 B
1851 2686 1903 2754 G
2163 2689 2223 2755 D
2484 2689 2540 2758 E

932 2866 1032 2934 (Aa
1058 2868 1266 2924 eredeti
1289 2868 1426 2925 utba
1449 2862 1594 2925 Rath
1618 2866 1842 2939 xtroly,
1868 2872 2048 2926 Hasai
2072 2869 2413 2941 Okm‘nytir
2439 2873 2485 2926 1.
2510 2872 2628 2926 kot-
2655 2872 2744 2924 35.
2769 2871 2831 2938 l.)

1618 3161 2157 3174 m—

1811 3649 1965 3719 335.

760 3831 827 3898 A
858 3832 1266 3919 naqudradi
1293 3831 1596 3918 ka'ptalan
1626 3856 1668 3899 a
1702 3831 1975 3902 Chandd
2006 3833 2528 3922 namursdqbds'ek
2556 3833 2719 3900 kb‘ett‘
2750 3835 3019 3922 oeztdlyt

1522 3942 2000 4029 foqanatocitja.
2032 3940 2229 4009 1257.

972 4137 1111 4207 Nos
1130 4137 1500 4226 Capitulum
1519 4140 1816 4209 Ecclesie
1832 4139 2291 4212 Waradiensis
2313 4141 2757 4229 significamus
2774 4139 3015 4227 quibus

762 4246 1048 4333 expedit,
1102 4247 1278 4333 quod
1329 4246 1564 4324 Comes
1612 4250 1859 4318 Paulus
1907 4250 2080 4320 filius
2130 4249 2448 4339 Stephani
2494 4270 2578 4318 ex
2623 4267 2758 4317 vua
2800 4256 3011 4336 parte,

762 4355 1109 4426 Ladizlaus
1139 4362 1208 4424 et
1224 4357 1512 4426 Thomas
1541 4357 1661 4444 filij
1692 4359 2044 4446 Pangracii
2077 4357 2160 4429 de
2180 4379 2421 4446 genere
2440 4357 2720 4428 Chanad
2753 4376 2840 4425 ex
2874 4356 3014 4428 alin

759 4473 945 4554 parte
977 4468 1046 4536 in
1079 4466 1330 4536 octauis
1360 4469 1587 4537 Sancti
1607 4469 1874 4555 Georgij
1908 4489 2126 4538 coram
2155 4470 2347 4540 nohis
2366 4468 2721 4548 constituti,
2750 4466 3009 4538 litteras

760 4574 1005 4644 domini
1037 4574 1195 4644 Bcle
1225 4576 1508 4644 Illustris
1539 4576 1741 4663 Regis
1768 4578 2108 4664 Hungarie
2156 4577 2342 4647 nobis
2372 4576 2744 4671 obtuleruut
2787 4573 2859 4643 in
2885 4574 3009 4644 hec

758 4683 999 4753 verba:
