3359 5250
1847 323 1980 391 250

782 544 907 610 que
940 531 1127 611 parte
1159 520 1367 611 ipsius
1394 541 1564 604 aque
1596 528 1748 588 sunt
1774 520 1898 587 due
1931 526 2101 587 mete
2132 526 2363 605 terree,
2396 526 2460 586 et
2492 519 2620 587 due
2636 518 2821 586 ilices
2856 537 3047 586 eruce

780 632 1040 718 signate
1070 657 1086 718 ;
1123 632 1299 698 dicta
1330 649 1484 696 uero
1511 628 1806 716 Chemyz
1838 636 2129 716 tempore
2161 627 2433 715 pluuiali
2456 634 2556 694 est
2585 646 2854 711 aquosa,
2889 631 3044 695 tem·

782 760 942 828 pore
972 740 1180 807 estiuo
1211 740 1568 825 inaquosa;
1623 746 1689 805 et
1718 738 1869 805 inde
1921 757 2037 824 per
2068 736 2308 804 uallem
2343 735 2640 822 Chernyz
2690 736 2875 803 uadit
2923 758 3041 824 per

779 850 1043 933 longum
1074 847 1160 914 ad
1192 855 1431 914 metam
1464 853 1763 932 terream,
1817 848 2171 933 exiensque
2204 845 2288 913 de
2324 845 2476 932 ipsa
2508 847 2686 913 uallc
2736 845 2925 914 uadit
2953 847 3041 913 ad

778 957 995 1022 ilicem
1047 975 1234 1023 cruce
1285 955 1610 1041 signatam
1631 1009 1648 1043 ,
1703 962 1769 1022 et
1817 955 1905 1021 ad
1953 955 2155 1022 aliam
2206 956 2506 1022 arborem
2570 974 2758 1022 cruce
2825 954 3040 1039 signa-

778 1071 933 1150 tam,
966 1085 1092 1150 que
1120 1066 1320 1150 uulgo
1355 1069 1625 1154 qerchan
1672 1066 1950 1152 dicitur;
2006 1074 2070 1133 et
2117 1065 2270 1134 inde
2321 1084 2674 1153 parumper
2705 1064 2892 1132 uadit
2922 1084 3041 1151 per

624 1200 650 1207 -
780 1173 1054 1260 aridam,
1107 1180 1173 1241 et
1204 1174 1382 1241 cadit
1409 1174 1477 1240 in
1525 1174 1956 1260 Plytvicham,
2010 1179 2076 1241 et
2117 1174 2210 1241 ibi
2262 1180 2361 1241 est
2408 1174 2601 1240 arbor
2650 1199 2803 1261 eym-
2850 1193 3041 1242 cruce

781 1283 1064 1368 signata,
1120 1289 1186 1349 et
1217 1290 1392 1350 meta
1425 1290 1674 1369 terrea3
1729 1284 1800 1349 in
1830 1281 1977 1369 ipsa
2008 1290 2186 1349 meta
2217 1291 2320 1350 est
2348 1282 2483 1350 ilex
2516 1302 2704 1349 cruce
2755 1283 3039 1368 signata,

781 1398 846 1457 et
876 1392 1071 1459 arbor
1100 1405 1319 1478 yertan
1351 1411 1539 1459 cruce
1571 1393 1875 1476 signata;
1932 1399 1997 1458 et
2027 1391 2119 1458 ibi
2150 1392 2532 1459 terminatur
2563 1399 2740 1459 meta
2770 1390 3042 1458 Martini

782 1508 848 1567 et
880 1499 1149 1568 Comitis
1181 1499 1542 1585 Michaelis,
1575 1500 1672 1566 ita
1703 1500 1877 1584 quod
1916 1518 2139 1567 uersus
2173 1500 2487 1568 orientem
2543 1506 2647 1566 est
2674 1507 2849 1567 terra
2880 1500 3042 1566 Mar·

778 1608 916 1693 tini,
965 1628 1190 1677 uersus
1223 1609 1625 1678 occidentem
1656 1615 1835 1676 terra
1873 1608 2143 1675 Comitis
2173 1608 2553 1692 Michaelis5
2602 1614 2669 1674 et
2697 1608 2781 1675 de
2812 1608 3044 1675 ultima

778 1723 952 1785 meta
983 1717 1170 1785 uadit
1204 1715 1473 1784 inferius
1523 1718 1589 1784 in
1643 1736 1884 1801 aquam
1915 1715 2209 1800 Plytuiza
2265 1735 2384 1802 per
2432 1723 2672 1783 terram
2723 1717 3041 1803 sepedicti

778 1825 1042 1894 Martini
1079 1845 1285 1911 usque
1315 1833 1579 1914 pontem
1598 1827 1891 1912 Vychen,
1926 1834 1993 1893 et
2023 1825 2234 1893 dictus
2265 1845 2430 1913 pons
2464 1825 2652 1893 estin
2673 1832 2845 1893 terra
2875 1828 3042 1895 Mar-

778 1934 899 2002 tini
930 1953 1089 2019 sepe
1126 1933 1485 2019 memorati,
1539 1943 1605 2002 et
1650 1933 1748 2001 sic
1797 1934 2199 2001 terminatur.
2256 1931 2580 2012 Quoniam
2629 1934 2828 2019 igitur
2875 1934 3037 2003 iuris

777 2049 1285 2111 consentaneum
1317 2063 1463 2111 esse
1495 2042 1892 2129 perhibetur,
1944 2049 2014 2110 ut
2045 2043 2363 2128 quidquid
2392 2042 2575 2129 juste
2603 2042 2823 2129 agitur
2856 2049 2923 2109 et
2947 2043 3037 2109 le·

780 2152 1007 2237 gitime
1038 2150 1440 2237 terminatur,
1497 2159 1780 2237 nequeat
1830 2149 1948 2238 per
1998 2159 2294 2238 posteros
2327 2152 2396 2217 in
2435 2150 2687 2218 irritum
2720 2154 3039 2239 reuocari,

780 2259 869 2327 ad
899 2258 1290 2326 instanciam
1342 2266 1408 2327 et
1442 2260 1833 2348 peticionem
1878 2260 2172 2347 parcium
2211 2265 2551 2347 presentes
2602 2259 3039 2328 concessimus

778 2368 1032 2437 litteras
1085 2368 1290 2456 sigilli
1321 2371 1529 2440 nostri
1579 2369 1931 2438 munimine
1962 2370 2322 2440 roboratas.
2372 2368 2563 2436 Anno
2596 2369 2862 2438 Domini
2903 2371 3039 2438 mil-

775 2477 1006 2547 lesimo
1037 2477 1481 2550 ducentesimo
1501 2481 1647 2548 XL·
1679 2480 1977 2567 septime.

780 2661 1061 2729 (Eredetie
1090 2659 1420 2731 borhtrtyfin
1463 2679 1498 2716 a
1522 2662 1725 2718 fflmelt.
1765 2665 1856 2732 hg.
1883 2660 2180 2731 Batthyfini
2225 2660 2519 2716 csaladnak
2556 2663 2839 2716 kin-mendi
2881 2662 3044 2716 level-

1781 2751 2050 2821 taraban.)

1844 3423 1996 3493 174.

776 3608 1021 3675 Mar-2:02
1048 3618 1263 3673 mater
1294 3608 1529 3695 kirazffl·
1547 3580 1968 3694 famznokbak
2005 3606 2365 3672 inoezkedeze
2395 3606 2627 3672 roma
2675 3601 2868 3670 Mas-k
2899 3600 3041 3667 Aba

1544 3718 1644 3800 fia
1673 3715 2014 3781 &deke'bem
2047 3710 2242 3778 1247.

996 3894 1318 3976 Quoniam
1359 3897 1786 3963 humanorum
1820 3901 2081 3962 actuum
2115 3893 2349 3962 seriem
2380 3894 2645 3961 labente
2676 3900 3040 3979 temporum

775 4005 1097 4074 curriculo
1150 4004 1500 4074 obliuionis
1533 4004 1739 4072 nubes
1772 4004 2131 4088 obnubilat,
2184 4004 2628 4070 necessarium
2659 4007 2760 4070 est
2803 4022 3040 4070 memo-

772 4115 942 4182 riam
991 4133 1210 4182 eorum
1260 4113 1477 4181 viuaoi
1510 4113 1883 4181 testimonio
1936 4113 2298 4180 litterarum
2355 4108 2837 4179 commendare.
2889 4112 3041 4179 Pro·

772 4221 925 4289 inde
975 4241 1096 4289 nos
1146 4219 1497 4288 Mauricius
1548 4220 1864 4304 Magister
1915 4218 2378 4306 Dapiferorum
2427 4217 2629 4302 Regis
2687 4223 2751 4284 et
2801 4218 3038 4287 Comes

774 4329 1123 4399 Nitriensis
1175 4329 1262 4395 ad
1293 4326 1740 4396 vniuersorum
1788 4326 2099 4395 noticiam
2147 4323 2558 4411 presencium
2605 4330 3040 4411 posterorum-

774 4459 900 4524 que
950 4438 1249 4506 uolumus
1281 4435 1650 4523 peruenire,
1707 4435 1882 4521 quod
1929 4455 2074 4501 cum
2105 4434 2368 4501 Marcus
2415 4432 2588 4501 filius
2620 4433 2771 4500 Aba
2818 4435 3036 4520 patruj

772 4548 980 4617 nostri
1030 4545 1481 4635 propinquiori
1535 4543 2121 4631 consanguinitatis
2172 4542 2350 4610 linea
2398 4543 2586 4610 nobis
2638 4543 2939 4629 attineat,
2974 4552 3038 4610 et

771 4658 1040 4743 insuper
1077 4656 1298 4743 sepius
1348 4674 1473 4723 sua
1502 4654 1787 4722 seruicia
1838 4653 2116 4721 honesta
2148 4660 2214 4720 et
2243 4652 2577 4721 fructuosa
2618 4651 2810 4719 nobis
2861 4651 3035 4719 exhi-
