3359 5250
1376 388 1423 397 *
1477 298 1610 365 233

399 515 574 565 nem.
606 493 771 563 Cum
792 501 858 563 te
876 495 960 563 de
977 498 1193 563 eetero
1223 494 1577 581 specialem
1603 494 1775 562 inter
1793 494 2068 562 devotos
2086 495 2382 563 Ecclesie
2402 499 2653 581 repute-

402 623 569 691 mus,
602 603 954 691 petitiones
991 609 1156 690 tuas,
1184 607 1496 690 quantum
1537 623 1683 671 cum
1703 604 1844 671 Deo
1864 622 2230 690 possumus,
2262 604 2536 672 libenter
2573 600 2662 668 ad

399 711 683 799 gratiam
703 710 1143 782 exauditionis
1171 710 1594 797 admittimus,
1625 718 1694 779 et
1721 710 1891 781 votis
1920 712 2051 780 tuis
2078 711 2371 779 favorem
2399 709 2658 779 benivo-

398 820 536 888 lum
563 819 989 908 impertimur.
1020 821 1409 907 Eapropter‚
1441 818 1780 888 carissime
1810 819 1877 887 in
1910 818 2171 890 Christo
2201 818 2319 903 fili,
2343 818 2474 886 tuis
2506 836 2654 903 sup-

400 925 866 1014 plieationibus
884 925 1200 1012 inclinati,
1229 924 1575 1014 Episcopis
1596 931 1661 994 et
1682 924 1832 994 aliis
1867 926 2273 1013 presbyteris
2293 922 2379 993 de
2397 923 2655 1010 Russia,

398 1040 473 1103 ut
499 1034 697 1103 liceat
725 1035 824 1103 eis
859 1054 1038 1105 more
1066 1054 1184 1103 suo
1216 1052 1300 1102 ex
1329 1033 1722 1102 fermentato
1753 1033 2090 1119 conficere,
2129 1040 2197 1102 et
2225 1030 2395 1102 alios
2429 1052 2654 1100 eorum

398 1142 579 1224 ritus,
632 1143 745 1229 qui
775 1141 930 1211 fidei
960 1142 1300 1230 catholice,
1353 1162 1549 1229 quam
1598 1141 1901 1210 Ecclesia
1947 1143 2244 1211 Romana
2278 1146 2473 1225 tenet,
2523 1159 2652 1208 non

400 1248 688 1338 obviant,
722 1249 1095 1336 observare,
1142 1249 1528 1319 auctoritate
1558 1249 1960 1337 presentium
1989 1248 2423 1335 indulgemus,
2474 1248 2655 1315 Nulli

400 1376 559 1442 ergo
577 1354 843 1426 omnino
861 1355 1193 1425 bominum
1223 1356 1421 1424 liceat
1438 1356 1608 1425 hanc
1638 1357 1953 1444 paginam
1972 1360 2192 1425 nostre
2213 1355 2652 1425 concessionis

400 1472 469 1532 et
495 1461 784 1532 indultus
802 1463 1179 1552 infringere,
1210 1464 1319 1533 vel
1349 1465 1412 1533 ei
1455 1482 1623 1534 ausu
1652 1451 2002 1534 temerario
2033 1461 2374 1533 contraire.
2402 1463 2477 1533 Si
2504 1461 2651 1550 quis

400 1580 620 1642 autem
649 1574 776 1642 boc
804 1578 1199 1660 attemptare
1247 1573 1720 1662 presumpserit
1752 1572 2294 1658 indignationem.
2344 1572 2647 1661 Omnipo-

398 1681 598 1749 tentis
630 1681 777 1768 Dei,
829 1687 898 1749 et
924 1680 1274 1752 Beatorum
1322 1680 1500 1750 Petri
1548 1688 1615 1750 et
1659 1680 1852 1749 Pauli
1880 1681 2343 1768 Apostolorum
2379 1681 2522 1766 eJus
2576 1699 2651 1747 se

397 1788 655 1856 noverit
681 1789 1104 1857 incursurum
1141 1791 1385 1857 Datum
1404 1789 1710 1874 Lugduni
1739 1789 1849 1856 VI.
1871 1787 2198 1857 kalendas
2229 1785 2650 1874 Septembris,

398 1893 828 1964 Pontificatus
855 1894 1062 1963 nostri
1090 1914 1264 1964 anno
1295 1894 1545 1981 quinto.

742 2089 1053 2159 (Turgenev
1097 2091 1457 2145 Monumenta
1480 2090 1626 2146 Hist.
1654 2092 1888 2146 Bussiae
1910 2093 1957 2143 Ι.
1988 2091 2101 2143 ket.
2128 2091 2215 2144 61.
2241 2090 2302 2158 1.)

1451 2891 1608 2965 159.

395 3092 439 3157 I
446 3092 514 3158 V.
548 3091 729 3159 Incze
754 3098 935 3182 pdpa
957 3092 1197 3161 de'el
1218 3094 1520 3179 qalicziai
1535 3097 1598 3159 e's
1632 3090 1940 3159 Waszilloo
1959 3092 2324 3159 lodomeriai
2337 3092 2644 3180 leirdlyok·

392 3199 514 3264 mk
545 3199 914 3285 enqedelmet
941 3199 1050 3283 dd,
1099 3200 1265 3286 hoqy
1294 3222 1371 3264 az
1401 3198 1535 3265 &kat
1560 3199 1731 3265 illota
1759 3197 2019 3264 birtokot
2043 3198 2298 3264 nvinden
2333 3199 2471 3265 meis
2486 3197 2646 3286 feje-

909 3304 1187 3371 delcmtdl
1215 3303 1864 3393 visszafoylalhassdk.
1893 3300 2093 3370 -1247,

602 3499 1023 3569 Innocentius
1039 3499 1409 3588 Episcopus
1427 3516 1656 3569 servus
1697 3518 2032 3569 servorum
2051 3499 2453 3569 Dei-dilectis
2488 3499 2644 3569 filiis

392 3607 769 3676 Illustribus
807 3607 1067 3676 Danieli
1095 3606 1337 3677 Russie
1366 3613 1432 3676 et
1459 3607 1563 3675 W.
1594 3607 2023 3677 Laudemerie
2049 3606 2236 3675 fratri
2284 3607 2425 3692 eius
2454 3608 2642 3694 Regi·

396 3716 541 3801 bus,
567 3720 636 3782 et
662 3721 821 3784 nato
838 3714 1132 3801 ejusdem
1162 3713 1467 3783 Danielis
1485 3715 1766 3784 salutem
1785 3722 1852 3783 et
1881 3714 2327 3801 Apostolicam
2343 3714 2643 3783 benedic-

391 3804 657 3874 tionem.
692 3803 856 3873 Cum
875 3823 921 3872 a
946 3803 1140 3873 nobis
1171 3803 1430 3892 petitur,
1462 3804 1638 3890 quod
1654 3805 1897 3873 iustum
1916 3809 2018 3874 est
2034 3810 2101 3873 et
2115 3805 2475 3890 honestum,
2504 3810 2641 3874 tam

384 3912 575 3998 vigor
603 3911 933 3998 equitatis,
966 3932 1163 3999 quam
1194 3909 1358 3981 ordo
1374 3910 1585 3999 exigit
1600 3912 1896 4000 rationis,
1928 3918 2001 3981 ut
2027 3909 2098 3980 id
2115 3930 2236 3999 per
2263 3912 2639 3983 sollicitudi-

384 4040 530 4090 nem
548 4019 745 4090 offleii
772 4019 982 4091 nostri
1009 4019 1097 4089 ad
1129 4019 1418 4089 debitum
1447 4018 1879 4110 perducamus
1898 4020 2216 4090 effectum.
2251 4021 2639 4109 Eapropter,

387 4128 713 4197 carissimi
730 4128 799 4195 in
818 4128 1076 4198 Christo
1092 4126 1234 4216 filii,
1253 4128 1490 4198 vestris
1507 4128 1696 4199 iustis
1714 4128 2018 4216 precibus
2036 4126 2353 4214 inclinati,
2372 4147 2638 4216 recupe-

384 4234 578 4305 randi
597 4236 1068 4323 possessiones,
1104 4244 1334 4325 terras,
1367 4243 1433 4305 et
1450 4237 1587 4305 alia
1617 4237 1793 4307 bona
1823 4236 1912 4305 ad
1942 4256 2060 4306 vos
2090 4235 2505 4322 hereditario,
2534 4237 2641 4304 vel

381 4345 511 4413 alio
533 4344 684 4431 jure
716 4344 1104 4431 spectantia,
1136 4364 1265 4430 que
1295 4343 1412 4412 alii
1442 4346 1679 4432 Reges,
1729 4344 1842 4430 qui
1873 4344 1941 4412 in
1970 4343 2265 4413 Ecclesie
2289 4341 2639 4412 wdevotione

380 4471 509 4520 non
525 4455 927 4538 permanent,
966 4456 1194 4519 eontra
1227 4450 1545 4520 iustitiam
1577 4450 1886 4536 detinent,
1938 4457 2005 4519 et
2033 4448 2308 4536 injurias
2356 4448 2639 4518 seculari

379 4559 673 4646 potentia
691 4558 1140 4647 propulsandi,
1160 4559 1438 4628 liberam
1454 4560 1642 4631 vobis
1661 4557 2076 4629 concedimus
2092 4557 2482 4628 auctoritate
2500 4575 2639 4644 pre-
