<?xml version="1.0" encoding="UTF-8"?>
<!DOCTYPE html PUBLIC "-//W3C//DTD XHTML 1.0 Transitional//EN"
    "http://www.w3.org/TR/xhtml1/DTD/xhtml1-transitional.dtd">
<html xmlns="http://www.w3.org/1999/xhtml" xml:lang="en" lang="en">
 <head>
  <title>
</title>
<meta http-equiv="Content-Type" content="text/html;charset=utf-8" />
  <meta name='ocr-system' content='tesseract 3.04.00' />
  <meta name='ocr-capabilities' content='ocr_page ocr_carea ocr_par ocr_line ocrx_word'/>
</head>
<body>
  <div class='ocr_page' id='page_1' title='image "./codexdiplomatic09unkngoog_0323.png"; bbox 0 0 3359 5250; ppageno 0'>
   <div class='ocr_carea' id='block_1_1' title="bbox 1352 338 1568 439">
    <p class='ocr_par' dir='ltr' id='par_1_1' title="bbox 1352 338 1568 439">
     <span class='ocr_line' id='line_1_1' title="bbox 1352 338 1568 439; baseline 0.005 -36"><span class='ocrx_word' id='word_1_1' title='bbox 1352 338 1518 439; x_wconf 40' lang='lat'>28}—</span> <span class='ocrx_word' id='word_1_2' title='bbox 1560 433 1568 439; x_wconf 92' lang='lat'>.</span> 
     </span>
    </p>
   </div>
   <div class='ocr_carea' id='block_1_2' title="bbox 1265 434 1300 441">
    <p class='ocr_par' dir='ltr' id='par_1_2' title="bbox 1265 434 1300 441">
     <span class='ocr_line' id='line_1_2' title="bbox 1265 434 1300 441; baseline -0.029 0"><span class='ocrx_word' id='word_1_3' title='bbox 1265 434 1300 441; x_wconf 58' lang='lat' dir='ltr'>o·-</span> 
     </span>
    </p>
   </div>
   <div class='ocr_carea' id='block_1_3' title="bbox 215 528 2562 4714">
    <p class='ocr_par' dir='ltr' id='par_1_3' title="bbox 215 528 2562 4714">
     <span class='ocr_line' id='line_1_3' title="bbox 293 528 2542 619; baseline 0.001 -23"><span class='ocrx_word' id='word_1_4' title='bbox 293 528 451 596; x_wconf 86' lang='lat' dir='ltr'>dam</span> <span class='ocrx_word' id='word_1_5' title='bbox 498 530 769 598; x_wconf 87' lang='lat' dir='ltr'>fratrem</span> <span class='ocrx_word' id='word_1_6' title='bbox 819 531 1109 600; x_wconf 89' lang='lat' dir='ltr'>eiusdem</span> <span class='ocrx_word' id='word_1_7' title='bbox 1159 534 1419 604; x_wconf 89' lang='lat' dir='ltr'>nomine</span> <span class='ocrx_word' id='word_1_8' title='bbox 1457 532 1748 602; x_wconf 89' lang='lat' dir='ltr'>Damald</span> <span class='ocrx_word' id='word_1_9' title='bbox 1797 532 2097 601; x_wconf 87' lang='lat' dir='ltr'>similiter</span> <span class='ocrx_word' id='word_1_10' title='bbox 2144 531 2542 619; x_wconf 88' lang='lat' dir='ltr'>captiuatum</span> 
     </span>
     <span class='ocr_line' id='line_1_4' title="bbox 293 639 2545 724; baseline 0 -17"><span class='ocrx_word' id='word_1_11' title='bbox 293 639 700 724; x_wconf 86' lang='lat' dir='ltr'>abducendo,</span> <span class='ocrx_word' id='word_1_12' title='bbox 755 641 824 707; x_wconf 90' lang='lat' dir='ltr'>in</span> <span class='ocrx_word' id='word_1_13' title='bbox 867 643 1293 711; x_wconf 90' lang='lat' dir='ltr'>absolucione</span> <span class='ocrx_word' id='word_1_14' title='bbox 1342 642 1635 711; x_wconf 91' lang='lat' dir='ltr'>eiusdem</span> <span class='ocrx_word' id='word_1_15' title='bbox 1684 642 1853 712; x_wconf 87' lang='lat' dir='ltr'>alios</span> <span class='ocrx_word' id='word_1_16' title='bbox 1904 640 2244 709; x_wconf 81' lang='lat' dir='ltr'><strong>duodecim</strong></span> <span class='ocrx_word' id='word_1_17' title='bbox 2292 639 2545 709; x_wconf 87' lang='lat' dir='ltr'>nobiles</span> 
     </span>
     <span class='ocr_line' id='line_1_5' title="bbox 291 746 2546 835; baseline -0 -22"><span class='ocrx_word' id='word_1_18' title='bbox 291 752 553 815; x_wconf 87' lang='lat' dir='ltr'>nostros</span> <span class='ocrx_word' id='word_1_19' title='bbox 585 746 666 813; x_wconf 90' lang='lat' dir='ltr'>de</span> <span class='ocrx_word' id='word_1_20' title='bbox 699 748 1079 835; x_wconf 87' lang='lat' dir='ltr'>captiuitate</span> <span class='ocrx_word' id='word_1_21' title='bbox 1111 750 1394 817; x_wconf 89' lang='lat' dir='ltr'>hostium</span> <span class='ocrx_word' id='word_1_22' title='bbox 1428 751 1755 818; x_wconf 87' lang='lat' dir='ltr'>liberauit.</span> <span class='ocrx_word' id='word_1_23' title='bbox 1788 750 2096 817; x_wconf 89' lang='lat' dir='ltr'>Preterea</span> <span class='ocrx_word' id='word_1_24' title='bbox 2129 748 2304 814; x_wconf 90' lang='lat' dir='ltr'>idem</span> <span class='ocrx_word' id='word_1_25' title='bbox 2333 746 2546 813; x_wconf 85' lang='lat' dir='ltr'>fidelis</span> 
     </span>
     <span class='ocr_line' id='line_1_6' title="bbox 291 852 2545 943; baseline -0.001 -23"><span class='ocrx_word' id='word_1_26' title='bbox 291 861 518 922; x_wconf 89' lang='lat' dir='ltr'>noster</span> <span class='ocrx_word' id='word_1_27' title='bbox 551 855 636 921; x_wconf 90' lang='lat' dir='ltr'>ad</span> <span class='ocrx_word' id='word_1_28' title='bbox 685 855 1146 922; x_wconf 90' lang='lat' dir='ltr'>incrementum</span> <span class='ocrx_word' id='word_1_29' title='bbox 1178 856 1396 924; x_wconf 88' lang='lat' dir='ltr'>laudis</span> <span class='ocrx_word' id='word_1_30' title='bbox 1426 857 1633 941; x_wconf 89' lang='lat' dir='ltr'>Regie</span> <span class='ocrx_word' id='word_1_31' title='bbox 1670 877 1929 942; x_wconf 87' lang='lat' dir='ltr'>semper</span> <span class='ocrx_word' id='word_1_32' title='bbox 1963 856 2286 943; x_wconf 87' lang='lat' dir='ltr'>aspirans,</span> <span class='ocrx_word' id='word_1_33' title='bbox 2336 855 2403 920; x_wconf 91' lang='lat' dir='ltr'>in</span> <span class='ocrx_word' id='word_1_34' title='bbox 2436 852 2545 920; x_wconf 90' lang='lat' dir='ltr'>ob-</span> 
     </span>
     <span class='ocr_line' id='line_1_7' title="bbox 290 962 2545 1049; baseline -0.001 -20"><span class='ocrx_word' id='word_1_35' title='bbox 290 962 548 1030; x_wconf 87' lang='lat' dir='ltr'>sidione</span> <span class='ocrx_word' id='word_1_36' title='bbox 597 963 793 1030; x_wconf 78' lang='lat' dir='ltr'><strong>castri</strong></span> <span class='ocrx_word' id='word_1_37' title='bbox 838 965 1281 1032; x_wconf 89' lang='lat' dir='ltr'>Rutbenorum</span> <span class='ocrx_word' id='word_1_38' title='bbox 1330 965 1565 1035; x_wconf 78' lang='lat' dir='ltr'>Galich</span> <span class='ocrx_word' id='word_1_39' title='bbox 1612 966 1912 1048; x_wconf 89' lang='lat' dir='ltr'>nomine,</span> <span class='ocrx_word' id='word_1_40' title='bbox 1966 963 2292 1049; x_wconf 89' lang='lat' dir='ltr'>quandam</span> <span class='ocrx_word' id='word_1_41' title='bbox 2340 962 2545 1029; x_wconf 89' lang='lat' dir='ltr'>aciem</span> 
     </span>
     <span class='ocr_line' id='line_1_8' title="bbox 292 1069 2544 1159; baseline -0.001 -23"><span class='ocrx_word' id='word_1_42' title='bbox 292 1069 467 1136; x_wconf 87' lang='lat' dir='ltr'>clam</span> <span class='ocrx_word' id='word_1_43' title='bbox 496 1070 566 1135; x_wconf 91' lang='lat' dir='ltr'>in</span> <span class='ocrx_word' id='word_1_44' title='bbox 595 1076 886 1137; x_wconf 88' lang='lat' dir='ltr'>nostrum</span> <span class='ocrx_word' id='word_1_45' title='bbox 917 1071 1268 1139; x_wconf 87' lang='lat' dir='ltr'>exercitum</span> <span class='ocrx_word' id='word_1_46' title='bbox 1298 1074 1654 1159; x_wconf 79' lang='lat' dir='ltr'>irrumpere</span> <span class='ocrx_word' id='word_1_47' title='bbox 1671 1073 2039 1159; x_wconf 87' lang='lat' dir='ltr'>cupientem</span> <span class='ocrx_word' id='word_1_48' title='bbox 2070 1071 2337 1138; x_wconf 88' lang='lat' dir='ltr'>militari</span> <span class='ocrx_word' id='word_1_49' title='bbox 2373 1069 2544 1137; x_wconf 90' lang='lat' dir='ltr'>bello</span> 
     </span>
     <span class='ocr_line' id='line_1_9' title="bbox 287 1176 2549 1268; baseline -0.001 -24"><span class='ocrx_word' id='word_1_50' title='bbox 287 1178 649 1264; x_wconf 89' lang='lat' dir='ltr'>prohibuit,</span> <span class='ocrx_word' id='word_1_51' title='bbox 703 1176 881 1262; x_wconf 89' lang='lat' dir='ltr'>quod</span> <span class='ocrx_word' id='word_1_52' title='bbox 919 1185 1141 1247; x_wconf 89' lang='lat' dir='ltr'>nostro</span> <span class='ocrx_word' id='word_1_53' title='bbox 1170 1182 1484 1248; x_wconf 82' lang='lat' dir='ltr'>exercitui</span> <span class='ocrx_word' id='word_1_54' title='bbox 1531 1201 1661 1247; x_wconf 91' lang='lat' dir='ltr'>non</span> <span class='ocrx_word' id='word_1_55' title='bbox 1692 1181 1906 1268; x_wconf 86' lang='lat' dir='ltr'>potuit</span> <span class='ocrx_word' id='word_1_56' title='bbox 1953 1179 2110 1264; x_wconf 90' lang='lat' dir='ltr'>quid</span> <span class='ocrx_word' id='word_1_57' title='bbox 2159 1199 2410 1249; x_wconf 89' lang='lat' dir='ltr'>nocere.</span> <span class='ocrx_word' id='word_1_58' title='bbox 2463 1178 2549 1243; x_wconf 86' lang='lat' dir='ltr'>Et</span> 
     </span>
     <span class='ocr_line' id='line_1_10' title="bbox 288 1284 2547 1370; baseline -0.001 -19"><span class='ocrx_word' id='word_1_59' title='bbox 288 1287 525 1353; x_wconf 87' lang='lat' dir='ltr'>iterum</span> <span class='ocrx_word' id='word_1_60' title='bbox 577 1284 714 1351; x_wconf 91' lang='lat' dir='ltr'>alia</span> <span class='ocrx_word' id='word_1_61' title='bbox 743 1285 889 1351; x_wconf 81' lang='lat' dir='ltr'>vice</span> <span class='ocrx_word' id='word_1_62' title='bbox 936 1285 1306 1370; x_wconf 81' lang='lat' dir='ltr'>pedestrem</span> <span class='ocrx_word' id='word_1_63' title='bbox 1344 1287 1544 1352; x_wconf 91' lang='lat' dir='ltr'>aliam</span> <span class='ocrx_word' id='word_1_64' title='bbox 1595 1288 1806 1354; x_wconf 81' lang='lat' dir='ltr'>aciem</span> <span class='ocrx_word' id='word_1_65' title='bbox 1854 1286 2340 1367; x_wconf 86' lang='lat' dir='ltr'>thhenorum,</span> <span class='ocrx_word' id='word_1_66' title='bbox 2394 1285 2547 1353; x_wconf 92' lang='lat' dir='ltr'>dum</span> 
     </span>
     <span class='ocr_line' id='line_1_11' title="bbox 288 1393 2546 1482; baseline 0.001 -23"><span class='ocrx_word' id='word_1_67' title='bbox 288 1408 491 1476; x_wconf 87' lang='lat' dir='ltr'>super</span> <span class='ocrx_word' id='word_1_68' title='bbox 539 1398 829 1458; x_wconf 89' lang='lat' dir='ltr'>nostrum</span> <span class='ocrx_word' id='word_1_69' title='bbox 879 1393 1232 1460; x_wconf 87' lang='lat' dir='ltr'>exercitum</span> <span class='ocrx_word' id='word_1_70' title='bbox 1262 1395 1577 1479; x_wconf 78' lang='lat' dir='ltr'>irruisset,</span> <span class='ocrx_word' id='word_1_71' title='bbox 1632 1395 1781 1481; x_wconf 90' lang='lat' dir='ltr'>plus</span> <span class='ocrx_word' id='word_1_72' title='bbox 1814 1394 1959 1482; x_wconf 90' lang='lat' dir='ltr'>ipse</span> <span class='ocrx_word' id='word_1_73' title='bbox 2010 1393 2245 1462; x_wconf 89' lang='lat' dir='ltr'>ceteris</span> <span class='ocrx_word' id='word_1_74' title='bbox 2283 1393 2546 1461; x_wconf 88' lang='lat' dir='ltr'>honoris</span> 
     </span>
     <span class='ocr_line' id='line_1_12' title="bbox 288 1500 2548 1588; baseline 0 -21"><span class='ocrx_word' id='word_1_75' title='bbox 288 1502 501 1568; x_wconf 86' lang='lat' dir='ltr'>nostri</span> <span class='ocrx_word' id='word_1_76' title='bbox 532 1501 1023 1568; x_wconf 89' lang='lat' dir='ltr'>conseruacioni</span> <span class='ocrx_word' id='word_1_77' title='bbox 1054 1502 1406 1586; x_wconf 82' lang='lat' dir='ltr'>vigilanter</span> <span class='ocrx_word' id='word_1_78' title='bbox 1436 1502 1829 1582; x_wconf 87' lang='lat' dir='ltr'>insudando,</span> <span class='ocrx_word' id='word_1_79' title='bbox 1861 1503 2082 1570; x_wconf 88' lang='lat' dir='ltr'>hostili</span> <span class='ocrx_word' id='word_1_80' title='bbox 2114 1520 2339 1588; x_wconf 86' lang='lat' dir='ltr'>pugna</span> <span class='ocrx_word' id='word_1_81' title='bbox 2369 1500 2548 1568; x_wconf 89' lang='lat' dir='ltr'>inua-</span> 
     </span>
     <span class='ocr_line' id='line_1_13' title="bbox 287 1608 2548 1696; baseline 0 -22"><span class='ocrx_word' id='word_1_82' title='bbox 287 1608 477 1695; x_wconf 89' lang='lat' dir='ltr'>dens,</span> <span class='ocrx_word' id='word_1_83' title='bbox 512 1608 694 1676; x_wconf 92' lang='lat' dir='ltr'>illam</span> <span class='ocrx_word' id='word_1_84' title='bbox 724 1609 965 1676; x_wconf 89' lang='lat' dir='ltr'>milicie</span> <span class='ocrx_word' id='word_1_85' title='bbox 998 1631 1113 1678; x_wconf 92' lang='lat' dir='ltr'>sue</span> <span class='ocrx_word' id='word_1_86' title='bbox 1143 1611 1398 1678; x_wconf 81' lang='lat' dir='ltr'>viribus</span> <span class='ocrx_word' id='word_1_87' title='bbox 1428 1611 1703 1696; x_wconf 88' lang='lat' dir='ltr'>fugauit,</span> <span class='ocrx_word' id='word_1_88' title='bbox 1753 1631 1974 1679; x_wconf 90' lang='lat' dir='ltr'>secum</span> <span class='ocrx_word' id='word_1_89' title='bbox 2003 1617 2139 1676; x_wconf 94' lang='lat' dir='ltr'>tam</span> <span class='ocrx_word' id='word_1_90' title='bbox 2173 1609 2407 1677; x_wconf 86' lang='lat' dir='ltr'>acriter</span> <span class='ocrx_word' id='word_1_91' title='bbox 2441 1609 2548 1675; x_wconf 90' lang='lat' dir='ltr'>de·</span> 
     </span>
     <span class='ocr_line' id='line_1_14' title="bbox 298 1716 2546 1805; baseline 0 -22"><span class='ocrx_word' id='word_1_92' title='bbox 298 1723 581 1803; x_wconf 87' lang='lat' dir='ltr'>certans,</span> <span class='ocrx_word' id='word_1_93' title='bbox 633 1716 808 1802; x_wconf 88' lang='lat' dir='ltr'>quod</span> <span class='ocrx_word' id='word_1_94' title='bbox 844 1717 1049 1785; x_wconf 90' lang='lat' dir='ltr'>nobili</span> <span class='ocrx_word' id='word_1_95' title='bbox 1096 1725 1160 1784; x_wconf 90' lang='lat' dir='ltr'>et</span> <span class='ocrx_word' id='word_1_96' title='bbox 1193 1719 1342 1787; x_wconf 89' lang='lat' dir='ltr'>forti</span> <span class='ocrx_word' id='word_1_97' title='bbox 1395 1718 1725 1786; x_wconf 82' lang='lat' dir='ltr'>dextrario</span> <span class='ocrx_word' id='word_1_98' title='bbox 1776 1739 1892 1786; x_wconf 91' lang='lat' dir='ltr'>suo</span> <span class='ocrx_word' id='word_1_99' title='bbox 1943 1719 2065 1785; x_wconf 91' lang='lat' dir='ltr'>sub</span> <span class='ocrx_word' id='word_1_100' title='bbox 2113 1719 2260 1805; x_wconf 87' lang='lat' dir='ltr'>ipso</span> <span class='ocrx_word' id='word_1_101' title='bbox 2311 1717 2546 1799; x_wconf 87' lang='lat' dir='ltr'>occiso,</span> 
     </span>
     <span class='ocr_line' id='line_1_15' title="bbox 289 1824 2546 1912; baseline 0 -21"><span class='ocrx_word' id='word_1_102' title='bbox 289 1826 452 1892; x_wconf 90' lang='lat' dir='ltr'>licet</span> <span class='ocrx_word' id='word_1_103' title='bbox 483 1825 952 1911; x_wconf 83' lang='lat' dir='ltr'>triumphasset</span> <span class='ocrx_word' id='word_1_104' title='bbox 981 1825 1063 1893; x_wconf 88' lang='lat' dir='ltr'>de</span> <span class='ocrx_word' id='word_1_105' title='bbox 1097 1826 1410 1912; x_wconf 85' lang='lat' dir='ltr'>hostibus,</span> <span class='ocrx_word' id='word_1_106' title='bbox 1445 1848 1519 1895; x_wconf 89' lang='lat' dir='ltr'>se</span> <span class='ocrx_word' id='word_1_107' title='bbox 1549 1841 1767 1893; x_wconf 87' lang='lat' dir='ltr'>tamen</span> <span class='ocrx_word' id='word_1_108' title='bbox 1789 1826 2030 1892; x_wconf 89' lang='lat' dir='ltr'>ibidem</span> <span class='ocrx_word' id='word_1_109' title='bbox 2064 1824 2175 1892; x_wconf 83' lang='lat' dir='ltr'>vix</span> <span class='ocrx_word' id='word_1_110' title='bbox 2206 1824 2288 1892; x_wconf 89' lang='lat' dir='ltr'>de</span> <span class='ocrx_word' id='word_1_111' title='bbox 2321 1824 2546 1893; x_wconf 88' lang='lat' dir='ltr'>mortis</span> 
     </span>
     <span class='ocr_line' id='line_1_16' title="bbox 292 1933 2547 2021; baseline -0 -22"><span class='ocrx_word' id='word_1_112' title='bbox 292 1933 586 2021; x_wconf 87' lang='lat' dir='ltr'>periculo</span> <span class='ocrx_word' id='word_1_113' title='bbox 617 1935 829 2020; x_wconf 87' lang='lat' dir='ltr'>potuit</span> <span class='ocrx_word' id='word_1_114' title='bbox 859 1935 1157 2002; x_wconf 89' lang='lat' dir='ltr'>liberare.</span> <span class='ocrx_word' id='word_1_115' title='bbox 1207 1936 1371 2002; x_wconf 85' lang='lat' dir='ltr'>Item</span> <span class='ocrx_word' id='word_1_116' title='bbox 1403 1938 1492 2003; x_wconf 90' lang='lat' dir='ltr'>ab</span> <span class='ocrx_word' id='word_1_117' title='bbox 1524 1936 1701 2004; x_wconf 91' lang='lat' dir='ltr'>omni</span> <span class='ocrx_word' id='word_1_118' title='bbox 1734 1936 1938 2002; x_wconf 89' lang='lat' dir='ltr'>latere</span> <span class='ocrx_word' id='word_1_119' title='bbox 1985 1935 2073 2001; x_wconf 91' lang='lat' dir='ltr'>ad</span> <span class='ocrx_word' id='word_1_120' title='bbox 2106 1933 2547 2001; x_wconf 88' lang='lat' dir='ltr'>eleuacionem</span> 
     </span>
     <span class='ocr_line' id='line_1_17' title="bbox 292 2040 2545 2126; baseline 0 -19"><span class='ocrx_word' id='word_1_121' title='bbox 292 2040 627 2107; x_wconf 89' lang='lat' dir='ltr'>titulorum</span> <span class='ocrx_word' id='word_1_122' title='bbox 671 2041 881 2125; x_wconf 86' lang='lat' dir='ltr'>Regni</span> <span class='ocrx_word' id='word_1_123' title='bbox 928 2047 993 2108; x_wconf 88' lang='lat' dir='ltr'>et</span> <span class='ocrx_word' id='word_1_124' title='bbox 1023 2042 1273 2110; x_wconf 83' lang='lat' dir='ltr'>Corone</span> <span class='ocrx_word' id='word_1_125' title='bbox 1321 2042 1600 2109; x_wconf 86' lang='lat' dir='ltr'>fideliter</span> <span class='ocrx_word' id='word_1_126' title='bbox 1649 2044 2019 2126; x_wconf 86' lang='lat' dir='ltr'>elaborans,</span> <span class='ocrx_word' id='word_1_127' title='bbox 2070 2061 2213 2108; x_wconf 92' lang='lat' dir='ltr'>cum</span> <span class='ocrx_word' id='word_1_128' title='bbox 2261 2041 2545 2126; x_wconf 91' lang='lat' dir='ltr'>quodam</span> 
     </span>
     <span class='ocr_line' id='line_1_18' title="bbox 293 2148 2549 2235; baseline 0 -21"><span class='ocrx_word' id='word_1_129' title='bbox 293 2155 594 2234; x_wconf 88' lang='lat' dir='ltr'>tempore</span> <span class='ocrx_word' id='word_1_130' title='bbox 624 2148 1012 2217; x_wconf 88' lang='lat' dir='ltr'>Teuthonici</span> <span class='ocrx_word' id='word_1_131' title='bbox 1062 2151 1189 2218; x_wconf 92' lang='lat' dir='ltr'>duo</span> <span class='ocrx_word' id='word_1_132' title='bbox 1222 2160 1458 2235; x_wconf 89' lang='lat' dir='ltr'>castra,</span> <span class='ocrx_word' id='word_1_133' title='bbox 1492 2152 1837 2219; x_wconf 88' lang='lat' dir='ltr'>Peristhan</span> <span class='ocrx_word' id='word_1_134' title='bbox 1870 2149 2120 2217; x_wconf 88' lang='lat' dir='ltr'>scilicet</span> <span class='ocrx_word' id='word_1_135' title='bbox 2150 2156 2215 2217; x_wconf 92' lang='lat' dir='ltr'>et</span> <span class='ocrx_word' id='word_1_136' title='bbox 2245 2148 2549 2232; x_wconf 86' lang='lat' dir='ltr'>Landigh</span> 
     </span>
     <span class='ocr_line' id='line_1_19' title="bbox 294 2257 2551 2346; baseline -0.003 -19"><span class='ocrx_word' id='word_1_137' title='bbox 294 2263 619 2343; x_wconf 86' lang='lat' dir='ltr'>occupata</span> <span class='ocrx_word' id='word_1_138' title='bbox 662 2262 973 2341; x_wconf 85' lang='lat' dir='ltr'>tenerent,</span> <span class='ocrx_word' id='word_1_139' title='bbox 1031 2266 1344 2346; x_wconf 86' lang='lat' dir='ltr'>tanquam</span> <span class='ocrx_word' id='word_1_140' title='bbox 1394 2267 1698 2327; x_wconf 90' lang='lat' dir='ltr'>strenuus</span> <span class='ocrx_word' id='word_1_141' title='bbox 1748 2265 2121 2346; x_wconf 89' lang='lat' dir='ltr'>persecutor</span> <span class='ocrx_word' id='word_1_142' title='bbox 2168 2257 2551 2326; x_wconf 87' lang='lat' dir='ltr'>iniuriarum</span> 
     </span>
     <span class='ocr_line' id='line_1_20' title="bbox 293 2366 2546 2451; baseline -0.001 -18"><span class='ocrx_word' id='word_1_143' title='bbox 293 2372 662 2434; x_wconf 89' lang='lat' dir='ltr'>nostrarum</span> <span class='ocrx_word' id='word_1_144' title='bbox 713 2371 781 2431; x_wconf 88' lang='lat' dir='ltr'>et</span> <span class='ocrx_word' id='word_1_145' title='bbox 804 2366 1015 2451; x_wconf 81' lang='lat' dir='ltr'>Regni</span> <span class='ocrx_word' id='word_1_146' title='bbox 1063 2367 1145 2433; x_wconf 89' lang='lat' dir='ltr'>de</span> <span class='ocrx_word' id='word_1_147' title='bbox 1195 2366 1502 2435; x_wconf 90' lang='lat' dir='ltr'>mandato</span> <span class='ocrx_word' id='word_1_148' title='bbox 1550 2373 1775 2436; x_wconf 90' lang='lat' dir='ltr'>nostro</span> <span class='ocrx_word' id='word_1_149' title='bbox 1809 2369 2100 2435; x_wconf 84' lang='lat' dir='ltr'>exercitu</span> <span class='ocrx_word' id='word_1_150' title='bbox 2150 2371 2546 2451; x_wconf 87' lang='lat' dir='ltr'>congregato</span> 
     </span>
     <span class='ocr_line' id='line_1_21' title="bbox 279 2471 2552 2562; baseline -0.002 -20"><span class='ocrx_word' id='word_1_151' title='bbox 279 2475 480 2542; x_wconf 73' lang='lat' dir='ltr'>‘dicta</span> <span class='ocrx_word' id='word_1_152' title='bbox 510 2478 728 2540; x_wconf 87' lang='lat' dir='ltr'>castra</span> <span class='ocrx_word' id='word_1_153' title='bbox 775 2471 1052 2558; x_wconf 90' lang='lat' dir='ltr'>obsedit,</span> <span class='ocrx_word' id='word_1_154' title='bbox 1105 2480 1169 2540; x_wconf 89' lang='lat' dir='ltr'>et</span> <span class='ocrx_word' id='word_1_155' title='bbox 1196 2475 1347 2562; x_wconf 89' lang='lat' dir='ltr'>ipsa</span> <span class='ocrx_word' id='word_1_156' title='bbox 1395 2475 1478 2541; x_wconf 90' lang='lat' dir='ltr'>de</span> <span class='ocrx_word' id='word_1_157' title='bbox 1509 2475 1812 2543; x_wconf 87' lang='lat' dir='ltr'>manibus</span> <span class='ocrx_word' id='word_1_158' title='bbox 1858 2475 2262 2541; x_wconf 88' lang='lat' dir='ltr'>inimicorum</span> <span class='ocrx_word' id='word_1_159' title='bbox 2312 2471 2552 2560; x_wconf 89' lang='lat' dir='ltr'>eripuit</span> 
     </span>
     <span class='ocr_line' id='line_1_22' title="bbox 293 2580 2552 2671; baseline -0.001 -21"><span class='ocrx_word' id='word_1_160' title='bbox 293 2583 572 2650; x_wconf 84' lang='lat' dir='ltr'>viriliter</span> <span class='ocrx_word' id='word_1_161' title='bbox 603 2585 669 2648; x_wconf 89' lang='lat' dir='ltr'>et</span> <span class='ocrx_word' id='word_1_162' title='bbox 699 2586 1014 2667; x_wconf 88' lang='lat' dir='ltr'>potenter.</span> <span class='ocrx_word' id='word_1_163' title='bbox 1063 2581 1167 2650; x_wconf 88' lang='lat' dir='ltr'>Ad</span> <span class='ocrx_word' id='word_1_164' title='bbox 1199 2583 1321 2650; x_wconf 90' lang='lat' dir='ltr'>hec</span> <span class='ocrx_word' id='word_1_165' title='bbox 1369 2602 1514 2650; x_wconf 92' lang='lat' dir='ltr'>cum</span> <span class='ocrx_word' id='word_1_166' title='bbox 1566 2602 1880 2671; x_wconf 89' lang='lat' dir='ltr'>processu</span> <span class='ocrx_word' id='word_1_167' title='bbox 1927 2582 2240 2671; x_wconf 88' lang='lat' dir='ltr'>temporis</span> <span class='ocrx_word' id='word_1_168' title='bbox 2277 2580 2552 2648; x_wconf 87' lang='lat' dir='ltr'>Teutho-</span> 
     </span>
     <span class='ocr_line' id='line_1_23' title="bbox 296 2688 2552 2777; baseline -0.001 -20"><span class='ocrx_word' id='word_1_169' title='bbox 296 2690 431 2758; x_wconf 90' lang='lat' dir='ltr'>nici</span> <span class='ocrx_word' id='word_1_170' title='bbox 483 2709 721 2774; x_wconf 89' lang='lat' dir='ltr'>aquam</span> <span class='ocrx_word' id='word_1_171' title='bbox 769 2691 962 2756; x_wconf 84' lang='lat' dir='ltr'>Mura</span> <span class='ocrx_word' id='word_1_172' title='bbox 1007 2691 1493 2777; x_wconf 88' lang='lat' dir='ltr'>preclusissent,</span> <span class='ocrx_word' id='word_1_173' title='bbox 1548 2698 1613 2758; x_wconf 91' lang='lat' dir='ltr'>et</span> <span class='ocrx_word' id='word_1_174' title='bbox 1647 2697 1950 2777; x_wconf 86' lang='lat' dir='ltr'>pretextu</span> <span class='ocrx_word' id='word_1_175' title='bbox 1997 2691 2202 2776; x_wconf 87' lang='lat' dir='ltr'>ipsius</span> <span class='ocrx_word' id='word_1_176' title='bbox 2252 2688 2552 2755; x_wconf 88' lang='lat' dir='ltr'>clausure</span> 
     </span>
     <span class='ocr_line' id='line_1_24' title="bbox 302 2796 2551 2886; baseline -0 -22"><span class='ocrx_word' id='word_1_177' title='bbox 302 2796 537 2864; x_wconf 89' lang='lat' dir='ltr'>eadem</span> <span class='ocrx_word' id='word_1_178' title='bbox 568 2816 743 2881; x_wconf 87' lang='lat' dir='ltr'>aqua</span> <span class='ocrx_word' id='word_1_179' title='bbox 773 2804 1124 2883; x_wconf 85' lang='lat' dir='ltr'>occuparet</span> <span class='ocrx_word' id='word_1_180' title='bbox 1152 2804 1361 2864; x_wconf 86' lang='lat' dir='ltr'>terras</span> <span class='ocrx_word' id='word_1_181' title='bbox 1390 2798 1817 2886; x_wconf 89' lang='lat' dir='ltr'>plurimarum</span> <span class='ocrx_word' id='word_1_182' title='bbox 1836 2799 2135 2865; x_wconf 80' lang='lat' dir='ltr'>villarum</span> <span class='ocrx_word' id='word_1_183' title='bbox 2167 2803 2234 2863; x_wconf 89' lang='lat' dir='ltr'>et</span> <span class='ocrx_word' id='word_1_184' title='bbox 2270 2797 2551 2864; x_wconf 89' lang='lat' dir='ltr'>submer-</span> 
     </span>
     <span class='ocr_line' id='line_1_25' title="bbox 300 2901 2549 2990; baseline 0 -20"><span class='ocrx_word' id='word_1_185' title='bbox 300 2909 526 2990; x_wconf 70' lang='lat' dir='ltr'>geret,</span> <span class='ocrx_word' id='word_1_186' title='bbox 577 2903 722 2990; x_wconf 88' lang='lat' dir='ltr'>ipse</span> <span class='ocrx_word' id='word_1_187' title='bbox 753 2902 839 2969; x_wconf 86' lang='lat' dir='ltr'>ad</span> <span class='ocrx_word' id='word_1_188' title='bbox 869 2910 1093 2989; x_wconf 89' lang='lat' dir='ltr'>partes</span> <span class='ocrx_word' id='word_1_189' title='bbox 1132 2903 1284 2971; x_wconf 92' lang='lat' dir='ltr'>illas</span> <span class='ocrx_word' id='word_1_190' title='bbox 1313 2906 1605 2990; x_wconf 85' lang='lat' dir='ltr'>veniens,</span> <span class='ocrx_word' id='word_1_191' title='bbox 1656 2912 2080 2971; x_wconf 86' lang='lat' dir='ltr'>memoratam</span> <span class='ocrx_word' id='word_1_192' title='bbox 2132 2901 2549 2972; x_wconf 88' lang='lat' dir='ltr'>dissoluendo</span> 
     </span>
     <span class='ocr_line' id='line_1_26' title="bbox 300 3008 2550 3097; baseline -0.001 -20"><span class='ocrx_word' id='word_1_193' title='bbox 300 3011 690 3093; x_wconf 79' lang='lat' dir='ltr'>clausuram,</span> <span class='ocrx_word' id='word_1_194' title='bbox 709 3008 903 3076; x_wconf 84' lang='lat' dir='ltr'>villas</span> <span class='ocrx_word' id='word_1_195' title='bbox 921 3009 1332 3077; x_wconf 89' lang='lat' dir='ltr'>indemnitati</span> <span class='ocrx_word' id='word_1_196' title='bbox 1347 3011 1622 3097; x_wconf 89' lang='lat' dir='ltr'>pristine</span> <span class='ocrx_word' id='word_1_197' title='bbox 1652 3011 1953 3096; x_wconf 89' lang='lat' dir='ltr'>restituit,</span> <span class='ocrx_word' id='word_1_198' title='bbox 1985 3012 2176 3078; x_wconf 88' lang='lat' dir='ltr'>dictis</span> <span class='ocrx_word' id='word_1_199' title='bbox 2206 3010 2550 3078; x_wconf 90' lang='lat' dir='ltr'>Teuthoni-</span> 
     </span>
     <span class='ocr_line' id='line_1_27' title="bbox 306 3115 2551 3204; baseline -0.001 -20"><span class='ocrx_word' id='word_1_200' title='bbox 306 3118 400 3184; x_wconf 91' lang='lat' dir='ltr'>cis</span> <span class='ocrx_word' id='word_1_201' title='bbox 429 3115 923 3204; x_wconf 86' lang='lat' dir='ltr'>prohibentibus</span> <span class='ocrx_word' id='word_1_202' title='bbox 954 3121 1020 3182; x_wconf 94' lang='lat' dir='ltr'>et</span> <span class='ocrx_word' id='word_1_203' title='bbox 1047 3116 1288 3186; x_wconf 89' lang='lat' dir='ltr'>inuitis.</span> <span class='ocrx_word' id='word_1_204' title='bbox 1338 3120 1503 3184; x_wconf 89' lang='lat' dir='ltr'>Item</span> <span class='ocrx_word' id='word_1_205' title='bbox 1533 3118 1603 3183; x_wconf 90' lang='lat' dir='ltr'>in</span> <span class='ocrx_word' id='word_1_206' title='bbox 1654 3118 1950 3203; x_wconf 91' lang='lat' dir='ltr'>generali</span> <span class='ocrx_word' id='word_1_207' title='bbox 1978 3118 2360 3185; x_wconf 77' lang='lat' dir='ltr'>vastacione</span> <span class='ocrx_word' id='word_1_208' title='bbox 2397 3117 2551 3182; x_wconf 87' lang='lat' dir='ltr'>Tar-</span> 
     </span>
     <span class='ocr_line' id='line_1_28' title="bbox 296 3223 2553 3312; baseline -0 -20"><span class='ocrx_word' id='word_1_209' title='bbox 296 3233 604 3310; x_wconf 89' lang='lat' dir='ltr'>tarorum,</span> <span class='ocrx_word' id='word_1_210' title='bbox 662 3223 923 3308; x_wconf 89' lang='lat' dir='ltr'>quando</span> <span class='ocrx_word' id='word_1_211' title='bbox 973 3224 1395 3291; x_wconf 90' lang='lat' dir='ltr'>communiter</span> <span class='ocrx_word' id='word_1_212' title='bbox 1428 3235 1493 3292; x_wconf 90' lang='lat' dir='ltr'>et</span> <span class='ocrx_word' id='word_1_213' title='bbox 1522 3227 1777 3294; x_wconf 90' lang='lat' dir='ltr'>nobiles</span> <span class='ocrx_word' id='word_1_214' title='bbox 1830 3233 1895 3293; x_wconf 90' lang='lat' dir='ltr'>et</span> <span class='ocrx_word' id='word_1_215' title='bbox 1940 3225 2293 3312; x_wconf 85' lang='lat' dir='ltr'>populares</span> <span class='ocrx_word' id='word_1_216' title='bbox 2336 3225 2553 3309; x_wconf 86' lang='lat' dir='ltr'>Regni</span> 
     </span>
     <span class='ocr_line' id='line_1_29' title="bbox 299 3332 2552 3418; baseline -0.002 -17"><span class='ocrx_word' id='word_1_217' title='bbox 299 3334 507 3403; x_wconf 89' lang='lat' dir='ltr'>nostri</span> <span class='ocrx_word' id='word_1_218' title='bbox 540 3353 658 3418; x_wconf 86' lang='lat' dir='ltr'>pro</span> <span class='ocrx_word' id='word_1_219' title='bbox 690 3332 1190 3400; x_wconf 89' lang='lat' dir='ltr'>conseruacione</span> <span class='ocrx_word' id='word_1_220' title='bbox 1210 3332 1344 3399; x_wconf 85' lang='lat' dir='ltr'>vite</span> <span class='ocrx_word' id='word_1_221' title='bbox 1369 3352 1488 3399; x_wconf 89' lang='lat' dir='ltr'>sue</span> <span class='ocrx_word' id='word_1_222' title='bbox 1519 3339 1670 3399; x_wconf 92' lang='lat' dir='ltr'>ante</span> <span class='ocrx_word' id='word_1_223' title='bbox 1700 3333 1935 3400; x_wconf 88' lang='lat' dir='ltr'>faciem</span> <span class='ocrx_word' id='word_1_224' title='bbox 1956 3353 2175 3401; x_wconf 90' lang='lat' dir='ltr'>eorum</span> <span class='ocrx_word' id='word_1_225' title='bbox 2195 3332 2552 3418; x_wconf 82' lang='lat' dir='ltr'>fugiebant,</span> 
     </span>
     <span class='ocr_line' id='line_1_30' title="bbox 301 3439 2554 3528; baseline -0 -20"><span class='ocrx_word' id='word_1_226' title='bbox 301 3443 443 3510; x_wconf 87' lang='lat' dir='ltr'>zelo</span> <span class='ocrx_word' id='word_1_227' title='bbox 470 3439 812 3508; x_wconf 88' lang='lat' dir='ltr'>fidelitatis</span> <span class='ocrx_word' id='word_1_228' title='bbox 842 3458 1179 3526; x_wconf 85' lang='lat' dir='ltr'>accensus,</span> <span class='ocrx_word' id='word_1_229' title='bbox 1210 3440 1342 3508; x_wconf 90' lang='lat' dir='ltr'>imo</span> <span class='ocrx_word' id='word_1_230' title='bbox 1372 3442 1597 3526; x_wconf 89' lang='lat' dir='ltr'>pocius</span> <span class='ocrx_word' id='word_1_231' title='bbox 1630 3442 1870 3508; x_wconf 85' lang='lat' dir='ltr'>virtute</span> <span class='ocrx_word' id='word_1_232' title='bbox 1900 3443 2170 3528; x_wconf 89' lang='lat' dir='ltr'>propria</span> <span class='ocrx_word' id='word_1_233' title='bbox 2206 3442 2554 3524; x_wconf 88' lang='lat' dir='ltr'>animatus,</span> 
     </span>
     <span class='ocr_line' id='line_1_31' title="bbox 300 3546 2556 3635; baseline -0.002 -17"><span class='ocrx_word' id='word_1_234' title='bbox 300 3551 388 3618; x_wconf 89' lang='lat' dir='ltr'>ad</span> <span class='ocrx_word' id='word_1_235' title='bbox 418 3546 798 3616; x_wconf 91' lang='lat' dir='ltr'>Danubium</span> <span class='ocrx_word' id='word_1_236' title='bbox 847 3565 992 3613; x_wconf 92' lang='lat' dir='ltr'>cum</span> <span class='ocrx_word' id='word_1_237' title='bbox 1023 3547 1291 3634; x_wconf 89' lang='lat' dir='ltr'>copiosa</span> <span class='ocrx_word' id='word_1_238' title='bbox 1339 3547 1753 3614; x_wconf 84' lang='lat' dir='ltr'>multitudine</span> <span class='ocrx_word' id='word_1_239' title='bbox 1792 3556 2189 3616; x_wconf 83' lang='lat' dir='ltr'>armatorum</span> <span class='ocrx_word' id='word_1_240' title='bbox 2228 3568 2299 3615; x_wconf 92' lang='lat' dir='ltr'>se</span> <span class='ocrx_word' id='word_1_241' title='bbox 2326 3568 2556 3635; x_wconf 90' lang='lat' dir='ltr'>prepa-</span> 
     </span>
     <span class='ocr_line' id='line_1_32' title="bbox 302 3655 2556 3743; baseline 0 -19"><span class='ocrx_word' id='word_1_242' title='bbox 302 3655 536 3741; x_wconf 87' lang='lat' dir='ltr'>rando,</span> <span class='ocrx_word' id='word_1_243' title='bbox 570 3656 820 3723; x_wconf 88' lang='lat' dir='ltr'>tamdiu</span> <span class='ocrx_word' id='word_1_244' title='bbox 848 3655 1191 3722; x_wconf 89' lang='lat' dir='ltr'>transitum</span> <span class='ocrx_word' id='word_1_245' title='bbox 1237 3655 1571 3743; x_wconf 89' lang='lat' dir='ltr'>prohibuit</span> <span class='ocrx_word' id='word_1_246' title='bbox 1600 3656 2025 3722; x_wconf 86' lang='lat' dir='ltr'>Tartarorum</span> <span class='ocrx_word' id='word_1_247' title='bbox 2064 3657 2202 3724; x_wconf 83' lang='lat' dir='ltr'>vari</span> <span class='ocrx_word' id='word_1_248' title='bbox 2201 3658 2268 3742; x_wconf 91' lang='lat' dir='ltr'>js</span> <span class='ocrx_word' id='word_1_249' title='bbox 2298 3656 2556 3725; x_wconf 87' lang='lat' dir='ltr'>fortune</span> 
     </span>
     <span class='ocr_line' id='line_1_33' title="bbox 301 3761 2554 3850; baseline -0.001 -18"><span class='ocrx_word' id='word_1_250' title='bbox 301 3764 567 3832; x_wconf 76' lang='lat' dir='ltr'>casibus</span> <span class='ocrx_word' id='word_1_251' title='bbox 596 3761 917 3850; x_wconf 88' lang='lat' dir='ltr'>intrepide</span> <span class='ocrx_word' id='word_1_252' title='bbox 937 3781 1010 3829; x_wconf 89' lang='lat' dir='ltr'>se</span> <span class='ocrx_word' id='word_1_253' title='bbox 1040 3761 1471 3849; x_wconf 79' lang='lat' dir='ltr'>subijciendO,</span> <span class='ocrx_word' id='word_1_254' title='bbox 1506 3762 1713 3830; x_wconf 90' lang='lat' dir='ltr'>donec</span> <span class='ocrx_word' id='word_1_255' title='bbox 1741 3762 1826 3827; x_wconf 91' lang='lat' dir='ltr'>ab</span> <span class='ocrx_word' id='word_1_256' title='bbox 1848 3782 2070 3830; x_wconf 91' lang='lat' dir='ltr'>eorum</span> <span class='ocrx_word' id='word_1_257' title='bbox 2099 3764 2347 3850; x_wconf 89' lang='lat' dir='ltr'>impetu</span> <span class='ocrx_word' id='word_1_258' title='bbox 2380 3764 2554 3848; x_wconf 89' lang='lat' dir='ltr'>quis·</span> 
     </span>
     <span class='ocr_line' id='line_1_34' title="bbox 300 3869 2558 3956; baseline -0.001 -18"><span class='ocrx_word' id='word_1_259' title='bbox 300 3891 430 3955; x_wconf 88' lang='lat' dir='ltr'>que</span> <span class='ocrx_word' id='word_1_260' title='bbox 461 3890 623 3937; x_wconf 86' lang='lat' dir='ltr'>sane</span> <span class='ocrx_word' id='word_1_261' title='bbox 659 3873 918 3954; x_wconf 88' lang='lat' dir='ltr'>poterat</span> <span class='ocrx_word' id='word_1_262' title='bbox 949 3887 1021 3935; x_wconf 90' lang='lat' dir='ltr'>se</span> <span class='ocrx_word' id='word_1_263' title='bbox 1052 3869 1352 3953; x_wconf 84' lang='lat' dir='ltr'>saluare3</span> <span class='ocrx_word' id='word_1_264' title='bbox 1388 3875 1538 3952; x_wconf 88' lang='lat' dir='ltr'>post</span> <span class='ocrx_word' id='word_1_265' title='bbox 1567 3887 1786 3934; x_wconf 90' lang='lat' dir='ltr'>eorum</span> <span class='ocrx_word' id='word_1_266' title='bbox 1806 3874 2021 3934; x_wconf 87' lang='lat' dir='ltr'>autem</span> <span class='ocrx_word' id='word_1_267' title='bbox 2052 3888 2382 3936; x_wconf 86' lang='lat' dir='ltr'>recessum</span> <span class='ocrx_word' id='word_1_268' title='bbox 2411 3871 2558 3956; x_wconf 92' lang='lat' dir='ltr'>ipse</span> 
     </span>
     <span class='ocr_line' id='line_1_35' title="bbox 298 3975 2557 4069; baseline -0.003 -22"><span class='ocrx_word' id='word_1_269' title='bbox 298 3983 489 4069; x_wconf 87' lang='lat' dir='ltr'>prius</span> <span class='ocrx_word' id='word_1_270' title='bbox 546 3997 663 4063; x_wconf 92' lang='lat' dir='ltr'>pre</span> <span class='ocrx_word' id='word_1_271' title='bbox 714 3977 946 4042; x_wconf 89' lang='lat' dir='ltr'>ceteris</span> <span class='ocrx_word' id='word_1_272' title='bbox 993 3975 1327 4043; x_wconf 90' lang='lat' dir='ltr'>nobilibus</span> <span class='ocrx_word' id='word_1_273' title='bbox 1375 3976 1591 4059; x_wconf 92' lang='lat' dir='ltr'>Regni</span> <span class='ocrx_word' id='word_1_274' title='bbox 1639 3976 1814 4042; x_wconf 83' lang='lat' dir='ltr'>vltra</span> <span class='ocrx_word' id='word_1_275' title='bbox 1842 3976 2216 4044; x_wconf 87' lang='lat' dir='ltr'>Danubium</span> <span class='ocrx_word' id='word_1_276' title='bbox 2263 3979 2557 4060; x_wconf 84' lang='lat' dir='ltr'>veniens,</span> 
     </span>
     <span class='ocr_line' id='line_1_36' title="bbox 301 4085 2558 4172; baseline -0.001 -18"><span class='ocrx_word' id='word_1_277' title='bbox 301 4096 444 4155; x_wconf 87' lang='lat' dir='ltr'>tam</span> <span class='ocrx_word' id='word_1_278' title='bbox 477 4090 547 4154; x_wconf 93' lang='lat' dir='ltr'>in</span> <span class='ocrx_word' id='word_1_279' title='bbox 579 4086 849 4169; x_wconf 90' lang='lat' dir='ltr'>eisdem,</span> <span class='ocrx_word' id='word_1_280' title='bbox 899 4104 1095 4169; x_wconf 90' lang='lat' dir='ltr'>quam</span> <span class='ocrx_word' id='word_1_281' title='bbox 1128 4086 1195 4151; x_wconf 91' lang='lat' dir='ltr'>in</span> <span class='ocrx_word' id='word_1_282' title='bbox 1216 4085 1705 4152; x_wconf 86' lang='lat' dir='ltr'>Transsiluanis</span> <span class='ocrx_word' id='word_1_283' title='bbox 1735 4087 2033 4172; x_wconf 87' lang='lat' dir='ltr'>partibus</span> <span class='ocrx_word' id='word_1_284' title='bbox 2061 4086 2240 4152; x_wconf 87' lang='lat' dir='ltr'>fures</span> <span class='ocrx_word' id='word_1_285' title='bbox 2272 4093 2336 4152; x_wconf 92' lang='lat' dir='ltr'>et</span> <span class='ocrx_word' id='word_1_286' title='bbox 2366 4087 2558 4152; x_wconf 90' lang='lat' dir='ltr'>latro-</span> 
     </span>
     <span class='ocr_line' id='line_1_37' title="bbox 301 4193 2561 4281; baseline -0.002 -18"><span class='ocrx_word' id='word_1_287' title='bbox 301 4215 449 4279; x_wconf 89' lang='lat' dir='ltr'>nes,</span> <span class='ocrx_word' id='word_1_288' title='bbox 501 4195 614 4278; x_wconf 91' lang='lat' dir='ltr'>qui</span> <span class='ocrx_word' id='word_1_289' title='bbox 645 4199 801 4259; x_wconf 90' lang='lat' dir='ltr'>tunc</span> <span class='ocrx_word' id='word_1_290' title='bbox 830 4195 899 4259; x_wconf 92' lang='lat' dir='ltr'>in</span> <span class='ocrx_word' id='word_1_291' title='bbox 931 4193 1179 4260; x_wconf 89' lang='lat' dir='ltr'>eisdem</span> <span class='ocrx_word' id='word_1_292' title='bbox 1210 4194 1372 4260; x_wconf 83' lang='lat' dir='ltr'>locis</span> <span class='ocrx_word' id='word_1_293' title='bbox 1404 4195 1623 4281; x_wconf 87' lang='lat' dir='ltr'>plures</span> <span class='ocrx_word' id='word_1_294' title='bbox 1656 4194 1854 4262; x_wconf 87' lang='lat' dir='ltr'>solito</span> <span class='ocrx_word' id='word_1_295' title='bbox 1888 4202 2321 4276; x_wconf 85' lang='lat' dir='ltr'>surrexerant,</span> <span class='ocrx_word' id='word_1_296' title='bbox 2372 4194 2561 4259; x_wconf 85' lang='lat' dir='ltr'>extir-</span> 
     </span>
     <span class='ocr_line' id='line_1_38' title="bbox 302 4300 2559 4390; baseline -0.003 -21"><span class='ocrx_word' id='word_1_297' title='bbox 302 4302 569 4390; x_wconf 89' lang='lat' dir='ltr'>pando,</span> <span class='ocrx_word' id='word_1_298' title='bbox 622 4305 688 4366; x_wconf 91' lang='lat' dir='ltr'>et</span> <span class='ocrx_word' id='word_1_299' title='bbox 726 4302 908 4385; x_wconf 86' lang='lat' dir='ltr'>justo</span> <span class='ocrx_word' id='word_1_300' title='bbox 959 4300 1289 4366; x_wconf 88' lang='lat' dir='ltr'>mediante</span> <span class='ocrx_word' id='word_1_301' title='bbox 1328 4300 1582 4384; x_wconf 87' lang='lat' dir='ltr'>judicio</span> <span class='ocrx_word' id='word_1_302' title='bbox 1633 4300 2163 4385; x_wconf 90' lang='lat' dir='ltr'>condemnando,</span> <span class='ocrx_word' id='word_1_303' title='bbox 2227 4300 2559 4384; x_wconf 88' lang='lat' dir='ltr'>dispersos</span> 
     </span>
     <span class='ocr_line' id='line_1_39' title="bbox 215 4408 2561 4494; baseline -0.003 -16"><span class='ocrx_word' id='word_1_304' title='bbox 215 4417 226 4426; x_wconf 68' lang='lat'><strong>⁴</strong></span> <span class='ocrx_word' id='word_1_305' title='bbox 299 4409 596 4493; x_wconf 68' lang='lat' dir='ltr'>Vndique</span> <span class='ocrx_word' id='word_1_306' title='bbox 628 4409 908 4494; x_wconf 86' lang='lat' dir='ltr'>populos</span> <span class='ocrx_word' id='word_1_307' title='bbox 948 4409 1307 4494; x_wconf 76' lang='lat' dir='ltr'>recollegit,</span> <span class='ocrx_word' id='word_1_308' title='bbox 1359 4408 1800 4491; x_wconf 89' lang='lat' dir='ltr'>collectosque</span> <span class='ocrx_word' id='word_1_309' title='bbox 1830 4413 1894 4473; x_wconf 92' lang='lat' dir='ltr'>et</span> <span class='ocrx_word' id='word_1_310' title='bbox 1925 4409 2224 4473; x_wconf 88' lang='lat' dir='ltr'>inuentos</span> <span class='ocrx_word' id='word_1_311' title='bbox 2274 4413 2561 4473; x_wconf 88' lang='lat' dir='ltr'>manute-</span> 
     </span>
     <span class='ocr_line' id='line_1_40' title="bbox 298 4514 2562 4601; baseline -0.003 -16"><span class='ocrx_word' id='word_1_312' title='bbox 298 4516 520 4587; x_wconf 88' lang='lat' dir='ltr'>nendo</span> <span class='ocrx_word' id='word_1_313' title='bbox 551 4515 835 4584; x_wconf 90' lang='lat' dir='ltr'>fideliter</span> <span class='ocrx_word' id='word_1_314' title='bbox 868 4524 934 4583; x_wconf 91' lang='lat' dir='ltr'>et</span> <span class='ocrx_word' id='word_1_315' title='bbox 963 4515 1433 4599; x_wconf 90' lang='lat' dir='ltr'>conseruando,</span> <span class='ocrx_word' id='word_1_316' title='bbox 1485 4514 1872 4582; x_wconf 87' lang='lat' dir='ltr'>salifodinas</span> <span class='ocrx_word' id='word_1_317' title='bbox 1911 4516 2188 4601; x_wconf 88' lang='lat' dir='ltr'>aperuit,</span> <span class='ocrx_word' id='word_1_318' title='bbox 2232 4522 2296 4580; x_wconf 91' lang='lat' dir='ltr'>et</span> <span class='ocrx_word' id='word_1_319' title='bbox 2328 4520 2562 4580; x_wconf 89' lang='lat' dir='ltr'>cuncta</span> 
     </span>
     <span class='ocr_line' id='line_1_41' title="bbox 297 4621 2559 4714; baseline -0.002 -21"><span class='ocrx_word' id='word_1_320' title='bbox 297 4627 618 4714; x_wconf 87' lang='lat' dir='ltr'>perficere</span> <span class='ocrx_word' id='word_1_321' title='bbox 650 4624 915 4710; x_wconf 88' lang='lat' dir='ltr'>studuit,</span> <span class='ocrx_word' id='word_1_322' title='bbox 969 4642 1097 4707; x_wconf 88' lang='lat' dir='ltr'>que</span> <span class='ocrx_word' id='word_1_323' title='bbox 1131 4631 1197 4691; x_wconf 90' lang='lat' dir='ltr'>et</span> <span class='ocrx_word' id='word_1_324' title='bbox 1246 4624 1703 4693; x_wconf 87' lang='lat' dir='ltr'>reformacioni</span> <span class='ocrx_word' id='word_1_325' title='bbox 1751 4624 1963 4709; x_wconf 87' lang='lat' dir='ltr'>Regni</span> <span class='ocrx_word' id='word_1_326' title='bbox 1994 4622 2262 4708; x_wconf 87' lang='lat' dir='ltr'>sciebat,</span> <span class='ocrx_word' id='word_1_327' title='bbox 2311 4629 2377 4689; x_wconf 91' lang='lat' dir='ltr'>et</span> <span class='ocrx_word' id='word_1_328' title='bbox 2415 4621 2559 4688; x_wconf 83' lang='lat' dir='ltr'>vsui</span> 
     </span>
    </p>
   </div>
  </div>
 </body>
</html>
