3359 5250
1860 371 1989 436 136

1868 942 1981 1011 90.

793 1115 916 1183 IV.
955 1115 1116 1181 Bata
1165 1115 1381 1205 kirdly
1428 1121 1781 1206 meqer6⁸iti
1812 1122 1904 1189 ΙΙ.
1937 1122 2159 1189 Endre
2207 1123 2556 1211 kirdlynak
2605 1122 2750 1190 Aba
2799 1137 3060 1192 ’tenuet-

793 1223 1023 1310 se'qbeli
1069 1224 1359 1290 Demeter
1407 1236 1628 1293 mester
1673 1232 1972 1294 ezdmdra
2019 1228 2273 1297 kiadott
2325 1231 2597 1297 12341σὸ
2645 1232 3055 1320 adontdnydt.

1831 1337 2024 1402 1243.

1012 1528 1176 1596 Bela
1225 1529 1351 1595 Dei
1399 1528 1631 1614 gracia
1660 1527 2017 1615 Hungarie‚
2068 1528 2432 1617 Dalmacie‚
2487 1529 2783 1618 Croacie,
2830 1535 3062 1619 Rama,

799 1635 1047 1722 Seruic,
1076 1637 1378 1722 Gallicie‚
1411 1636 1798 1704 Lodomerie
1818 1634 2259 1722 Comanieque
2290 1640 2430 1705 Rex
2462 1639 2784 1708 vniuersis
2817 1639 3065 1709 Christi

797 1742 1097 1811 fidelibus
1129 1751 1266 1811 tam
1316 1744 1727 1830 presentibus
1759 1763 1952 1828 quam
2002 1742 2236 1811 futuris
2269 1753 2611 1832 presentes
2662 1747 2917 1814 litteras
2964 1749 3064 1814 in·

800 1852 1117 1938 specturis
1149 1852 1429 1918 salutem
1461 1851 1528 1917 in
1559 1851 1842 1920 Domino
1876 1852 2365 1939 sempiternam.
2397 1854 2605 1939 Regio
2631 1853 3065 1938 benignitatis

800 1959 1029 2043 gracia
1057 1958 1491 2046 peticionibus
1542 1979 1807 2027 suorum
1838 1959 2126 2026 fidelium
2158 1960 2269 2047 pio
2316 1961 2657 2029 consueuit
2711 1981 3065 2047 assurgere

799 2086 943 2134 cum
978 2067 1226 2154 fauore,
1278 2074 1343 2135 et
1373 2067 1662 2155 ipsorum
1696 2066 2092 2135 desiderium
2141 2067 2327 2135 iuxta
2373 2089 2634 2136 suorum
2684 2068 3063 2136 meritorum

802 2175 1212 2262 exigenciam
1263 2174 1688 2245 laudabiliter
1735 2176 2096 2263 admittere,
2152 2182 2224 2242 vt
2255 2196 2334 2243 eo
2386 2178 2531 2246 uiso
2580 2180 2703 2245 sub
2752 2176 3064 2263 Principe

801 2280 1102 2363 graciose
1152 2281 1414 2348 discant
1461 2281 1659 2350 ceteri
1711 2280 2021 2349 deuocius
2066 2280 2392 2348 famulari.
2454 2282 2560 2349 Ad
2610 2282 3065 2351 vniuersorum

804 2389 1003 2475 igitur
1032 2388 1345 2456 noticiam
1393 2394 1618 2458 tenore
1647 2390 2058 2477 presencium
2109 2389 2407 2457 uolumus
2454 2390 2832 2477 peruenire;
2885 2389 3068 2474 quod

800 2496 1118 2583 Magister
1148 2497 1519 2565 Demetrius
1552 2497 1724 2565 filius
1757 2496 2031 2567 Comitis
2061 2496 2255 2584 Syxti
2286 2496 2370 2563 de
2402 2518 2645 2583 genere
2676 2497 2827 2567 Aba
2866 2498 3070 2566 dilec-

803 2612 908 2674 tus
942 2612 1007 2674 ct
1037 2604 1249 2675 fidelis
1278 2611 1500 2675 noster
1531 2603 1619 2673 ad
1642 2612 1932 2675 nostram
1964 2604 2282 2673 accedens
2301 2606 2730 2694 presenciam,
2764 2605 3070 2675 exhibuit

801 2715 989 2782 nobis
1040 2714 1458 2801 priuilegium
1486 2714 2039 2783 Excellentissimi
2090 2714 2336 2782 domini
2368 2714 2630 2783 Andree
2666 2715 3071 2786 victoriosis·

804 2821 954 2889 simi
984 2822 1110 2888 Dei
1160 2821 1390 2904 gracia
1418 2821 1621 2906 Regis
1653 2821 1996 2907 Hungarie
2043 2823 2254 2908 patris
2302 2822 2513 2890 nostri
2542 2822 2877 2892 karissimi
2922 2821 3071 2890 feli-

805 2929 1066 2996 cissime
1114 2928 1589 2996 recordacionis
1639 2928 2006 2998 confectum
2055 2950 2250 3017 super
2301 2930 2663 3000 donacione
2721 2937 3066 3015 terrarum,

804 3035 1005 3106 Salan
1036 3035 1364 3122 videlieet,
1397 3037 1917 3106 Waarassukulo
1952 3044 2018 3105 et
2048 3039 2277 3125 Hasay
2312 3044 2688 3107 uocatarum
2739 3037 2822 3105 de
2853 3036 3069 3105 Comi-

805 3152 945 3212 tatu
965 3143 1353 3230 Byhoriensi
1374 3170 1390 3231 ;
1425 3143 1582 3212 item
1601 3146 1757 3212 Peel
1776 3152 1840 3212 et
1860 3153 2161 3231 quartam
2181 3152 2435 3233 partem
2457 3144 2633 3235 (igy)
2655 3154 2824 3215 terre
2845 3145 3067 3213 Patha

807 3260 872 3319 et
900 3252 1092 3337 Byna
1122 3249 1205 3318 de
1235 3251 1502 3318 Zurduk
1548 3253 1616 3319 in
1653 3251 1978 3321 Comitatu
2011 3253 2186 3321 Noui
2218 3251 2453 3340 Castri,
2507 3261 2739 3339 petens
2790 3272 2939 3320 cum
2968 3253 3070 3319 in·

808 3357 1086 3440 stancia‚
1134 3367 1207 3424 ut
1246 3377 1368 3426 nos
1417 3358 1631 3446 ipsum
1679 3358 2101 3445 priuilegium
2150 3366 2363 3428 ratum
2412 3359 2680 3445 habere,
2731 3370 2798 3427 et
2841 3366 3074 3427 nostro

809 3464 1226 3550 dignaremur
1256 3465 1607 3551 priuilegio
1644 3468 2048 3535 confirmare.
2082 3466 2282 3536 Cuius
2314 3467 2579 3554 quidem
2610 3466 2945 3554 priuilegij
2978 3474 3075 3533 te·

811 3594 929 3642 nor
957 3572 1112 3640 talis
1151 3578 1292 3640 est:

1026 3680 1101 3745 In
1130 3680 1395 3748 nomine
1426 3681 1552 3748 stb.
1605 3679 1904 3749 Andreas
1938 3682 2064 3750 stb.
2118 3680 2543 3770 (kovetkezik
2588 3682 2674 3750 11.
2707 3678 2926 3748 Endre
2972 3680 3079 3746 ki-

814 3787 1097 3873 ralynak
1121 3788 1399 3855 1234-ki
1418 3788 1980 3876 adomanylevcle‚
2002 3789 2166 3857 mint
2186 3811 2227 3857 a
2242 3791 2425 3877 jelen
2446 3789 2859 3876 Okmanytar
2877 3785 2930 3854 1.
2958 3787 3077 3852 ko·

810 3896 1070 3964 teteben
1104 3895 1257 3965 345.
1290 3915 1380 3962 sz.
1412 3895 1506 3983 a.)

1023 4002 1165 4072 Nos
1197 4003 1442 4090 itaque,
1493 4002 1603 4089 qui
1635 4023 1718 4070 ex
1752 4001 1966 4072 officio
2001 4004 2287 4091 suscepti
2319 4002 2657 4090 regiminis
2703 4001 2910 4071 nostri
2943 4020 3080 4068 me-

809 4112 916 4178 tiri
952 4112 1262 4181 debemus
1293 4111 1528 4179 merita
1560 4110 1988 4196 singulorum,
2025 4119 2092 4179 et
2123 4111 2341 4198 dignis
2375 4131 2495 4197 pro
2527 4110 2778 4179 meritis
2810 4126 3081 4195 respon-

816 4220 993 4304 dere,
1044 4226 1115 4286 vt
1144 4221 1403 4289 illorum
1443 4220 1744 4308 exemplo
1778 4218 1893 4304 alij
1946 4218 2035 4287 ad
2065 4218 2406 4286 fidelitatis
2454 4238 2657 4305 opera
2701 4216 3079 4284 feruencius

811 4326 1220 4397 inducantur.
1256 4328 1611 4414 Propterea
1641 4326 2024 4393 fidelitatem
2057 4335 2121 4393 et
2149 4326 2379 4393 fideles
2403 4325 2761 4393 famulatus
2791 4321 3079 4411 predicti

811 4435 1110 4518 Magistri
1140 4435 1476 4521 Demetrii,
1530 4434 1641 4520 qui
1674 4433 2028 4502 karissimo
2076 4432 2262 4500 fratri
2294 4442 2517 4503 nostro
2550 4433 2716 4519 Regi
2751 4431 2824 4499 C.
2858 4440 2923 4499 et
2959 4452 3077 4497 no-

808 4541 908 4606 bis
943 4562 1022 4607 ac
1051 4542 1170 4609 toti
1199 4544 1423 4627 Regno
1457 4541 1526 4607 in
1579 4540 1862 4607 diuersis
1895 4540 2193 4626 seruicijs
2248 4548 2310 4607 et
2341 4541 2552 4625 Regni
2601 4540 2807 4610 nostri
2844 4557 3076 4625 geren-

808 4647 931 4733 dis,
967 4648 1413 4733 multipliciter
1443 4647 1745 4734 inpendit
1776 4656 2212 4732 recensentes,
2246 4649 2636 4735 peticionem
2661 4650 2864 4716 eciam
2898 4648 3071 4713 eius·
