3359 5250
1911 416 2044 482 490

853 613 1026 678 Sane
1079 635 1118 679 a
1167 611 1519 681 venerabili
1576 613 1773 678 fratrc
1824 619 2044 681 nostro
2096 611 2155 677 J.
2213 612 2720 698 Archiepiseopo
2773 609 3111 695 quondam

847 720 1180 807 Ragusino
1213 722 1504 789 Ecclesie
1535 721 1869 807 Ragusine
1901 721 2112 790 libera
2143 722 2589 808 resignatione
2625 727 2912 808 recepta,
2953 738 3101 787 cum

843 827 927 896 de
956 829 1162 917 ipsius
1196 828 1486 898 Ecclesie
1536 828 1951 898 ordinatione
1983 835 2050 896 et
2100 829 2324 917 populi
2358 829 2678 915 Ragusini
2720 825 2958 896 duritia
2990 847 3095 896 co-

842 936 1197 1022 gitaremus
1247 945 1516 1025 attente,
1572 939 1660 1005 ad
1710 958 2052 1025 personam
2084 944 2265 1006 tuam
2318 935 2407 1004 ad
2457 937 2749 1006 eiusdem
2798 935 3101 1004 Ecclesie

837 1046 1131 1134 regimen
1181 1056 1446 1136 propter
1496 1049 1701 1116 multa
1759 1046 2214 1116 favorabiliter
2264 1044 2725 1115 assumendam
2789 1045 3092 1113 intuitum

840 1155 1379 1224 considerationis
1399 1162 1620 1224 nostre
1650 1154 2110 1240 convertimus,
2133 1161 2490 1242 sperantes,
2531 1154 2704 1241 quod
2728 1174 2843 1239 per
2867 1151 3095 1219 datam

839 1263 952 1330 tibi
1004 1285 1047 1331 a
1076 1266 1355 1333 Domino
1405 1265 1885 1351 discretionem,
1939 1262 2197 1333 consilii
2230 1262 2691 1347 maturitatem,
2745 1263 2879 1330 vite
2910 1280 3095 1328 mun-

833 1371 1086 1459 ditiam,
1120 1373 1459 1459 religionis
1491 1372 1853 1441 claritatem
1904 1378 1971 1440 et
1998 1372 2363 1449 litterarum
2397 1372 2735 1441 scientiam
2770 1368 2947 1458 apud
2977 1391 3091 1458 po-

833 1481 1054 1566 pulum
1087 1481 1304 1570 ipsum
1337 1482 1604 1567 dignum
1636 1483 1949 1568 proficere
1987 1481 2230 1548 debeas
2262 1480 2461 1548 verbo
2494 1479 2741 1568 pariter
2779 1486 2846 1545 ct
2875 1497 3087 1547 exem·

833 1589 967 1674 plo.
1019 1588 1207 1657 Unde
1237 1594 1303 1656 te
1353 1587 1482 1676 ipsi
1512 1588 1810 1657 Ecclesie
1859 1588 1941 1657 de
1970 1587 2244 1657 fratrum
2278 1596 2645 1660 nostrorum
2698 1585 2975 1655 consilio
3028 1593 3097 1652 et

831 1696 1176 1784 potestatis
1226 1702 1446 1764 nostre
1505 1694 1915 1784 plenitudine
1963 1698 2031 1764 in
2080 1688 2658 1785 'Archiepiseopum
2719 1695 3088 1783 preficimus

833 1823 914 1871 ae
947 1809 1294 1891 pastorem,
1327 1803 1581 1871 firmam
1621 1823 1807 1892 spem
1838 1803 2271 1891 fiduciamque
2303 1811 2617 1888 tenentes,
2661 1803 2835 1890 quod
2856 1803 3085 1871 eadem

830 1910 1126 2011 Ecclesia
1158 1916 1223 1977 et
1251 1910 1533 1998 populus
1564 1910 1894 1997 predictus
1929 1920 2038 1979 tue
2072 1912 2417 2000 diligentie
2464 1913 2682 1981 studio
2715 1911 3087 2000 spiritualia

829 2027 895 2087 et
926 2019 1335 2108 temporalia,
1391 2027 1660 2088 auctore
1692 2018 1991 2103 Domino,
2026 2020 2383 2110 suscipient
2429 2021 2852 2089 incrementa.
2906 2019 3082 2100 Quo·

828 2129 1006 2197 cirea
1035 2127 1448 2213 mandamus,
1480 2135 1802 2214 quatenus
1825 2127 2190 2215 attendens,
2222 2136 2290 2198 te
2320 2131 2388 2198 in
2418 2138 2673 2219 partem
2717 2152 2847 2199 non
2880 2130 3081 2199 modi·

825 2257 972 2305 cam
1023 2245 1242 2306 nostre
1293 2237 1751 2306 sollicitudinis
1802 2244 2163 2325 evocatum,
2213 2240 2309 2308 sic
2358 2242 2515 2328 iugo
2565 2241 2847 2323 Domini,
2904 2240 3079 2329 quod

823 2346 948 2414 tibi
976 2366 1095 2433 per
1114 2345 1670 2433 dispensationem
1703 2351 1991 2414 nostram
2014 2345 2388 2435 imponitur,
2420 2348 2747 2418 humiliter
2787 2349 3079 2417 subicias

820 2451 1224 2522 fortitudinis
1253 2459 1365 2521 tue
1396 2452 1651 2537 collum,
1709 2450 1793 2522 de
1825 2453 2270 2525 misericordia
2299 2457 2423 2523 Dei
2475 2464 2540 2525 et
2571 2455 2950 2544 Apostolico
2991 2456 3076 2523 fa-

818 2581 979 2631 vore
1012 2561 1363 2650 confidens,
1398 2560 1573 2648 quod
1601 2561 1842 2631 exinde
1872 2562 1990 2630 tibi
2020 2564 2363 2652 proveniat
2393 2567 2461 2634 in
2491 2567 2780 2655 presenti
2816 2564 3072 2633 merito-

816 2690 957 2738 rum
997 2669 1214 2758 gratia
1243 2677 1311 2739 et
1357 2673 1749 2759 premiorum
1780 2670 1992 2757 gloria
2021 2672 2093 2741 in
2125 2672 2359 2742 futuro.
2413 2675 2652 2743 Datum
2688 2673 2969 2742 Viterbii
3002 2675 3075 2741 V.

815 2778 972 2847 idus
1004 2778 1362 2865 Februarii,
1396 2780 1813 2849 Pontificatus
1853 2783 2056 2851 nostri
2087 2800 2260 2852 anno
2292 2790 2543 2869 quarto.

814 2979 1091 3046 (Theium,
1118 2981 1321 3033 Vetera
1344 2977 1701 3035 monumenta
1725 2981 2007 3033 Slavorum
2025 2984 2467 3040 Meridionalium
2492 2983 2773 3037 historiam
2800 2983 3074 3038 illustran-

1705 3073 1785 3123 tia
1809 3073 1855 3123 1.
1884 3072 1997 3125 ket.
2025 3073 2110 3127 86.
2138 3069 2201 3141 1.)
