3359 5250
1528 289 1655 354 487

1512 860 1670 930 343.

462 1047 501 1112 I
517 1045 583 1112 V.
619 1046 776 1112 Be'la
807 1045 1158 1132 lcircilynalc5
1193 1044 1348 1109 Potlz
1401 1045 1653 1131 lcdnyai
1700 1047 1991 1132 neyyede't
2036 1052 2332 1131 ido-wazo
2375 1043 2718 1131 to‘rvelnyloe-

1192 1155 1313 1218 ze'si
1341 1154 1726 1221 lzatdrozata.
1778 1153 1975 1219 1258.

669 1351 808 1419 Nos
839 1352 910 1418 B.
955 1351 1078 1416 Dei
1130 1352 1358 1435 gracia
1407 1352 1547 1418 Rex
1597 1349 1887 1435 Vngarie
1940 1353 2252 1419 memorie
2305 1348 2717 1421 commenda-

457 1479 620 1545 mus,
670 1456 843 1544 quod
873 1478 1018 1527 cum
1050 1458 1412 1527 Cori-ardus
1443 1456 1676 1527 Comes
1708 1458 1881 1527 filius
1913 1459 2228 1547 Stephani
2260 1457 2556 1545 Comitis,
2608 1473 2731 1528 so-‘
2780 1488 2783 1491 >

455 1587 638 1638 rores
689 1588 844 1636 suas
896 1568 1070 1635 filias
1120 1567 1286 1635 Poth
1307 1618 1325 1651 ‚
1378 1566 1705 1635 dominam
1752 1567 2063 1635 videlicet
2110 1575 2475 1637 consortem
2527 1567 2716 1635 Pauli

456 1677 727 1745 Comitis
758 1677 874 1763 filij
908 1676 1117 1761 Ekch,
1170 1684 1235 1747 et
1265 1676 1594 1744 dominam
1641 1683 2008 1744 consortem
2040 1676 2357 1764 Stephani
2399 1678 2568 1744 Bani
2596 1675 2712 1762 filij

454 1785 645 1853 chak
685 1785 954 1855 Comitis
986 1805 1203 1855 coram
1240 1784 1427 1853 nobis
1459 1785 1890 1870 conuenisset,
1925 1786 2308 1872 requirendo
2351 1788 2439 1856 ab
2469 1784 2713 1853 eisdem

451 1896 650 1963 Ilswa
687 1902 753 1963 et
784 1893 1092 1963 Bohocha
1143 1901 1414 1962 uocatas
1445 1895 1897 1980 possessiones
1931 1894 2196 1962 nomine
2246 1900 2414 1961 terre
2460 1913 2578 1961 sue
2611 1896 2714 1961 he-

455 2003 784 2072 reditarie.
836 2003 1008 2084 Quia
1040 2003 1226 2070 nobis
1259 2003 1324 2071 in
1357 2004 1570 2088 figura
1613 2002 1848 2090 Judicij
1883 2023 1965 2070 ex
2005 2003 2334 2070 relacione
2380 2004 2713 2085 utriusque

452 2112 659 2200 partis
678 2113 909 2199 patuit,
939 2111 1151 2180 dictas
1170 2110 1615 2198 possessiones
1640 2110 1886 2179 eisdem
1910 2111 2297 2180 dominabus
2328 2131 2450 2198 pro
2481 2119 2714 2196 quarta

453 2224 603 2289 esse
624 2220 1023 2307 assignatas,
1062 2240 1144 2287 ne
1164 2220 1231 2286 in
1265 2219 1511 2288 eisdem
1531 2220 2063 2308 possessionibus
2086 2220 2262 2287 idem
2289 2218 2708 2309 C(orrardus)

453 2328 688 2399 Comes
720 2330 826 2397 uel
858 2329 961 2396 sui
1009 2329 1286 2397 heredes
1319 2330 1446 2397 sibi
1478 2332 1737 2417 possint
1788 2331 2064 2400 ulterius
2099 2329 2367 2416 aliquod
2405 2330 2518 2415 jus
2559 2348 2713 2397 uen-

454 2438 697 2524 dicare,
749 2437 961 2505 eidem
994 2437 1065 2504 C.
1102 2443 1166 2503 et
1210 2440 1350 2505 suis
1400 2438 1887 2508 successoribus
1937 2446 2321 2526 perpetuum
2373 2437 2709 2506 silencium

453 2566 652 2635 super
698 2548 823 2615 hoc
861 2546 1163 2616 duximus
1214 2548 1701 2616 sentencialiter
1750 2547 2251 2636 imponendum;
2304 2545 2710 2615 decreuimus

453 2665 690 2741 tamen,
754 2661 826 2721 ut
872 2654 1183 2743 deinceps
1232 2655 1485 2743 prefate
1536 2655 1799 2725 domine
1852 2675 1970 2724 seu
2021 2654 2295 2724 heredes
2352 2654 2710 2723 earundum

453 2764 667 2851 ipsum
719 2762 1109 2832 Con-ardum
1158 2762 1473 2833 Comitem
1525 2771 1592 2833 et
1626 2785 1779 2834 suos
1819 2783 2231 2838 successores
2279 2785 2409 2835 non
2456 2763 2713 2853 possint

453 2871 766 2958 impetere
817 2871 1228 2957 aliquatenus
1281 2873 1546 2940 racione
1585 2879 1815 2959 quarte
1864 2874 2085 2961 sepius
2136 2881 2511 2954 memorate,
2561 2892 2708 2939 cum

457 2979 703 3048 eisdem
755 2979 1167 3047 satisfactum
1200 2980 1408 3066 fuerit,
1456 2984 1625 3051 sicut
1657 2983 1956 3070 superius
1988 2990 2092 3051 est
2141 3001 2537 3069 expressum.
2578 2983 2708 3048 Da-

456 3093 591 3153 tum
622 3087 689 3155 in
721 3086 1006 3174 Hydueg
1037 3087 1102 3156 in
1135 3086 1302 3157 festo
1332 3091 1579 3158 Mathei
1611 3091 1911 3178 Apostoli
1951 3096 2016 3158 et
2046 3089 2491 3176 Ewangeliste
2535 3108 2705 3158 anno

453 3195 728 3264 Domini·
748 3195 1093 3263 millesimo
1125 3195 1567 3268 ducentesimo
1599 3198 2142 3284 quinquagesimo
2183 3204 2435 3268 octauo.
2576 3218 2580 3223 ·

456 3397 735 3464 (Eredetie
756 3395 1102 3464 bb'rhartyan,
1125 3400 1376 3464 melynek
1396 3395 1560 3452 haitan
1581 3415 1643 3451 az
1671 3401 1773 3452 oda
1794 3406 2037 3466 nyomott
2064 3398 2357 3467 possetnek
2384 3415 2581 3466 nyoma
2604 3398 2704 3455 lat-

800 3489 915 3540 szik
940 3488 1078 3556 meg.
1119 3490 1165 3541 A
1193 3489 1340 3545 melt.
1364 3488 1496 3544 baro
1523 3491 1712 3561 Revay
1737 3492 1923 3547 caalad
1948 3489 2358 3559 leveltaraban.)

1307 3781 1835 3792 m*—
