3359 5250
1436 385 1510 449 31

326 595 625 680 Judicum
674 595 1186 678 prenotatorum,
1242 606 1435 673 quem
1469 585 1698 651 Abbas
1739 587 2032 674 elegerit,
2088 591 2330 675 agendi
2366 597 2607 666 habeat

336 704 738 770 facultatem.
786 701 990 767 Porro
1024 697 1259 763 fratres
1292 695 1591 761 eiusdem
1622 695 1920 763 Ecclesie
1951 718 2069 783 per
2099 705 2305 769 totam
2342 704 2608 790 Huuga-

340 813 506 878 riam
537 811 763 890 libere,
818 813 883 874 et
928 806 1176 889 absque
1219 803 1465 869 tributo
1509 802 1764 889 possint
1811 803 2094 873 vendere
2145 815 2210 875 et
2239 831 2453 880 emere
2474 864 2491 896 ,
2545 821 2610 881 et

335 917 619 984 transire
648 915 1019 999 vbicunque
1050 910 1395 980 voluerint.
1449 912 1693 977 Verum
1726 932 1953 978 omnes
1987 914 2350 1000 cybriones‚
2393 922 2507 1004 qui
2540 924 2608 988 in

335 1032 515 1093 terra
547 1024 801 1102 Narad‚
852 1023 963 1089 uel
991 1024 1059 1088 in
1090 1018 1390 1087 omnibus
1432 1020 1583 1086 aliis
1615 1020 1826 1106 terrie,
1881 1030 1944 1089 et
1982 1025 2191 1093 vineis
2241 1026 2452 1096 eidem
2485 1032 2611 1097 Ab·

339 1133 481 1199 bati
532 1130 792 1200 collatis
824 1129 993 1213 Regi
1043 1128 1152 1195 uel
1180 1126 1413 1193 Comiti
1464 1126 1870 1195 debebantur
1892 1181 1909 1213 ,
1963 1135 2352 1202 contulimus
2402 1139 2611 1205 eidem

338 1241 644 1307 Ecclesie
675 1248 812 1305 tam
845 1239 931 1304 de
962 1236 1170 1303 vineis
1221 1235 1527 1322 propriis,
1582 1257 1779 1319 quam
1813 1239 2020 1307 eciam
2053 1243 2290 1309 alienis
2323 1245 2389 1311 in
2422 1248 2612 1313 terris

337 1353 637 1437 ipsorum
665 1345 1054 1425 constitutis,
1088 1346 1205 1429 ita,
1239 1344 1413 1430 quod
1447 1344 1529 1410 de
1549 1345 1826 1430 singulis
1849 1349 2266 1432 cybrionibus
2304 1351 2613 1420 dimidius

342 1459 515 1524 ferto
550 1457 984 1544 persolvatur.
1033 1455 1346 1519 Volumus
1378 1452 1587 1519 eciam
1621 1461 1687 1520 et
1717 1456 2079 1541 statuimus,
2116 1460 2291 1544 quod
2322 1463 2634 1549 sepedic-·

344 1575 490 1633 tum
521 1564 990 1629 monasterium
1025 1559 1384 1627 Belefontis
1422 1560 1641 1644 quoad
1669 1561 1772 1628 ius
1805 1571 2188 1649 patronatus
2239 1567 2616 1637 immediate

347 1674 434 1740 ad
484 1675 735 1757 Regem
784 1672 1130 1757 pertineat,
1185 1668 1297 1752 qui
1349 1689 1467 1754 pro
1519 1678 1813 1755 tempore
1870 1671 2064 1739 fuerit
2097 1674 2341 1742 Diuina
2389 1680 2618 1761 gracia

351 1781 764 1849 constitutus.
815 1779 897 1844 Vt
924 1778 1127 1861 igitur
1157 1777 1279 1843 hec
1308 1783 1531 1843 nostre
1581 1776 1968 1845 donacionis
1999 1782 2246 1865 pagina
2278 1783 2617 1852 inuiolabi-

352 1888 503 1954 liter
534 1888 602 1952 in
636 1893 965 1973 posterum
998 1891 1397 1970 perseueret,
1452 1903 1596 1949 eam
1631 1883 1914 1971 duplicis
1947 1887 2150 1973 sigilli
2187 1892 2388 1958 nostri
2420 1894 2622 1961 muni·

356 1995 531 2062 mine
564 1995 838 2061 fecimus
870 1993 1187 2059 roborari.
1222 1993 1467 2058 Datum
1503 1994 1570 2058 in
1596 1995 1807 2060 Sebus
1841 2016 2011 2064 anno
2035 1999 2376 2067 Dominice
2409 2005 2622 2068 Incar-

352 2103 651 2169 nacionis
683 2102 1026 2168 millesimo
1060 2098 1503 2167 ducentesimo
1537 2102 1859 2170 tricesimo
1901 2105 2198 2192 septimo,
2239 2116 2471 2177 octauo
2506 2109 2623 2175 ka-

354 2211 592 2280 lendas
624 2212 664 2277 J
670 2209 809 2295 ulii,
857 2209 1070 2293 Regni
1102 2212 1322 2273 autem
1354 2208 1558 2275 nostri
1591 2229 1762 2278 anno
1795 2211 2103 2280 secundo.

366 2409 458 2475 (V.
486 2405 679 2460 Istvan
701 2403 995 2471 kiralynak
1020 2405 1244 2461 1279-111
1265 2405 1586 2471 megel-&sitii
1606 2406 1989 2475 okmanyabol,
2012 2414 2262 2479 melynek
2280 2431 2315 2465 a
2332 2417 2475 2467 Kw-i
2495 2414 2628 2483 kap-

358 2499 515 2549 talan
539 2494 675 2548 altal
698 2496 855 2547 1386.
883 2494 1096 2547 keszfllt
1121 2493 1322 2549 atii-ata
1348 2496 1659 2548 credetiben
1686 2514 1720 2549 a
1737 2500 1904 2552 budai
1929 2502 1981 2554 k.
2003 2503 2252 2556 kamarai
2276 2503 2627 2557 lsvcltarban.

873 2585 938 2637 V.
960 2591 1009 2638 ὅ.
1034 2583 1198 2652 Fejer
1220 2585 1353 2640 Cod.
1380 2587 1528 2653 Dipl.
1560 2590 1651 2643 IV.
1673 2591 1788 2646 kot.
1816 2596 1864 2646 1.
1890 2609 1932 2644 r.
1960 2594 2046 2645 68.
2069 2595 2127 2662 1.)

1221 2885 1747 2896 ..Ἥ

1459 3361 1569 3427 19.

372 3544 419 3609 l
429 3542 501 3608 V.
537 3541 704 3623 Bela·
735 3540 951 3627 kirdly
982 3544 1188 3628 dtiry‘a
1221 3541 1350 3606 III.
1387 3542 1571 3606 Incze
1590 3543 1913 3628 pdpdnak
1949 3542 2247 3630 bulldjdt,
2287 3542 2569 3631 mclylyel
2599 3568 2642 3609 a

366 3651 841 3743 pannonhalmi
886 3653 1163 3736 updcsdq
1191 3654 1489 3714 aza'mdra
1524 3674 1611 3718 az.
1640 3651 1864 3716 Istvctn
1914 3651 2131 3738 loir-aly
2158 3653 2408 3738 alapito‘
2433 3653 2642 3717 okmd·

1056 3780 1185 3844 aya
1213 3759 1731 3844 meyerlisittetctt.
1765 3761 1959 3825 1237.

599 3955 675 4019 In
707 3954 969 4021 nomine
999 3954 1239 4022 Sancte
1269 3953 1613 4022 Trinitatis
1645 3963 1710 4020 et
1747 3952 2092 4021 Indiuidue
2126 3955 2430 4022 Vnitatis.
2481 3956 2646 4022 Bela

380 4062 513 4132 Dei
541 4063 771 4147 gracia
802 4063 1156 4147 Hungirie,
1187 4062 1525 4147 Croachie,
1564 4063 1926 4148 Dalmacie,
1958 4065 2185 4146 Rame,
2232 4062 2480 4147 Seruie,
2517 4065 2647 4131 Ga·

380 4172 556 4255 licie,
580 4171 984 4254 Lodomerie,
1022 4172 1461 4256 Cumanieque
1487 4174 1627 4240 Rex
1659 4173 1726 4238 in
1759 4180 2167 4259 perpetuum.
2201 4171 2401 4238 Urias
2420 4172 2647 4243 Abbas

382 4281 770 4365 Monasterij
802 4280 1027 4346 Sancti
1055 4281 1319 4347 Martini
1372 4281 1453 4348 de
1486 4279 1689 4346 Sacro
1738 4281 1958 4348 Monte
1998 4278 2335 4348 Pannonie
2385 4301 2429 4346 a
2457 4282 2646 4350 nobis

390 4390 628 4456 deuote
658 4388 860 4474 peciit
907 4387 1244 4474 instanter,
1300 4395 1368 4453 ut
1398 4385 1771 4472 priuilegia,
1804 4406 1932 4470 que
1965 4406 2086 4471 pro
2136 4387 2651 4456 immunitatibus

391 4505 458 4566 ct
510 4496 927 4565 libertatibus
976 4494 1253 4582 predicti
1286 4493 1662 4579 Monasterij
1698 4514 1741 4560 a
1770 4493 1942 4560 Sede
1972 4493 2356 4579 Apostolica
2401 4494 2650 4580 habuit,

390 4604 781 4675 transscribi
806 4603 1193 4685 faceremus,
1250 4609 1314 4668 et
1346 4620 1569 4667 eorum
1602 4601 2007 4688 exemplaria
2054 4600 2258 4668 nostri
2291 4601 2494 4685 sigilli
2538 4600 2656 4668 ka-

392 4725 646 4786 ractcre
677 4710 1094 4778 muniremus
1131 4707 1302 4788 Quia
1334 4728 1480 4777 cum
1499 4708 1870 4793 frequenter
1904 4708 1993 4776 ad
2026 4708 2292 4775 diuersa
2310 4708 2655 4774 trahantur
