3359 5250
1742 351 1873 419 316

1737 910 1892 978 220.

683 1086 742 1161 A
777 1091 1052 1155 csathciri
1079 1093 1449 1158 lconvencnelc
1468 1095 2003 1180 bizonysdqlevele,
2034 1096 2197 1179 hoyy
2222 1096 2289 1159 F
2287 1095 2477 1160 arkas
2497 1097 2748 1181 Miley-i
2776 1096 2949 1160 lakos

958 1202 1155 1265 ottani
1186 1201 1451 1268 birtokdt
1480 1202 1840 1268 rokondnak
1873 1202 2165 1268 Botlmak
2198 1204 2423 1270 eladta.
2464 1203 2659 1268 1250.

897 1395 1035 1464 Nos
1070 1396 1442 1466 Conuentus
1478 1396 1771 1464 Ecclesie
1804 1398 2032 1463 Sancti
2066 1398 2243 1464 Petri
2299 1399 2380 1465 de
2413 1398 2658 1485 Cythar
2701 1398 2943 1483 signifi·

682 1520 907 1571 camus
943 1505 1240 1573 omnibus
1270 1505 1680 1593 presencium
1715 1505 2029 1574 noticiam
2061 1504 2406 1592 habituris,
2461 1507 2635 1593 quod
2668 1508 2949 1575 accessit

682 1611 766 1677 ad
801 1618 1089 1680 nostram
1140 1614 1550 1700 presenciam
1585 1613 1751 1681 Both
1804 1611 1886 1680 de
1918 1614 2081 1680 villa
2115 1613 2333 1699 Miley‚
2385 1623 2448 1682 et
2483 1635 2627 1681 cum
2683 1636 2759 1683 eo
2794 1616 2947 1681 Far·

681 1717 895 1785 casius
920 1717 1086 1786 dixit
1122 1739 1340 1787 coram
1370 1717 1579 1803 nobiS,
1614 1719 1788 1804 quod
1810 1719 2219 1788 uendidisset
2238 1720 2499 1788 vineam
2531 1741 2719 1788 suam
2752 1742 2949 1809 super

681 1833 920 1894 terram
974 1826 1266 1895 eiusdem
1317 1828 1474 1895 ville
1526 1825 1956 1914 adiacentem,
2010 1836 2074 1894 et
2123 1836 2383 1915 partem
2434 1847 2618 1897 suam
2659 1829 2740 1903 de
2777 1830 2949 1897 silua

686 1933 961 2021 Kalro,
1023 1955 1217 2020 quam
1270 1936 1413 2023 ipse
1461 1936 1602 2003 iure
1653 1936 1960 2023 emptieio
2016 1938 2423 2026 possidebat,
2480 1937 2778 2024 Bothony
2826 1959 2946 2026 pro

684 2041 855 2109 iusto
910 2044 1127 2129 precio
1161 2045 1226 2110 in
1275 2051 1659 2133 perpetuum
1713 2044 2163 2132 possidendas.
2219 2048 2302 2112 Et
2334 2067 2417 2113 ne
2467 2046 2707 2131 aliquis
2745 2066 2945 2134 super

684 2150 806 2216 hoc
838 2151 1195 2235 aliquando
1227 2160 1452 2238 posset
1483 2154 1774 2234 aliquam
1809 2153 2394 2221 contradiccionem
2431 2154 2669 2241 facere,
2716 2154 2803 2221 ad
2833 2172 2944 2242 pe—

685 2259 987 2326 ticionem
1038 2261 1354 2348 sepedicti
1384 2260 1694 2346 Farkasij
1733 2269 1799 2327 et
1848 2260 2141 2329 eiusdem
2173 2262 2339 2329 Both
2396 2262 2780 2330 contulimus
2819 2284 2943 2348 pro

682 2367 1055 2438 testimonio
1091 2368 1211 2436 has
1245 2378 1509 2438 nostras
1544 2368 1796 2437 litteras
1830 2369 2030 2454 sigilli
2080 2371 2286 2437 nostri
2319 2371 2752 2459 impressione
2791 2374 2941 2439 insi-

682 2475 920 2561 gnitas.
971 2479 1161 2546 Anno
1218 2480 1439 2565 gracie
1471 2478 1830 2546 M⁰CC⁰L⁰.
1885 2478 2143 2546 Abbate
2176 2479 2426 2566 Blasio,
2474 2482 2743 2547 Decano
2772 2480 2940 2547 Leo-

681 2584 907 2670 nardo,
943 2586 1160 2655 Primo
1195 2586 1486 2657 Sacrista
1528 2587 1980 2657 existentibus.
2084 2657 2089 2668 ,

790 2783 1062 2847 (Eredetie
1083 2785 1426 2854 borhdrtykn,
1452 2785 1902 2855 hartyazsinegon
1924 2792 2094 2857 filggb'
2116 2785 2299 2855 pecs-ct
2321 2787 2459 2840 alatt
2480 2803 2512 2839 a
2534 2788 2695 2839 budai
2726 2787 2827 2838 kir.

1486 2880 1735 2930 kamarai
1754 2876 2133 2944 levsltaetrban.)

1729 3646 1883 3715 221.

991 3830 1312 3895 Bel-chores
1351 3829 1522 3893 Τναιι
1557 3835 1614 3893 c's
1649 3830 1937 3895 Sebenico
1970 3823 2229 3895 va'rosok
2257 3830 2408 3895 ko'zt.
2442 3829 2635 3895 1250.

906 4029 980 4094 In
1013 4026 1273 4094 nomine
1307 4025 1571 4092 Domini
1605 4026 1833 4094 Amen.
1876 4024 2196 4104 Quoniam
2233 4023 2474 4092 iustum
2512 4033 2577 4093 et
2606 4034 2946 4094 consenta-

686 4157 880 4205 neum
914 4135 1171 4221 rationi,
1224 4136 1396 4222 quod
1429 4134 1595 4201 inter
1628 4133 2038 4202 Christianos
2078 4153 2302 4201 omnes
2334 4132 2518 4221 pacis
2549 4134 2780 4202 federa
2810 4156 2946 4203 ser-

686 4256 934 4331 uentur,
970 4252 1036 4312 et
1066 4244 1352 4312 maxime
1384 4243 1551 4310 inter
1583 4242 1961 4310 conuicinas
1984 4241 2306 4328 ciuitates,
2340 4262 2613 4328 quarum
2644 4243 2944 4311 homines

683 4355 1139 4423 necessitatem
1170 4355 1458 4422 habeant
1490 4353 1769 4420 diuersis
1801 4351 1885 4419 de
1917 4352 2137 4420 causis
2172 4349 2253 4420 dc
2288 4372 2415 4419 vna
2448 4350 2534 4418 ad
2566 4351 2766 4420 aliam
2799 4373 2939 4439 pro-

683 4483 951 4552 perare;
988 4485 1134 4531 cum
1168 4469 1230 4529 et
1262 4464 1425 4531 illud
1459 4463 1811 4547 contingat,
1848 4461 2023 4549 quod
2057 4460 2123 4528 in
2157 4460 2608 4547 questionibus
2642 4469 2708 4530 et
2738 4460 2944 4529 disor-

686 4573 816 4658 dijs
865 4572 1199 4660 patiantur
1250 4572 1540 4641 homines
1589 4572 1833 4638 damna
1883 4571 2169 4659 plurima
2213 4580 2278 4639 et
2331 4570 2629 4639 aduersa.
2691 4570 2942 4640 Idcirco

696 4699 820 4751 nos
853 4678 1020 4749 Vido
1039 4681 1498 4769 Traguriensis
1516 4681 1820 4750 Potestas
1852 4688 1918 4749 et
1934 4680 2175 4750 Daniel
2205 4679 2665 4750 Sebenicensis
2686 4679 2941 4768 Comes,
