3359 5250
1408 383 1530 449 141

324 579 568 648 marcis
597 579 862 667 argenti
893 576 1190 647 uendidit
1216 575 1641 666 perhenniter
1670 574 2135 665 possidendas,
2174 584 2242 645 et
2268 596 2591 647 summam

324 687 607 774 pecunie
656 684 1058 755 antedictam
1104 686 1233 755 sibi
1281 683 1573 755 totaliter
1626 682 1837 753 fuisse
1882 683 2305 771 persolutam,
2359 690 2427 753 et
2475 704 2595 754 sex

321 814 653 882 personas
701 793 1159 864 libertinorum
1192 812 1478 880 suorum,
1526 811 1803 879 quorum
1833 790 2164 861 uocabula
2199 798 2390 860 sunt:
2427 791 2595 862 Tho-

323 921 468 970 mas
517 922 670 971 cum
697 900 854 986 filio,
902 896 1139 970 Albert
1166 920 1317 969 cum
1365 899 1526 985 filio,
1566 899 1886 968 Kelemen
1934 906 2003 967 et
2036 898 2329 985 Huswet,
2378 897 2595 968 eidem

326 1009 569 1080 Comiti
600 1007 1028 1094 uendidisset,
1080 1028 1232 1078 cum
1261 1014 1439 1077 terra
1468 1014 1536 1075 et
1564 1006 1784 1076 insula
1815 1006 2232 1095 supradictis.
2280 1007 2366 1075 vt
2394 1006 2595 1094 igitur

324 1116 787 1205 possessiones
817 1114 1310 1203 prenominatae
1341 1114 1578 1184 Comes
1609 1112 1898 1184 Michael
1927 1114 2147 1201 quiete
2178 1120 2246 1183 et
2273 1114 2593 1184 irreuoca-

323 1225 549 1294 biliter
580 1225 807 1294 ualeat
836 1223 1198 1311 possidere,
1250 1229 1319 1292 et
1348 1227 1420 1292 ut
1452 1221 1664 1291 eciam
1696 1222 1946 1293 solucio
1998 1224 2274 1311 pecunie
2304 1242 2423 1311 pro
2470 1222 2592 1290 eis-

324 1331 474 1399 dem
503 1329 1041 1416 possessionibus
1072 1328 1497 1417 solempniter
1523 1327 1721 1414 facta,
1761 1327 1942 1417 apud
1970 1327 2312 1398 mium-sos
2348 1328 2590 1398 habea-

324 1446 428 1508 tur
459 1438 856 1524 manifesta;
905 1445 1244 1525 presentes
1275 1435 1366 1505 ad
1394 1437 1786 1525 peticionem
1818 1435 2110 1522 parcium
2147 1435 2590 1505 concessimus

323 1547 582 1615 litteras
629 1545 834 1632 sigilli
892 1547 1102 1615 nostri
1138 1544 1497 1613 munimine
1527 1546 1892 1614 roboratas.
1942 1546 2116 1614 Joua
2145 1543 2447 1631 Cantore,
2493 1547 2589 1614 Si·

323 1673 538 1738 mone,
571 1653 897 1741 Philippo,
951 1654 1119 1721 Hize
1167 1655 1461 1737 Decano,
1511 1652 1842 1720 Damiano
1888 1650 2187 1737 Notario,
2249 1658 2315 1720 et
2353 1653 2587 1721 ceteris

324 1759 676 1829 Canonicis
725 1761 1179 1830 existentibus.
1226 1761 1465 1829 Actum
1494 1779 1667 1829 anno
1699 1759 1787 1827 ab
1818 1758 2286 1827 Incaruacioue
2326 1759 2588 1828 Domini

325 1867 670 1936 millesimo
703 1867 837 1936 00⁰
855 1866 1365 1954 quadragesimo
1392 1866 1614 1935 tercio.

323 2065 600 2133 (Eredetie
634 2061 985 2133 bssrhartyan,
1021 2063 1244 2132 melyro!
1279 2060 1510 2130 hartyan
1536 2079 1571 2115 a
1597 2059 1858 2129 kkptalan
1894 2057 2133 2128 pecsetje
2158 2061 2311 2129 fiigg,
2358 2079 2393 2116 a
2418 2064 2583 2116 budai

1063 2155 1165 2206 kir.
1191 2154 1441 2207 kamarai
1467 2149 1841 2215 leveltsrban.)

1395 2883 1508 2951 94.

325 3059 382 3125 A
430 3059 972 3148 szekesfehdrva'ri
1019 3061 1466 3147 chptalannak
1517 3061 2066 3150 bizonysdqlevele,
2117 3063 2279 3149 hoyy
2326 3063 2588 3148 Hipolit

324 3168 606 3236 Owknak
619 3168 724 3254 fia
754 3169 977 3234 δνὸῙτὸε
1024 3169 1304 3235 birtokdt
1337 3170 1722 3235 Konstantia
1749 3179 1975 3235 mester
1996 3166 2342 3255 fehe'rvdri
2389 3169 2581 3235 kano-

1078 3274 1333 3341 noknalc
1361 3274 1600 3341 eladta.
1633 3275 1832 3340 1243.

529 3469 921 3538 Vniuersum
950 3467 1262 3536 Albensis
1310 3468 1607 3538 Ecclesie
1636 3468 2017 3555 Capitulum
2072 3470 2393 3556 omnibus,
2447 3472 2582 3557 qui-

321 3578 444 3645 bus
472 3581 817 3663 presentes
870 3576 1084 3644 littere
1133 3580 1508 3663 presentate
1555 3574 1816 3660 fuerint,
1870 3576 2155 3644 salutem
2204 3577 2271 3643 in
2302 3577 2582 3649 Domino

317 3686 804 3771 sempiternam.
855 3683 1154 3753 Noscant
1180 3684 1489 3771 vniuersi,
1541 3683 1717 3769 quod
1749 3680 2071 3751 accedens
2108 3683 2197 3751 ad
2227 3703 2348 3751 nos
2388 3686 2583 3772 Ipoli-

316 3800 420 3860 tus
469 3792 646 3860 filius
679 3790 844 3859 ka
891 3791 1233 3880 proposuit
1282 3811 1506 3860 coram
1535 3791 1729 3861 nobis
1775 3789 1935 3859 uiua
1984 3810 2165 3876 voce,
2219 3790 2395 3877 quod
2437 3812 2584 3862 cum

314 3917 641 3969 consensu
666 3897 893 3966 fratris
922 3898 1026 3967 sui
1057 3898 1269 3984 Pauli,
1322 3897 1433 3985 qui
1462 3898 1674 3965 eciam
1704 3916 1891 3965 suam
1923 3897 2115 3965 nobis
2160 3899 2570 3984 presenciam

315 4008 638 4094 exhibuit,
673 4015 739 4078 et
768 4010 893 4078 hoc
923 4008 1100 4077 idem
1132 4007 1508 4093 affirmauit,
1539 4013 1747 4075 totam
1778 4015 2025 4075 terram
2056 4026 2262 4093 suam,
2302 4028 2423 4076 nec
2453 4030 2584 4077 non

314 4117 608 4186 fenetum
636 4120 704 4183 et
731 4115 947 4183 locum
977 4113 1354 4202 molendini,
1404 4133 1486 4182 ac
1514 4132 1773 4181 omnem
1801 4112 2182 4200 porcionem
2226 4115 2582 4200 possessio·

313 4224 590 4310 uariam,
626 4242 826 4307 quam
856 4223 1149 4292 habebat
1179 4240 1590 4292 communem
1620 4241 1769 4290 cum
1796 4222 2005 4290 fratre
2037 4241 2177 4307 suo,
2211 4240 2327 4290 seu
2360 4242 2478 4309 per
2511 4243 2585 4291 se

318 4331 606 4399 diuisam
656 4331 744 4397 ab
775 4329 1006 4399 eodem
1057 4338 1126 4398 et
1163 4336 1564 4417 separatam,
1613 4328 2023 4397 vendidisset
2068 4349 2187 4416 pro
2236 4329 2583 4399 duodecim

315 4441 560 4507 marcis
589 4438 910 4523 Magistro
932 4437 1368 4508 Constantino
1401 4438 1859 4509 concanonico
1891 4445 2136 4525 nostro,
2176 4439 2367 4509 metis
2400 4440 2583 4509 vndi-

315 4567 444 4633 que
474 4545 765 4631 antiquis
786 4545 1272 4633 consignatam,
1294 4546 1758 4617 commetaneis
1778 4567 1910 4615 uon
1943 4545 2539 4618 contradicentibus
2561 4575 2579 4636 ;

314 4656 662 4744 presertim
690 4674 839 4723 cum
884 4654 1034 4743 ipsa
1064 4655 1398 4744 possessio
1430 4657 1643 4744 magis
1692 4655 1907 4724 affinis
1951 4663 2146 4743 esset,
2199 4664 2267 4725 et
2301 4658 2575 4727 vicinior
