3359 5250
1890 346 2013 413 108
2087 436 2110 446 -

821 541 1053 628 censis,
1107 551 1169 609 et
1202 563 1362 611 uxor
1398 543 1528 609 Bas
1563 543 1835 610 Comitis
1866 541 2302 629 personaliter
2351 561 2494 606 cum
2527 541 2661 610 filio
2709 561 2827 608 suo
2861 539 3070 625 Chak,

821 669 898 716 ac
950 650 1326 738 Capitulum
1374 651 1721 737 prefatum,
1774 672 1815 718 a
1862 650 2051 719 nobis
2100 652 2425 718 instanter
2476 650 2852 737 petierunt:
2898 655 2970 716 ut
3014 650 3071 717 si

819 765 1111 844 possent,
1160 760 1330 826 inter
1360 781 1430 827 se
1473 768 1624 827 ante
1675 779 1997 846 responsa
2045 760 2309 826 testium
2341 779 2603 827 suorum
2650 757 3071 844 composicio·

818 888 964 934 nem
1015 868 1462 936 reformarent.
1515 868 1827 936 Admissa
1859 874 2074 936 autem
2107 889 2330 935 eorum
2380 867 2726 954 peticione,
2767 875 2905 933 tam
2936 868 3066 934 Ma-

817 975 1021 1060 gister
1070 977 1437 1045 Demetrius
1486 997 1628 1044 cum
1686 978 1839 1064 alijs
1890 976 2362 1064 prenominatis
2414 974 2783 1043 hominibus
2804 1025 2823 1059 ‚
2871 995 3068 1058 quam

818 1082 1211 1169 Capitulum,
1261 1087 1347 1152 ad
1387 1106 1508 1153 nos
1557 1086 1924 1171 redeuntes,
1981 1086 2304 1168 dixerunt,
2357 1085 2554 1151 talem
2604 1083 2774 1151 inter
2822 1102 2895 1150 se
2944 1081 3066 1149 sor-

816 1209 1033 1257 masse
1082 1192 1646 1279 composicionem,
1696 1196 1866 1261 utin
1912 1193 2039 1260 fide
2072 1198 2136 1258 et
2186 1191 2515 1259 intellectu
2571 1210 2688 1257 sex
2734 1189 3067 1256 hominum

814 1299 1455 1386 comprouincialium
1488 1302 1752 1371 deberet
1782 1301 2089 1370 satisfieri
2109 1301 2364 1385 utrique
2397 1300 2601 1387 parti;
2635 1319 2914 1384 quorum
2944 1316 3063 1364 sex

816 1407 1146 1477 hominum
1176 1415 1308 1478 tres
1340 1410 1712 1498 Capitulum
1747 1410 1942 1478 debet
1970 1409 2314 1494 adducere,
2351 1407 2658 1476 videlicet
2695 1406 3068 1474 Achilleum

817 1521 883 1582 et
912 1518 1085 1585 Dees
1118 1516 1199 1585 de
1249 1539 1491 1604 genere
1520 1521 1830 1604 Herman,
1884 1524 1949 1584 et
1979 1516 2115 1585 Jak
2145 1517 2230 1584 de
2257 1535 2496 1602 genere
2526 1514 2569 1583 J
2573 1516 2701 1601 ak3
2739 1522 2875 1605 tres
2905 1532 3065 1581 uero

816 1622 933 1710 filij
965 1625 1137 1693 Pons
1186 1632 1251 1691 et
1282 1607 1550 1695 Co‘mitis
1581 1627 1738 1710 Bas,
1792 1625 2041 1693 scincet
2092 1624 2319 1710 Endry
2356 1623 2558 1690 filium
2612 1622 2905 1706 Boehok,
2948 1622 3065 1689 zu-

817 1731 967 1814 dam
1000 1738 1066 1799 et
1095 1732 1333 1802 Sebam
1385 1731 1468 1801 de
1499 1752 1743 1818 genere
1774 1733 1905 1800 Jak
1924 1756 1943 1817 ς
1999 1739 2064 1799 et
2095 1733 2151 1799 si
2198 1750 2426 1800 omnes
2475 1729 2572 1797 illi
2605 1729 3066 1824 sex-homines

816 1840 1129 1910 accedere
1180 1841 1265 1909 ad
1298 1848 1536 1909 terram
1569 1841 1751 1909 illam
1799 1863 1928 1910 non
1960 1846 2251 1927 possent,
2284 1837 2739 1908 nichilominus
2787 1837 2914 1905 duo
2944 1857 3064 1923 pro

816 1947 1139 2035 Capitulo,
1187 1955 1255 2016 et
1286 1950 1413 2019 duo
1462 1971 1579 2038 pro
1609 1948 1765 2035 filijs
1797 1953 1971 2018 Pous
2016 1954 2084 2018 et
2113 1951 2247 2016 Bas
2288 1946 2563 2016 Comitis
2608 1943 2948 2035 accedant,
2998 1951 3065 2014 et

812 2055 912 2124 illi
961 2057 1134 2144 parti
1165 2063 1458 2126 statuant
1504 2064 1749 2126 terram
1782 2058 1924 2127 sine
1973 2058 2197 2144 aliqua
2234 2055 2779 2140 contradiccione,
2832 2051 2938 2120 cui
2971 2054 3061 2121 in·

811 2166 1179 2234 tellexeriut
1208 2186 1353 2236 esse
1384 2168 1821 2255 statuendam,
1843 2167 2213 2254 obligantes
2245 2188 2316 2235 se
2347 2167 2612 2252 insuper
2631 2165 2824 2233 ambe
2840 2170 3062 2250 partes

811 2274 931 2342 tali
964 2275 1194 2362 modo;
1231 2283 1301 2343 ut
1332 2276 1389 2343 si
1421 2296 1551 2361 qua
1583 2297 1740 2364 pars
1789 2274 2085 2345 homines
2118 2297 2237 2363 pro
2271 2296 2343 2343 se
2395 2276 2758 2344 nominatos
2788 2294 2919 2341 non
2950 2271 3061 2339 ad-

815 2381 1096 2466 duceret,
1130 2382 1235 2449 vel
1269 2381 1352 2451 de
1385 2382 1717 2452 intellectu
1758 2383 2073 2450 dictorum
2107 2403 2221 2450 sex
2244 2382 2593 2469 hominum,
2628 2388 2744 2449 aut
2773 2381 3062 2469 ipsorum

814 2496 1108 2576 quatuor,
1159 2491 1327 2560 sicut
1375 2491 1672 2579 superius
1722 2490 1968 2558 dictum
2025 2498 2143 2576 est,
2196 2490 2251 2558 si
2291 2509 2516 2559 omnes
2565 2490 2881 2558 interesse
2930 2510 3062 2558 non

812 2607 1100 2686 possent,
1154 2600 1453 2686 resiliret,
1504 2608 1763 2687 terram,
1819 2619 2014 2688 super
2043 2621 2175 2688 qua
2219 2607 2319 2668 est
2369 2599 2729 2685 contencio,
2779 2597 3060 2684 amittat,

813 2716 881 2775 et
910 2706 995 2776 de
1025 2714 1239 2777 cetero
1272 2729 1467 2797 super
1496 2728 1576 2776 ea
1606 2709 1741 2778 litis
1772 2709 2137 2796 ingressum
2169 2708 2414 2777 habere
2453 2730 2581 2778 non
2611 2708 2843 2796 possit.
2894 2707 3061 2789 Quo·

812 2833 956 2883 rum
1007 2834 1126 2882 sex
1172 2816 1502 2884 hominum
1565 2816 1870 2905 quinque,
1922 2817 2226 2885 videlicet
2271 2818 2475 2902 Zuda,
2527 2818 2761 2886 Comes
2815 2815 3063 2902 Endry‚

811 2923 1166 3009 Achilleus,
1215 2924 1345 2991 Jak
1380 2930 1447 2991 et
1476 2926 1671 3010 DeeS,
1702 2927 1770 2993 in
1802 2926 2083 2995 termino
2116 2947 2158 2993 a
2189 2925 2483 3013 partibus
2515 2927 2850 3010 assignato
2884 2943 3064 2991 acce·

813 3034 1066 3120 dentes,
1098 3032 1453 3102 secundum
1474 3033 1646 3119 quod
1677 3035 1745 3102 in
1766 3034 1999 3103 litteris
2029 3042 2165 3101 tam
2186 3035 2425 3121 sigillis
2445 3034 2731 3122 ipsorum
2753 3031 3060 3121 propriis,

811 3161 1013 3229 quam
1040 3139 1373 3210 Abbatum
1424 3140 1506 3208 de
1538 3139 1670 3209 Jak
1705 3147 1771 3207 et
1802 3141 1885 3208 de
1916 3141 2269 3229 Copurnuk
2316 3141 2634 3228 inpressis
2670 3139 2928 3229 plenius
2959 3158 3061 3205 co·

810 3250 1183 3339 gnouimus,
1229 3257 1472 3318 terram
1522 3249 1987 3336 supradictam,
2044 3249 2214 3317 sicut
2261 3269 2379 3336 per
2431 3268 2503 3316 se
2554 3255 2619 3317 et
2673 3267 2790 3336 per
2838 3266 3063 3316 omnes

811 3359 1378 3445 conprouinciales
1426 3359 1597 3427 scire
1647 3358 1997 3445 potuerint,
2063 3357 2358 3424 Ecclesie
2408 3356 2870 3425 intellexerunt
2920 3374 3066 3424 esse

811 3466 1221 3537 statuendam
1253 3486 1473 3535 coram
1504 3466 2035 3553 procuratoribus
2080 3466 2358 3534 filiorum
2389 3466 2564 3535 Pous
2595 3471 2661 3533 et
2689 3466 2822 3534 Bas
2856 3463 3065 3533 Comi·

808 3577 917 3644 tis.
968 3574 1158 3643 Vnde
1187 3575 1341 3642 licet
1369 3573 1553 3641 iuxta
1603 3574 2150 3661 composicionem
2182 3575 2426 3643 factam
2474 3573 2788 3663 parcium,
2841 3592 3061 3642 secuu-

812 3681 965 3752 dum
1014 3682 1414 3752 intellectum
1467 3681 1784 3750 dictorum
1814 3683 2099 3769 quinque
2147 3681 2480 3750 hominum
2529 3679 2835 3749 satisfieri
2867 3677 3063 3767 Capi·

807 3794 946 3863 tulo
979 3790 1352 3876 debuisset;
1404 3798 1645 3879 tamen,
1683 3789 1983 3876 quamuis
2010 3790 2316 3858 iniuriam
2347 3789 2733 3858 uidebamus
2765 3788 3063 3856 Ecclesie

808 3898 1073 3986 inferre,
1121 3898 1480 3968 secundum
1512 3905 1577 3967 et
1605 3901 1877 3968 tercium
1906 3900 2257 3968 terminum
2287 3898 2774 3986 assignauimus
2807 3898 3064 3983 utrique

809 4008 983 4097 parti
1015 4006 1103 4076 ad
1132 4013 1375 4075 terram
1405 4006 1590 4074 illam
1622 4007 2000 4094 accedendi,
2049 4028 2197 4076 cum
2228 4006 2477 4076 eisdem
2508 4026 2629 4074 sex
2668 4004 3062 4092 hominibus,

807 4118 915 4185 uel
945 4116 1236 4205 ipsorum
1254 4120 1568 4202 quatuor3
1600 4114 1670 4181 in
1702 4116 1937 4201 quibus
1956 4116 2250 4184 terminis
2268 4135 2389 4183 nec
2421 4121 2873 4202 procuratores
2906 4113 3067 4183 filio·

809 4246 948 4295 rum
979 4227 1156 4293 Povs
1203 4228 1272 4289 et
1296 4223 1429 4291 Bas
1482 4222 1756 4292 Comitis
1806 4229 2240 4311 accesserunt,
2292 4243 2413 4291 uec
2464 4222 2759 4289 homines
2812 4242 2933 4310 pro
2985 4240 3064 4289 se

807 4333 1178 4403 nominatos
1229 4330 1318 4400 ad
1349 4338 1590 4399 terram
1619 4331 1803 4399 illam
1837 4330 2270 4400 adduxerunt.
2324 4330 2513 4398 Vnde
2545 4349 2666 4399 nos
2707 4328 3069 4399 secundum

806 4443 942 4513 litis
989 4462 1369 4532 processum
1424 4448 1665 4510 terram
1707 4441 2131 4529 sepedictam,
2184 4448 2375 4529 prout
2419 4438 2684 4508 iustIcia
2733 4436 3071 4524 exigebat,

805 4551 1102 4623 Ecclesie
1130 4552 1479 4622 statuimus
1499 4559 1853 4622 memorate
1882 4572 2003 4640 per
2020 4553 2350 4621 hominem
2376 4558 2673 4621 nostrum
2693 4546 3071 4616 Emericum

805 4661 1016 4734 filium
1061 4661 1358 4755 Bethlem
1409 4661 1491 4736 de
1524 4662 1688 4736 villa
1734 4662 2048 4757 Thelkus,
2099 4668 2309 4738 metas
2357 4680 2566 4740 nouas
2613 4656 3075 4745 circumcaque
