3359 5250
1304 358 1433 438 221

230 569 444 635 metas
475 568 837 637 reambnlet
855 575 920 636 et
949 567 1216 656 easdem
1245 574 1530 654 renonct,
1555 572 1621 635 et
1638 565 1752 635 vbi
1770 586 2040 636 necesse
2071 568 2263 640 fuerit
2285 589 2490 640 nouas

231 674 451 759 erigat
467 725 487 760 ,
538 695 619 742 ac
634 675 1082 762 possessiones
1101 693 1325 742 omnes
1349 673 1683 761 predictas
1700 674 1914 743 eidem
1936 675 2171 743 Comiti
2192 679 2480 764 Pangra·

232 784 337 849 cio
369 789 439 852 et
455 784 593 852 suis
611 785 1098 855 successoribus
1119 783 1471 873 (assignet)
1492 784 1766 871 pacifice
1783 785 2238 872 possidendas,
2272 788 2330 855 si
2361 808 2492 856 non

232 888 436 957 fuerit
455 892 976 979 contradictum;
1016 892 1528 962 contradictores
1553 912 1732 977 vero,
1771 891 1962 978 siqui
1984 893 2239 980 fuerint,
2273 903 2501 964 contra

233 999 522 1067 eundem
570 1001 885 1069 Gemitem
919 999 1355 1085 Pangracium
1405 998 1496 1067 ad
1543 1006 1838 1069 nostram
1887 1000 2043 1069 citet
2091 1004 2499 1089 presenciam

238 1107 329 1173 ad
360 1109 712 1176 terminum
743 1115 1239 1195 competentem,
1277 1114 1344 1176 et
1372 1110 1650 1196 posthac
1679 1108 1856 1176 diem
1893 1109 2254 1199 citacionis,
2288 1111 2502 1179 termi-

235 1236 397 1283 num
428 1216 864 1301 assignatum,
914 1238 995 1284 ac
1024 1218 1294 1287 nomina
1325 1217 1669 1286 citatorum
1702 1225 1767 1286 et
1797 1219 2036 1287 seriem
2076 1220 2235 1288 facti
2267 1220 2502 1289 tocius-

235 1340 367 1406 que
399 1343 744 1410 processus
774 1322 966 1391 nobis
995 1322 1275 1391 fideliter
1303 1323 1701 1393 rescribatis.
1737 1325 1974 1393 Datum
2012 1326 2080 1394 in
2118 1325 2504 1412 AlbaRegia

238 1428 311 1496 in
343 1433 599 1499 octanis
630 1430 1120 1500 Purificacionis
1150 1431 1440 1515 Virginis
1473 1432 1758 1516 gloriose
1789 1453 1959 1502 anno
1996 1435 2258 1503 Domini
2299 1435 2505 1503 mille·

235 1538 407 1605 simo
443 1537 886 1607 ducentesimo
920 1537 1425 1624 quadragesimo
1458 1539 1759 1625 septimo.

445 1735 547 1802 (Az
572 1735 805 1790 emlitctt
831 1733 1205 1806 kdptalannak
1227 1735 1600 1804 ielentescbb'l,
1629 1740 1766 1791 mint
1795 1735 1960 1791 alabb
1998 1742 2111 1790 169.
2139 1758 2212 1791 sz.
2241 1740 2315 1808 a.)

1117 2025 1281 2034 —0--0-
1296 2026 1643 2042 *m

1301 2526 1453 2595 148.

250 2723 297 2793 I
303 2727 374 2794 V.
410 2727 574 2793 Be'la
600 2725 810 2813 kirdly
840 2750 915 2793 az
945 2680 1133 2792 ennck
1162 2726 1425 2813 folytdn
1456 2732 1677 2794 τόνεέπι
1712 2729 2165 2815 Ῑιαιάήάνάεηα
2208 2731 2512 2819 kalapjdn

366 2857 749 2923 uqyanazon
778 2835 1107 2920 Ponqrdcz
1140 2848 1359 2901 comest
1387 2835 1752 2903 hirtokdban
1780 2837 2145 2923 mqerb'u'ti.
2194 2836 2393 2907 1247.

468 3031 637 3099 Bela
678 3030 804 3099 Dei
852 3032 1082 3117 gracia
1129 3030 1485 3118 Hungarie,
1534 3032 1899 3119 Dalmacic,
1950 3032 2239 3120 Croacie,
2289 3038 2511 3123 Ramc,

251 3141 505 3227 Seruie,
541 3138 840 3229 Gallicie,
875 3141 1264 3210 Lodomerie
1295 3141 1738 3228 Cumanicque
1768 3145 1910 3210 Rex
1940 3141 2238 3211 omnibus
2274 3136 2517 3211 Christi

253 3248 559 3318 fidelibus
606 3255 744 3316 tam
791 3249 1206 3336 presentibus
1259 3268 1457 3334 quam
1505 3247 1741 3318 futuris
1792 3254 2157 3335 presentem
2204 3250 2515 3338 paginam

253 3356 657 3447 inspecturis
707 3358 988 3425 salutem
1020 3358 1088 3425 in
1121 3378 1219 3442 eo,
1273 3358 1386 3442 qui
1437 3359 1620 3426 salus
1672 3364 1773 3425 est
1804 3358 2090 3425 omnium
2140 3364 2208 3425 et
2237 3359 2515 3427 medela.

252 3464 545 3536 Prouida
593 3465 929 3533 hominum
978 3467 1312 3552 sagacitas
1366 3463 1706 3533 adinuenit
1754 3472 1821 3533 et
1849 3462 2164 3536 laboriosi
2205 3462 2517 3555 temporis

256 3575 571 3662 angustia
587 3574 834 3663 Spiritu
852 3577 1095 3644 Sancto
1126 3576 1497 3643 lucescente
1528 3573 1650 3644 hoc
1669 3573 1969 3661 instituit,
2009 3583 2081 3641 vt
2099 3576 2372 3661 justicia
2401 3591 2518 3663 per

256 3683 486 3751 mundi
518 3680 790 3749 climata
820 3682 1055 3750 solium
1088 3683 1297 3768 glorie
1326 3688 1567 3768 teneat,
1607 3687 1922 3749 stateram
1962 3688 2173 3765 gestet
2203 3681 2272 3751 in
2303 3701 2517 3769 manu,

259 3791 487 3861 lances
538 3789 874 3878 appendat
922 3811 1087 3876 equo
1139 3791 1503 3875 libramine,
1556 3809 1672 3876 per
1722 3810 1918 3874 quam
1966 3791 2181 3876 Reges
2226 3797 2519 3878 regnent,

257 3920 395 3986 pax
429 3898 675 3984 vigeat,
704 3898 873 3984 elysi
903 3900 1256 3985 erigantur,
1291 3906 1357 3967 et
1386 3898 1730 3967 inferiores
1761 3919 1891 3968 non
1924 3898 2382 3985 depredentur,
2408 3899 2525 3983 jus

256 4026 451 4074 snum
487 4005 834 4091 vnicuiquc
864 4007 1127 4092 tribnat,
1163 4015 1229 4074 et
1257 4004 1425 4074 illud
1474 4003 1650 4091 quod
1679 4002 1925 4090 tribuit,
1976 4005 2063 4072 ad
2102 4011 2393 4073 eternam
2424 3999 2522 4071 rei

256 4114 646 4182 memoriam
697 4114 1196 4199 firmitatemque
1245 4118 1628 4202 perpetuam
1677 4113 2040 4181 litterarum
2088 4111 2376 4201 presidio
2405 4112 2525 4179 ful—

258 4224 417 4291 ciat.
468 4222 644 4289 Hinc
683 4228 805 4307 est,
858 4222 1032 4309 quod
1080 4222 1168 4290 ad
1216 4223 1667 4290 vniuersorum
1718 4221 2026 4291 noticiam
2079 4221 2310 4287 harum
2355 4218 2526 4286 serie

256 4332 573 4400 volumus
606 4330 986 4415 peruenire3
1037 4328 1213 4415 quod
1245 4349 1391 4396 cum
1420 4349 1540 4397 nos
1571 4328 1877 4397 fidelibus
1910 4328 2238 4416 Capitulis
2282 4328 2525 4396 nostris

257 4439 681 4522 dilectisque,
735 4435 1175 4505 Chanadiensi
1226 4437 1477 4505 scilicet
1527 4442 1593 4504 et
1626 4436 1972 4505 Orodiensi
2017 4435 2255 4503 litteris
2287 4435 2527 4501 nostris

258 4545 709 4615 mediantibus
741 4564 868 4613 vno
919 4554 1144 4612 tenore
1177 4544 1585 4611 dedissemus
1615 4542 1688 4608 in
1721 4540 2069 4629 mandatis,
2124 4548 2195 4608 ut
2226 4542 2354 4630 ipsi
2391 4541 2527 4611 ido·

258 4672 428 4720 neos
463 4652 642 4721 viros
675 4650 991 4721 discretos
1023 4652 1103 4720 de
1137 4673 1360 4721 corum
1392 4651 1708 4719 societate
1739 4649 2069 4718 mitterent
2098 4669 2216 4735 pro
2247 4649 2531 4718 testimo-
