3359 5250
1849 357 1935 422 28

763 553 1113 637 diligenter
1140 550 1499 633 intendere,
1532 558 1603 616 vt
1634 548 1887 618 caduca
1914 557 2351 620 transmutent
2369 552 2803 640 sempiternis,
2842 561 2906 622 et
2938 554 3021 621 de

760 679 1137 728 mammona
1184 658 1549 745 iniquitatis
1602 659 1849 728 amicos
1900 659 2216 729 facientes
2238 713 2257 747 ,
2310 680 2457 728 cum
2508 659 2906 746 defecerint,
2957 662 3025 729 in

762 778 991 836 eterna
1017 767 1443 834 tabernacula
1472 767 1678 854 recipi
1710 776 2099 835 mereantur.
2147 769 2291 835 Hac
2320 767 2625 836 nimirum
2658 767 3028 838 considera-

763 876 950 944 cione
998 874 1336 962 prouocati
1369 874 1773 943 Conuentum
1820 875 2283 945 monachorum
2316 874 2811 961 Oystercyensis
2843 876 3032 944 Ordi-

762 983 864 1050 nis
897 983 979 1051 de
1009 982 1403 1051 monasterio
1434 981 1956 1070 Triumpontium
1990 982 2072 1051 de
2105 983 2489 1071 Campanya
2518 983 2588 1050 in
2618 982 3028 1070 Hungariam

764 1091 1118 1159 transmitti
1149 1088 1488 1177 peciimus,
1522 1091 1759 1174 quibus
1779 1091 2011 1178 locum,
2048 1092 2157 1176 qui
2178 1089 2410 1160 Vkurd
2441 1093 2775 1178 wlgariter
2805 1095 3030 1181 appel·

762 1200 959 1283 latur,
992 1199 1082 1265 ad
1112 1197 1492 1265 monasterii
1515 1197 2007 1267 edificacionem
2037 1199 2515 1287 deputauimus,
2548 1205 2613 1266 et
2642 1219 2726 1267 ne
2749 1220 2881 1286 eos,
2918 1201 3031 1286 qui

761 1308 831 1372 in
863 1306 1095 1373 eodem
1145 1306 1292 1374 loco
1322 1305 1464 1374 Deo
1502 1305 1569 1372 in
1618 1305 1962 1391 religionis
2011 1305 2246 1373 habitu
2293 1306 2710 1391 famulantur,
2761 1312 3030 1394 propter

766 1413 1086 1482 defectum
1136 1413 1591 1499 temporalium
1615 1464 1632 1497 ,
1686 1413 1828 1481 siue
1860 1414 2099 1499 quibus
2149 1415 2217 1480 in
2269 1414 2393 1484 hoc
2446 1415 2705 1482 mortali
2757 1433 3026 1502 corpore

764 1521 1100 1590 constituti
1129 1541 1260 1589 non
1290 1526 1567 1606 possunt
1599 1520 1972 1605 sustentari,
2007 1520 2460 1588 detrimentum
2504 1520 2645 1609 pati
2691 1520 3023 1607 continge-

763 1636 882 1715 ret,
921 1627 1243 1716 quasdam
1274 1627 1729 1714 possessiones
1781 1627 1997 1695 eidem
2029 1628 2323 1696 Ecclesie
2363 1628 2750 1696 contulimus
2800 1648 3028 1715 perpe·

763 1743 874 1806 tuo
924 1736 1382 1826 possidendas.
1445 1737 1523 1802 In
1574 1734 1903 1804 Comitatu
1951 1736 2318 1821 Syrimensi
2366 1737 2448 1804 de
2496 1736 3024 1824 possessionibus

766 1843 1181 1913 hereditariis
1231 1842 1557 1931 quondam
1589 1842 1772 1911 Petri
1802 1843 1919 1928 filij
1955 1845 2256 1931 Gurwey,
2307 1864 2433 1928 que
2468 1865 2591 1912 sua
2644 1845 3027 1913 infidelitate

765 1952 1088 2039 exigente,
1145 1950 1302 2038 quia
1333 1951 1579 2018 crimen
1610 1952 1747 2018 lese
1779 1951 2145 2020 Maiestatis
2198 1961 2470 2019 matrem
2521 1958 2812 2021 nostram
2861 1952 3026 2021 occi-

770 2061 981 2129 dendo
1015 2060 1453 2144 commiserat,
1486 2060 1573 2126 ad
1606 2079 1840 2126 manus
1872 2059 2115 2143 Regias
2147 2058 2409 2127 fuerunt
2440 2060 2780 2145 deuolute;
2829 2059 3024 2146 inpri-

765 2170 891 2235 mis
921 2168 1137 2254 ipsum
1169 2167 1403 2252 locum,
1434 2167 1549 2233 vbi
1578 2167 2045 2235 monasterium
2067 2175 2168 2234 est
2200 2173 2656 2250 constructum,
2691 2166 2801 2251 qui
2823 2175 3020 2234 antea

766 2274 1018 2358 Vkurd,
1053 2274 1169 2342 sed
1201 2273 1393 2342 modo
1426 2274 1733 2342 Belefons
1765 2275 2157 2362 appellatur,
2208 2295 2353 2341 cum
2386 2275 2684 2342 omnibus
2717 2274 2852 2340 suis
2882 2293 3024 2361 per-

767 2383 1090 2467 tinenciis,
1124 2383 1376 2450 scilicet
1407 2383 1639 2468 vineis,
1675 2382 1886 2470 silvis,
1921 2383 2102 2468 agris
2135 2390 2200 2449 et
2231 2383 2459 2470 pratis,
2498 2389 2563 2450 et
2592 2383 2784 2451 terris
2815 2381 3028 2449 arabi-

767 2491 958 2574 libus,
1014 2509 1161 2557 cum
1194 2495 1383 2576 parte
1414 2490 1703 2557 Danubii
1732 2490 1994 2558 fluentis
2028 2510 2224 2577 super
2256 2500 2495 2559 terram
2527 2490 2730 2575 illam,
2782 2496 2846 2556 et
2877 2509 3024 2556 cum

761 2598 995 2685 viginti
1046 2602 1335 2683 quinque
1365 2596 1545 2666 villis
1579 2599 1702 2667 sub
1732 2619 1863 2666 vna
1895 2604 2067 2666 meta
2105 2597 2558 2683 existentibus,
2610 2617 2886 2682 quarum
2917 2616 3025 2663 no·

764 2707 943 2772 mina
976 2715 1127 2773 sunt
1157 2707 1319 2774 hec:
1356 2707 1519 2773 villa
1541 2706 1890 2790 Comouch,
1925 2706 2087 2773 villa
2119 2706 2367 2788 Chuda,
2397 2704 2560 2772 villa
2578 2705 2830 2788 Achad,
2862 2705 3027 2771 villa

764 2814 1333 2900 Theutonicorum,
1384 2815 1548 2881 villa
1584 2814 1889 2898 Bratach,
1921 2815 2084 2882 villa
2114 2813 2336 2899 Incud‚
2387 2816 2550 2882 villa
2581 2816 2813 2898 Lazar,
2863 2815 3027 2881 villa

767 2922 1017 3005 Vkurd,
1071 2922 1200 2990 due
1229 2924 1387 2990 ville
1415 2924 1788 3006 Monorous,
1839 2923 2001 2989 villa
2031 2923 2357 3007 Lesemer,
2412 2923 2572 2990 viila
2607 2922 2810 3004 Luaz,
2864 2922 3028 2988 villa

769 3027 1087 3115 Cherwet,
1123 3030 1282 3097 villa
1317 3029 1578 3114 Erdeol,
1618 3030 1780 3097 villa
1811 3031 2140 3112 Warolea,
2192 3036 2258 3096 et
2287 3029 2465 3124 villa⁴
2484 3030 2710 3115 Furny
2740 3049 2886 3095 cum
2935 3031 3028 3096 in-

768 3139 938 3223 sula,
972 3136 1135 3206 villa
1166 3138 1421 3205 Perben
1470 3158 1614 3205 cum
1647 3140 1908 3224 piscina
1939 3139 2135 3222 bona,
2188 3143 2254 3203 et
2283 3137 2521 3222 viginti
2554 3137 2811 3205 duabus
2848 3157 3024 3203 man·

768 3246 1059 3314 sionibus
1109 3265 1447 3313 servorum
1497 3247 1920 3332 piscatorum,
1971 3244 2133 3311 villa
2184 3244 2490 3331 Scepfolu
2513 3295 2530 3328 ,
2582 3244 2745 3311 villa
2795 3244 3026 3328 Oziun,

767 3350 930 3419 villa
947 3351 1273 3440 Har-anch,
1290 3352 1455 3419 villa
1471 3351 1728 3437 Pokoy,
1741 3352 1901 3419 villa
1919 3350 2275 3436 Bratycha,
2296 3351 2459 3419 villa
2478 3349 2846 3437 Comolous,
2867 3352 3026 3419 villa

766 3461 983 3544 Stenc,
1027 3459 1189 3526 villa
1223 3460 1482 3546 Oyfolu.
1532 3459 1718 3526 Licet
1749 3458 1922 3526 enim
1956 3482 2075 3548 pro
2108 3460 2395 3530 remedio
2429 3461 2644 3528 anime
2674 3462 3027 3530 karissime

768 3567 995 3634 matris
1019 3572 1470 3635 nostreomnes
1488 3565 1944 3652 possessiones
1965 3568 2204 3655 prefati
2226 3568 2419 3651 Petri,
2442 3568 2626 3636 cuius
2647 3569 3026 3637 detestabili
3122 3602 3131 3611 ·

769 3674 1038 3744 crimine
1065 3674 1279 3742 fuerat
1310 3672 1671 3759 interfecta,
1706 3675 1831 3742 Dei
1851 3675 2165 3743 Ecclesiis
2196 3675 2474 3745 conferri
2505 3675 2830 3763 ydoneum
2864 3679 3025 3745 exti-

769 3781 962 3850 tisset
991 3781 1507 3867 racionabiliter,
1538 3781 1660 3849 has
1692 3790 1913 3850 tamen
1932 3781 2002 3850 in
2032 3791 2416 3870 perpetuam
2449 3785 2874 3853 elemosinam
2904 3803 3024 3869 pro

767 3890 1211 3978 redemptione
1242 3896 1656 3977 peccatorum
1676 3890 1896 3958 anime
1924 3897 2063 3957 tam
2094 3891 2325 3977 ipsius,
2361 3912 2558 3975 quam
2590 3898 2827 3976 nostre,
2851 3890 3028 3958 dedi-

768 4018 912 4066 mus
942 3997 1243 4066 Ecclesie
1272 3995 1664 4084 supradicte.
1721 3996 2128 4066 contulimus
2162 3999 2370 4065 eciam
2401 3998 2468 4064 in
2497 3997 2736 4066 Sirmia
2782 4007 3028 4066 terram

764 4106 995 4176 Narad
1042 4127 1187 4174 cum
1238 4105 1543 4174 omnibus
1592 4106 2041 4194 prouentibus,
2103 4105 2413 4173 videlicet
2460 4106 2668 4188 siluis,
2721 4112 2786 4173 et
2832 4106 3026 4173 terris

766 4216 980 4298 cultis,
1033 4223 1099 4283 et
1126 4215 1412 4298 incultis,
1464 4214 1673 4298 aquis,
1728 4220 1794 4281 et
1822 4212 2053 4301 pratis.
2087 4213 2405 4282 Dedimus
2439 4214 2650 4281 eciam
2699 4214 2911 4281 eidem
2959 4214 3028 4282 in

764 4322 1014 4391 Petend
1046 4331 1192 4392 octo
1244 4322 1620 4391 mansiones
1674 4340 2008 4391 seruorum
2042 4323 2397 4390 vinitorum
2447 4342 2592 4389 cum
2624 4323 2815 4389 terris
2866 4323 3026 4405 suis,

766 4438 832 4499 et
858 4429 1143 4514 quinque
1162 4431 1393 4498 vineas
1412 4448 1612 4517 super
1642 4436 1820 4499 terra
1840 4430 2145 4520 Nycolay
2162 4429 2279 4498 filii
2299 4429 2605 4516 Teodori,
2642 4450 2808 4515 quas
2828 4429 3024 4496 iidem

764 4538 1078 4607 vinitores
1108 4543 1407 4606 tenentur
1431 4539 1665 4624 colere,
1700 4545 1767 4605 et
1795 4536 2200 4607 vindemiare
2221 4539 2563 4607 annuatim
2582 4538 2671 4606 ad
2699 4539 3026 4624 integrum

764 4646 833 4713 in
863 4645 1145 4733 propriis
1194 4645 1578 4732 sumptibus,
1628 4654 1695 4712 et
1727 4646 1946 4712 vinum
1994 4643 2347 4713 earundem
2378 4644 2715 4714 vinearum
2767 4654 3030 4733 portare
