3359 5250
1684 324 1817 393 180

1670 880 1825 950 116.

605 1067 707 1134 ΑΖ
726 1068 1090 1154 eszterqami
1121 1063 1553 1153 kdptalannak
1570 1064 2106 1152 bizonysdqlevele,
2125 1065 2289 1152 hoqy
2309 1064 2714 1153 Deychennek
2743 1065 2876 1151 neje

607 1174 946 1240 Benedicta
967 1174 1093 1240 elea
1103 1172 1361 1258 sdtje'tdl
1377 1172 1533 1258 jdro'
1568 1173 1795 1238 Ῑιίτόόνο
1814 1171 2195 1238 tekintete'ben
2224 1172 2636 1260 kieldyioeetea.
2679 1173 2875 1239 1244.

819 1370 960 1438 Nos
995 1371 1228 1437 Petrus
1270 1365 1354 1437 de
1384 1368 1592 1437 Peren
1623 1365 1841 1436 Judex
1862 1365 2052 1435 Curie
2081 1367 2497 1437 serenissimi
2528 1377 2594 1438 et
2622 1369 2874 1455 Magni-

607 1478 713 1546 fici
735 1477 1075 1565 Principis,
1109 1475 1361 1547 domiui
1386 1475 1789 1562 Sigismundi
1821 1477 1969 1564 stb.,
2005 1476 2181 1563 quod
2213 1498 2362 1546 cum
2393 1478 2478 1547 ob
2510 1478 2869 1549 contradic-

606 1586 844 1654 toriam
875 1584 1340 1655 inhibicionem
1360 1583 1742 1654 statucionis
1774 1583 2144 1654 medietatis
2177 1585 2673 1674 possessionum
2692 1585 2870 1671 Ekly

609 1702 675 1761 et
733 1694 1027 1763 Zakalos
1075 1700 1456 1762 vocatarum
1510 1692 1578 1759 in
1631 1692 1959 1763 Comitatu
2008 1693 2531 1763 Komaromiensi
2590 1693 2871 1762 existen·

607 1802 803 1889 cium,
827 1802 1113 1872 Thomas
1139 1801 1314 1870 filius
1334 1801 1583 1870 Thome
1602 1801 1687 1869 de
1704 1800 2058 1871 Werehtiw
2075 1802 2117 1870 J
2120 1801 2447 1871 ohannem
2466 1803 2669 1871 filium
2691 1803 2866 1889 Ekly

608 1917 837 1978 contra
868 1931 942 1979 se
972 1911 1249 1999 Regiam
1300 1911 1367 1978 in
1399 1911 1807 1998 presenciam
1838 1910 1926 1978 ad
1960 1917 2207 1980 certum
2238 1911 2581 1979 terminum
2620 1913 2687 1978 in
2720 1931 2868 1978 cau-

608 2040 751 2086 sam
781 2020 1168 2088 attraxisset
1197 2018 1304 2108 (az
1336 2019 1604 2106 flgynek
1635 2017 2026 2106 targyalasa
2062 2018 2192 2105 „ad
2221 2027 2556 2106 presentes
2595 2027 2866 2090 octauas

605 2126 757 2196 festi
785 2129 974 2197 Beati
1004 2128 1344 2197 Michaelis
1375 2124 1819 2215 Archangeli“
1854 2128 2417 2216 elhalasztatvan3
2464 2129 2673 2197 Janos
2702 2128 2866 2197 mint

609 2236 863 2323 alperes
894 2237 1177 2306 reszerol
1199 2246 1267 2307 ot
1295 2236 1592 2325 okmany
1608 2234 2028 2320 felhozatik).
2062 2274 2148 2286 —
2181 2274 2270 2286 —
2300 2236 2538 2305 Tereia
2552 2237 2863 2326 ipsarum,

607 2343 915 2414 videlicet
962 2344 1245 2434 Capituli
1294 2346 1765 2433 Strigoniensis
1817 2346 2036 2413 littera
2083 2366 2256 2415 anno
2310 2346 2496 2415 verbi
2541 2345 2864 2415 incarnati

607 2452 950 2521 millesimo
982 2452 1424 2522 ducentesimo
1444 2454 1951 2541 quadragesimo
1976 2462 2209 2541 quarto
2233 2455 2506 2524 suborta
2538 2476 2658 2526 nos
2691 2461 2866 2525 eate-

607 2581 730 2629 nus
779 2559 1113 2650 edocebat,
1165 2563 1340 2649 quod
1370 2564 1687 2651 Deychen
1736 2560 1821 2634 de
1849 2563 2087 2651 Nitria,
2127 2564 2505 2652 Weychych
2553 2571 2623 2634 et
2651 2564 2863 2632 Adam

610 2669 693 2737 de
723 2670 874 2737 Aba
919 2690 1003 2737 ex
1034 2691 1164 2738 vna
1194 2677 1418 2759 parte3
1475 2678 1541 2740 et
1572 2670 1805 2740 Comes
1835 2672 2134 2740 Andreas
2182 2671 2269 2741 de
2299 2672 2476 2759 Ekly
2520 2693 2605 2741 ex
2636 2673 2862 2760 altera,

608 2776 696 2844 ad
722 2777 929 2864 ipsius
964 2777 1247 2865 Capituli
1277 2778 1750 2863 Strigoniensis
1780 2777 2154 2848 accedendo
2194 2779 2641 2865 presenciam3
2690 2777 2864 2847 idem

608 2884 938 2973 Deychen,
990 2885 1369 2974 Weychych
1420 2892 1486 2953 et
1531 2888 1747 2955 Adam
1798 2886 2079 2955 confessi
2130 2886 2449 2974 fuissent,
2494 2887 2675 2974 quod
2720 2908 2863 2955 cum

603 2993 817 3081 ipsum
847 2990 1179 3061 Andream
1235 2993 1551 3063 Comitem
1603 3013 1804 3081 super
1835 2993 1988 3062 dote
2037 2993 2300 3063 domine
2331 2995 2684 3065 Benedicte
2734 2994 2865 3063 filie

603 3101 845 3190 Philip,
895 3108 1049 3169 tune
1080 3101 1303 3170 vxoris
1352 3102 1511 3171 dicti
1558 3102 1894 3188 Deychen,
1946 3121 2071 3187 que
2118 3103 2328 3190 primo
2376 3101 2611 3171 fuisset
2660 3111 2865 3190 nupta

603 3208 839 3278 Kethel
874 3208 1062 3277 fratri
1093 3207 1355 3277 Andree
1407 3209 1679 3279 Comitis
1731 3209 2191 3299 prenominati,
2234 3231 2455 3280 coram
2503 3210 2863 3280 venerabili

605 3324 796 3406 patre
842 3317 1174 3403 Stephano
1208 3317 1729 3408 Arehiepiscopo
1775 3319 2091 3388 traxisset
2140 3320 2207 3386 in
2240 3340 2551 3406 causam;
2601 3321 2864 3388 tandem

605 3430 835 3494 contra
868 3423 1133 3491 eosdem
1165 3424 1508 3493 conuictus
1539 3424 1788 3512 fuisset,
1842 3425 2013 3495 sieut
2048 3427 2224 3496 idem
2255 3427 2627 3516 Capitulum
2667 3429 2732 3495 in
2765 3428 2866 3495 lit·

603 3534 759 3602 teris
785 3528 1514 3622 ipsius'Archiepiseopi
1546 3532 1824 3602 vidisset
1854 3535 2194 3624 contineri,
2227 3557 2427 3625 super
2447 3537 2681 3605 eadem
2712 3537 2864 3606 dote

605 3646 908 3728 presente
927 3640 1249 3709 Michaele
1276 3641 1599 3729 pristaldo
1621 3661 1842 3712 eorum
1866 3643 2302 3712 satisfecisset
2339 3664 2485 3711 cum
2512 3646 2862 3731 sexaginta

603 3747 887 3816 marchis
917 3768 1138 3816 coram
1170 3749 1336 3836 ipso,
1373 3757 1439 3818 et
1474 3748 1602 3839 ipsi
1635 3751 1972 3838 Deychen,
2011 3752 2341 3839 Weythyh
2373 3760 2441 3821 et
2470 3752 2685 3821 Adam
2716 3775 2862 3823 eon·

600 3857 763 3927 fessi
790 3856 1086 3944 fuissent,
1121 3857 1343 3945 utsibi‚
1400 3864 1465 3928 et
1496 3858 1626 3948 ipsi
1656 3858 1935 3948 domine,
1971 3860 2206 3930 fuisset
2235 3863 2530 3950 plenarie
2568 3863 2863 3931 satisfac·

601 3974 740 4035 tum
771 3966 897 4036 stb.
929 3967 1173 4035 Datum
1199 3967 1385 4037 Bude
1416 3969 1526 4037 39.
1551 3968 1656 4037 die
1690 3975 2070 4040 octauarum
2089 3971 2280 4041 Beati
2299 3972 2643 4041 Michaelis
2662 3971 2862 4039 Arch-

605 4075 824 4162 angeli
860 4094 1030 4143 anno
1063 4075 1326 4146 Domini
1357 4078 1448 4145 M⁰
1468 4075 1713 4145 0000θ
1733 4077 2016 4147 XX0110.

603 4273 774 4341 (Ezen
814 4273 1199 4329 itelfflevelnek
1240 4276 1479 4331 eredetie
1506 4294 1541 4331 a
1567 4276 1738 4331 budai
1767 4279 1870 4330 kir.
1911 4278 2156 4333 kamarai
2194 4276 2550 4333 leveltfirban.
2588 4280 2656 4333 V.
2677 4286 2725 4333 δ.
2752 4279 2862 4333 Ok-

710 4362 1075 4433 mannan-nuk
1098 4363 1347 4441 maeodik
1372 4364 1724 4435 folyamaraak
1748 4369 1778 4420 1
1818 4366 1932 4422 kat.
1961 4369 2086 4423 29⁷.
2110 4384 2183 4422 ss.
2211 4367 2268 4422 es
2293 4371 2368 4422 Π.
2400 4370 2515 4424 ket.
2546 4371 2631 4423 98.
2664 4368 2764 4442 se.)
