3359 5250
1781 357 1913 427 256

709 559 975 645 poribus
1005 555 1438 644 perfruantur.
1492 555 1581 621 Vt
1612 561 1832 621 autem
1863 554 1982 622 hec
2013 575 2054 621 a
2083 553 2273 623 nobis
2306 552 2486 620 facta
2526 550 2799 621 collacio
2832 569 2974 617 sew

714 666 1089 735 collacionis
1145 687 1185 732 a
1232 671 1421 752 patre
1474 671 1696 733 nostro
1744 664 1918 731 facte
1969 664 2380 731 confirmacio
2431 663 2627 731 robur
2677 661 2978 748 optineat

712 776 1062 862 firmitatis,
1122 793 1243 841 nec
1273 774 1427 841 vllis
1459 794 1748 860 vnquam
1800 772 2200 860 temporibus
2233 771 2457 840 ualeat
2486 772 2556 838 in
2596 769 2848 838 irritum
2880 787 2975 833 re·

710 884 956 971 uocari,
1008 889 1342 971 presentes
1396 890 1657 951 nostras
1708 881 1961 949 litteras
1994 900 2193 969 super
2242 881 2392 967 ipsa
2438 878 2800 947 collacione
2831 894 2973 944 sew

709 990 1207 1062 confirmacione
1257 990 1343 1059 de
1394 999 1616 1060 nostro
1683 990 1993 1058 mandato
2043 988 2375 1059 confectas
2422 989 2491 1056 in
2553 986 2976 1076 priuilegium

704 1108 1088 1191 perpetuum
1138 1099 1473 1189 dupplicis
1507 1100 1711 1189 sigilli
1763 1101 1970 1169 nostri
2004 1099 2357 1169 munimine
2385 1097 2654 1166 fecimus
2693 1116 2975 1165 commu-

710 1211 859 1279 niri.
892 1213 1137 1280 Datum
1170 1209 1348 1298 apud
1377 1209 1633 1278 Waska
1666 1230 1836 1279 anno
1870 1208 2213 1278 Dominice
2242 1204 2730 1308 Incarnacionis
2769 1204 2975 1272 mille-

712 1319 879 1388 simo
911 1319 1354 1388 ducentesimo
1404 1318 1911 1407 quadragesimo
1945 1326 2198 1403 octauo,
2251 1315 2464 1400 Regni
2494 1321 2713 1383 autem
2763 1313 2975 1383 nostri

709 1448 882 1498 anno
929 1427 1412 1498 terciodecimo.

811 1627 880 1699 (A
907 1627 1107 1698 kiralyi
1134 1628 1477 1697 szemelynbk
1510 1629 1735 1682 use-ki
1762 1626 1918 1681 itelet
1944 1626 2213 1681 levelebssl
2242 1641 2274 1677 a
2300 1624 2468 1678 budai
2495 1626 2595 1677 kir.
2625 1626 2874 1678 kamarai

1657 1717 2036 1789 leveltarban.)

1770 2456 1921 2525 179.

717 2641 763 2706 Ι
772 2641 837 2708 V.
886 2640 1047 2706 Be'la
1091 2639 1424 2727 kirdlynak
1478 2640 1608 2727 Pyr
1653 2641 2006 2727 helysefyben
2058 2641 2190 2705 Ζέυό
2229 2639 2623 2705 rdszbirwkot
2673 2643 2976 2724 tdrqyazo'

1055 2750 1413 2837 adomdnya
1461 2750 1703 2838 Weyteh
1731 2756 1890 2818 nevit
1918 2752 2055 2817 hive
2086 2751 2397 2817 szdmdra.
2429 2748 2626 2815 1248.

928 2944 1090 3014 Bela
1120 2946 1246 3014 Dei
1295 2947 1541 3034 gracia,
1575 2948 1937 3034 Hungarie,
1990 2947 2357 3032 Dalmacie,
2396 2945 2689 3031 Croacie‚
2746 2947 2976 3029 Rame,

713 3050 959 3139 Seruie,
991 3052 1289 3139 Gallicis,
1321 3054 1728 3141 Lodomerie,
1764 3056 2206 3143 Cumanieque
2227 3055 2370 3122 Rex
2389 3054 2712 3122 vniuersis
2734 3052 2978 3120 Christi

714 3159 1018 3228 fidelibus
1055 3168 1425 3249 presentem
1457 3163 1767 3250 paginam
1806 3163 2195 3251 inspecturis
2228 3162 2510 3230 salutem
2540 3170 2607 3230 et
2636 3181 2831 3231 omne
2861 3162 2974 3229 bo-

715 3288 892 3336 num.
930 3269 1112 3337 Sicut
1141 3267 1374 3339 honori
1405 3272 1615 3358 Regio
1634 3271 1850 3340 fidelis
1884 3272 2236 3341 famulatus
2256 3271 2652 3340 subditorem
2685 3269 2979 3357 impendi

714 3376 911 3445 debet
951 3377 1188 3463 iugiter
1221 3383 1285 3445 et
1317 3379 1642 3466 expendi;
1695 3379 1789 3448 sic
1819 3379 2025 3467 Regie
2056 3380 2625 3468 circumspeccioni
2676 3378 2981 3447 conuenit

716 3483 853 3553 suis
901 3484 1182 3554 subditis
1213 3486 1282 3553 in
1332 3486 1586 3556 defectu
1618 3489 1910 3576 ipsorum
1953 3489 2310 3559 liberaliter
2342 3508 2575 3557 manus
2627 3486 2980 3555 extendere

712 3593 1065 3679 largitatis.
1118 3595 1401 3665 Proinde
1433 3596 1521 3664 ad
1551 3597 2002 3666 universorum
2035 3597 2342 3666 noticiam
2372 3603 2508 3664 tam
2545 3594 2973 3683 presencium,

716 3721 913 3786 quam
945 3701 1302 3772 futurorum
1351 3705 1648 3773 uolumus
1698 3708 2079 3795 peruenire3
2129 3705 2307 3791 quod
2337 3726 2485 3774 cum
2535 3723 2656 3774 nos
2691 3711 2980 3790 tempore

711 3811 1196 3897 persecucionis
1246 3814 1665 3887 Tartarorum
1727 3815 1997 3883 articulo
2054 3813 2468 3883 necessitatis
2520 3813 2837 3903 compulsi
2891 3813 2982 3880 ad

712 3917 1076 3988 maritimas
1109 3928 1335 4008 partes
1387 3922 1923 4009 declinassemus,
1975 3923 2266 4010 perrexit
2298 3922 2509 3991 eciam
2542 3920 2880 3989 nobiscum
2913 3926 2980 3985 et

711 4026 1029 4093 remeauit
1060 4027 1344 4116 Weyteh
1373 4028 1549 4097 filius
1586 4029 1807 4099 Mikus
1840 4030 1923 4097 de
1953 4030 2113 4098 uilla
2144 4033 2279 4117 Pyr
2328 4029 2411 4098 de
2444 4028 2771 4098 Comitatu
2801 4029 2980 4095 Hun-

710 4133 882 4201 tensi
930 4134 998 4200 in
1032 4137 1220 4220 equis
1254 4143 1320 4204 et
1350 4138 1553 4208 armis
1593 4139 1752 4226 suis,
1805 4147 1870 4206 et
1901 4140 1993 4207 ibi
2025 4159 2243 4207 coram
2276 4140 2482 4208 oculis
2530 4147 2750 4207 nostre
2782 4137 2983 4205 Maie-

712 4240 904 4310 statis
935 4239 1386 4312 fidelissimum
1418 4246 1610 4314 nobis
1640 4252 1706 4313 et
1737 4257 1996 4333 gratum
2018 4248 2269 4315 exibuit
2299 4247 2647 4316 seruicium
2683 4283 2757 4294 —
2802 4283 2877 4293 —
2916 4250 2984 4313 et

710 4350 870 4436 quia
897 4350 1066 4418 tanti
1107 4389 1179 4399 —
1226 4390 1298 4400 —
1343 4391 1416 4401 —
1463 4392 1536 4401 —
1575 4356 1851 4441 Regiam
1884 4355 2071 4424 decet
2100 4355 2511 4424 Maiestatem
2536 4373 2976 4440 remunerare,

711 4458 932 4543 ipsum
979 4458 1260 4545 Weyteh
1309 4462 1378 4529 in
1417 4461 1764 4548 collegium
1815 4470 1881 4530 et
1928 4482 2264 4532 numerum
2310 4464 2654 4550 Regalium
2704 4464 2983 4531 seruien-

716 4565 890 4632 cium
924 4572 1307 4658 nostrorum,
1341 4577 1408 4638 et
1438 4570 1526 4638 ad
1557 4578 1849 4640 nostram
1881 4573 2244 4660 recepimus
2279 4573 2576 4658 graciam
2601 4571 2982 4659 specialem,

710 4672 1068 4743 eximentes
1126 4679 1340 4765 ipsum
1393 4680 1477 4747 ab
1528 4677 1746 4748 officio
1800 4687 1866 4748 et
1915 4682 2298 4752 condicione
2349 4680 2786 4769 piscacionis;
2858 4679 2970 4765 qui
